2381 3723
163 109 292 177 252
952 110 1456 193 FRAGMENTA.
2173 114 2258 169 62

299 266 396 326 10.
447 265 595 326 Erat
622 264 831 342 opinio
864 265 1027 326 bona
1058 265 1136 324 de
1171 264 1428 335 Planco,
1473 262 1639 323 bona
1669 260 1747 320 de
1777 258 2030 336 Lepido.
2093 273 2244 340 [No-

169 350 402 477 ΠΜΒΜΡ.
437 347 746 478 tg5e6thaec
782 376 1162 493 ’νίᾱεὺίιῐιιιμ
1206 433 1392 492 quum
1426 416 1606 490 legati
1651 429 1957 490 responsa
2000 412 2252 472 rettule-

169 501 308 561 rint.
376 515 536 582 [Idem
572 532 626 582 p.
663 515 811 582 380]

301 597 395 657 12.
443 598 556 674 Qui
584 598 637 660 si
680 598 823 659 nihil
856 599 934 658 ad
964 597 1026 657 id
1043 596 1419 658 beneficium
1449 595 1744 669 adderes,
1777 611 1900 671 quo
1924 609 2038 670 per
2065 602 2126 658 te
2145 609 2254 655 me

174 697 296 742 una
327 697 466 742 cum
498 698 568 741 re
601 681 929 758 publicam
960 682 1296 742 libertatem
1326 678 1760 741 vindicassem.
1828 692 1988 759 [idem
2016 707 2065 758 p.
2096 687 2242 755 419]

305 778 402 840 13.
449 780 626 855 Quod
671 779 812 839 mihi
853 786 916 840 et
940 778 1216 855 Philippo
1251 776 1631 838 vacationem
1662 777 1804 851 das,
1845 773 1942 836 bis
1974 775 2245 850 gaudeo.

174 862 322 922 Nam
355 869 416 923 et
444 862 788 938 praeteritis
822 860 1093 939 ignoscis
1126 868 1187 921 et
1218 859 1511 923 concedis
1548 862 1768 922 sutura.
1838 872 2002 942 [ulem
2023 867 2255 939 p.436.1

307 961 402 1020 14.
444 960 648 1022 Pridie
686 962 892 1022 Nonas
937 958 1299 1020 Februarias
1347 976 1535 1035 quum
1572 959 1649 1019 ad
1695 965 1752 1019 te
1777 954 2026 1018 'litteras
2065 971 2251 1016 mane

178 1044 520 1119 dedissem,
563 1044 871 1119 descendi¹
891 1044 968 1103 ad
1004 1045 1203 1104 forum
1235 1049 1511 1120 togatus,
1556 1059 1741 1117 quum
1774 1041 1987 1116 reliqui
2022 1056 2252 1101 consu·

178 1129 338 1189 lares
371 1128 568 1205 sagati
606 1130 832 1189 vellent
865 1127 1266 1188 descendere.
1339 1138 1498 1208 [mem
1534 1158 1587 1208 p.
1625 1139 1771 1205 538]

814 1271 889 1308 An
929 1270 1152 1309 nuum-:M
1190 1271 1361 1310 Eplsr.
1408 1271 1513 1309 Lm.
1555 1271 1610 1309 11.

310 1364 364 1422 1.
414 1361 539 1422 Sed
565 1361 648 1421 ita
682 1362 927 1424 locutus
964 1363 1200 1425 insulse
1238 1371 1363 1437 est,
1408 1371 1473 1426 ut
1508 1364 1723 1424 mirum
1760 1369 2010 1424 senatus
2043 1360 2253 1423 convi-

181 1445 340 1508 cium
380 1445 711 1520 exceperit.
785 1457 1047 1524 [Nonius
1087 1476 1131 1526 p.
1169 1459 1278 1526 33]

302 1527 362 1588 2.
413 1529 475 1587 ln
511 1544 632 1602 quo
667 1535 769 1588 tua
809 1544 905 1587 me
947 1529 1312 1604 provocavit
1344 1531 1570 1604 orali0,
1614 1546 1750 1591 mea
1787 1534 2124 1592 consecuta
2154 1534 2257 1588 est

182 1610 410 1687 segnis.
479 1626 635 1693 [Idem
671 1626 822 1693 ibid.]

313 1708 370 1769 3.
411 1711 677 1783 Bellum,
714 1717 779 1771 ut
809 1708 1014 1786 opinio
1040 1727 1176 1771 mea
1202 1712 1345 1785 sert,
1377 1729 1453 1772 ex
1481 1727 1793 1772 consensu
1824 1708 2083 1771 civitatis
2108 1723 2255 1768 con·

187 1794 410 1854 sectum
446 1792 565 1853 iam
595 1793 977 1854 haberemus.
1047 1806 1208 1874 [idem
1241 1823 1291 1875 p.
1332 1806 1474 1875 269]

312 1891 369 1950 4.
419 1935 599 1952 .....
647 1910 833 1967 quum
884 1902 1125 1954 constet
1176 1893 1499 1954 Caesarem
1545 1890 1850 1968 Lupercis
1887 1890 1948 1951 id
1991 1891 2256 1967 vectigal

186 1975 469 2049 dedisse,
509 1976 785 2050 quiante
814 1983 1060 2053 poterat
1087 1977 1148 2037 id
1181 1978 1508 2038 constare?-
1570 1991 1729 2058 [mem
1768 2006 1821 2057 p.
1857 1990 2001 2057 273]

312 2074 370 2133 5.
414 2075 504 2134 De
546 2081 749 2135 statua
789 2073 1001 2135 nescio
1047 2073 1222 2135 cuius
1271 2073 1492 2147 Clodii,
1551 2091 1732 2151 quam
1779 2091 1963 2150 quum
2017 2069 2259 2135 restitui

189 2154 475 2218 iussisset
503 2160 828 2231 Anconae,
862 2175 997 2219 cum
1027 2159 1174 2219 hero
1208 2157 1506 2219 deiectam
1539 2174 1681 2220 esse
1713 2174 1790 2219 ex
1826 2164 2077 2219 senatus
2110 2173 2260 2218 con·

189 2241 606 2321 sulto.[1dem
636 2272 688 2321 p.
720 2254 863 2320 288.]

316 2336 376 2396 6.
421 2380 436 2395 .
593 2335 897 2410 insolens,
929 2338 1271 2413 adrogans,
1303 2338 1557 2399 iactans.
1618 2352 1781 2420 [Idem
1811 2369 1864 2419 p.
1905 2352 2049 2419 322]

318 2422 376 2479 7.
424 2418 614 2493 Quem
646 2419 884 2496 perisse
920 2420 1003 2481 ita
1046 2421 1124 2481 de
1172 2437 1241 2481 re
1288 2421 1530 2496 publica
1570 2428 1902 2483 merentem
1939 2424 2264 2484 consulem

128 2546 135 2552 -
192 2505 396 2564 doleo·
433 2515 593 2583 [Idem
626 2535 678 2586 p.
718 2516 867 2583 344]

317 2584 376 2646 8.
418 2587 508 2647 Tu
551 2585 604 2647 si
631 2604 827 2648 meam
868 2588 1052 2649 fidem
1089 2587 1500 2663 praestiteris,
1543 2589 1709 2678 quod
1742 2588 1986 2652 confido
2022 2595 2086 2650 te
2116 2604 2266 2650 esse

195 2674 514 2732 facturum.
581 2683 743 2750 [idem
779 2700 830 2751 p.
871 2683 1017 2751 371.]

314 2755 374 2815 9.
425 2753 731 2829 Scriptum
773 2761 902 2815 erat
934 2761 1223 2830 equestre
1254 2754 1555 2831 proelium
1584 2755 1765 2815 valde
1798 2756 2158 2830 secundum,
2201 2753 2267 2815 in

193 2837 289 2898 his
320 2844 519 2898 autem
556 2837 763 2913 potius
794 2837 1142 2898 adversum.
1217 2850 1381 2917 [Idem
1417 2868 1469 2919 p.
1506 2851 1655 2917 389.]

323 2934 419 2994 10.
466 2936 661 3011 Quum
691 2934 808 2994 iter
837 2936 1100 2995 facerem
1138 2936 1217 2995 ad
1246 2935 1502 2996 Hirtium
1527 2935 1865 2996 claternam
1899 2942 2270 3014 tempestate

196 3018 618 3096 spurcissima.
684 3032 845 3100 [mem
879 3048 932 3099 p.
969 3033 1114 3100 394.]

326 3104 421 3162 11.
467 3102 621 3163 Nihil
655 3101 902 3165 omnino
934 3102 1083 3163 certi
1124 3119 1241 3164 nec
1270 3104 1638 3179 locupletem
1680 3104 1758 3164 ad
1800 3105 1919 3172 hoc
1949 3111 2271 3167 auctorem

195 3185 592 3246 habebamus.
658 3200 818 3282 [Idem
847 3217 900 3267 p.
927 3200 1072 3267 462]

287 3266 444 3415 5:¹33]
480 3267 787 3331 Antonius
861 3270 1114 3330 demens
1178 3277 1320 3331 ante
1391 3271 1588 3330 lucem
1654 3263 1995 3347 paludatus.
2091 3281 2273 3349 [Idem

198 3361 252 3411 Ρ
1406 3383 1415 3392 .
