2381 3723
602 167 746 227 LIB.
780 169 823 228 Ι.
873 169 1040 227 CAP.
1072 176 1336 241 33—35.
1382 174 1444 235 §5
1467 176 1795 230 121—129.
2161 166 2244 228 39

177 336 245 380 re
293 318 543 394 publica
595 317 925 379 curiosum.
1015 320 1102 378 lta
1153 319 1282 378 fere
1328 317 1531 378 officia
1582 316 1993 392 reperientur,
2058 335 2246 393 quum

178 408 508 478 quaeretur
535 402 683 476 quid
718 402 937 462 deceat
963 410 1024 462 et
1059 402 1207 477 quid
1241 409 1451 476 aptum
1483 401 1561 460 sit
1590 400 1907 476 personis,
1958 401 2245 476 tempori-

174 486 320 555 buS‚
373 485 695 545 aetatibus.
766 484 918 545 Nihil
951 490 1048 545 est
1085 492 1292 545 autem
1330 486 1495 560 quod
1531 491 1653 544 tam
1698 485 1915 544 deceat
1965 499 2147 559 quam
2184 483 2242 543 in

177 567 339 629 omni
369 584 438 627 re
466 569 738 643 gerenda
770 568 1154 643 consilio‘que
1196 566 1497 643 capiendo
1532 583 1785 628 servare
1816 568 2241 627 constantiam.

301 651 548 712 XXXV.
594 649 731 712 126.
820 651 943 712 Sed
988 651 1278 726 quoniam
1324 652 1617 712 decorum
1667 651 1814 711 illud
1855 649 1915 711 in
1961 651 2243 712 omnibus

175 735 352 795 factis
408 733 616 808 dictis,
667 733 727 795 in
777 735 1058 811 corporis
1100 734 1382 809 denique
1429 743 1597 796 motu
1653 742 1714 794 et
1767 742 1929 795 statu
1979 735 2244 795 cernitur

172 818 365 894 idque
395 817 662 893 positum
697 819 880 879 estin
914 819 1108 880 tribus
1139 819 1359 891 rebuS,
1392 815 1803 891 formositate,
1856 816 2101 892 ordine,
2148 835 2242 878 or-

172 908 322 962 natu
344 901 425 961 ad
457 901 758 963 actionem
789 910 964 979 apto,
995 902 1342 962 difficilibus
1373 902 1453 961 ad
1475 900 1919 977 eloquendum,
1954 901 2069 962 sed
2091 904 2241 962 satis

174 985 291 1045 erit
318 984 592 1060 intelligi,
634 986 694 1045 in
725 985 821 1047 his
864 994 1069 1047 autem
1106 986 1300 1046 tribus
1332 986 1677 1047 continetur
1706 990 1853 1044 cura
1898 984 2076 1045 etiam
2120 985 2239 1056 illa,

171 1077 238 1130 ut
278 1069 616 1145 probemur
655 1068 759 1142 iis,
813 1070 1178 1147 quibuscum
1219 1071 1383 1146 apud
1438 1084 1726 1145 quosque
1772 1067 2088 1141 vivamuS,
2146 1068 2241 1129 his
2299 1108 2313 1125 .

175 1168 431 1227 quoque
470 1152 547 1212 de
574 1153 760 1214 rebus
790 1170 991 1230 pauca
1024 1153 1322 1214 dicantur.
1398 1150 1701 1226 Principio
1739 1151 2018 1226 corporis
2047 1151 2242 1212 nostri

172 1252 458 1312 magnam
504 1243 717 1298 natura
756 1237 893 1314 ipsa
938 1237 1177 1298 videtur
1217 1235 1510 1298 habuisse
1549 1233 1880 1305 rationem,
1933 1251 2091 1310 quae
2122 1237 2241 1295 for-

171 1336 337 1379 mam
380 1325 652 1380 nostram
702 1321 1121 1396 reliquamque
1167 1321 1457 1396 figuram,
1506 1319 1566 1379 in
1610 1334 1732 1393 qua
1782 1324 1952 1378 esset
1998 1315 2241 1394 species

171 1404 470 1476 honesta,
513 1419 644 1464 eam
681 1405 886 1479 posuit
914 1404 974 1465 in
1005 1411 1328 1482 promptu,
1362 1420 1520 1479 quae
1553 1409 1761 1478 partes
1784 1407 1988 1463 autem
2024 1417 2241 1478 corpo·

172 1487 260 1547 ris
295 1487 375 1546 ad
419 1493 671 1548 naturae
719 1489 1151 1550 necessitatem
1202 1489 1380 1548 datae
1423 1493 1743 1561 aspectum
1783 1491 1997 1546 essent
2041 1486 2241 1548 defor-

173 1587 336 1631 mem
379 1569 691 1631 habiturae
737 1579 921 1648 atque
966 1573 1244 1643 foedum,
1298 1588 1403 1631 eas
1448 1569 1717 1632 contexit
1756 1578 1944 1647 atque
1988 1569 2237 1630 abdidit.

176 1653 319 1713 127.
364 1653 534 1714 Hanc
559 1662 811 1716 naturae
837 1662 958 1716 tam
994 1654 1343 1732 diligentem
1370 1653 1656 1715 fabricam
1678 1652 1904 1714 imitata
1934 1661 2031 1715 est
2051 1652 2241 1714 homi·

173 1755 319 1798 num
348 1739 732 1798 verecundia.
804 1740 972 1814 Quae
995 1739 1150 1799 enim
1178 1748 1394 1799 natura
1418 1737 1764 1811 occultavit,
1788 1740 2001 1798 eadem
2026 1753 2238 1798 omnes

175 1821 282 1895 qui
317 1837 470 1882 sana
494 1830 692 1883 mente
725 1831 869 1884 sunt
897 1830 1222 1883 removent
1248 1823 1325 1883 ab
1359 1823 1585 1895 oculis,
1620 1821 1862 1897 ipsique
1889 1818 2239 1883 necessitati

174 1907 326 1965 dant
383 1922 634 1980 operam
691 1912 757 1966 ut
811 1923 994 1983 quam
1054 1905 1466 1969 occultissime
1522 1912 1807 1981 pareant:
1859 1920 2241 1980 quarumque

174 1988 438 2065 partium
473 1989 751 2065 corporis
781 2007 932 2051 usus
968 1998 1112 2051 sunt
1142 1989 1495 2062 necessarii,
1527 2004 1634 2049 eas
1666 2004 1868 2061 neque
1899 1994 2107 2062 partes
2136 2004 2240 2047 ne-

174 2088 300 2147 que
340 2088 551 2133 earum
599 2090 746 2134 usus
775 2073 905 2134 suis
948 2073 1294 2133 nominibus
1330 2074 1668 2147 appellant,
1713 2070 2004 2145 quodque
2040 2070 2241 2129 facere

175 2164 357 2231 turpe
408 2173 531 2216 non
572 2162 697 2229 est,
752 2158 936 2218 modo
995 2159 1265 2229 occulte,
1324 2155 1386 2215 id
1440 2154 1644 2215 dicere
1697 2155 2075 2215 obscoenum
2125 2161 2238 2213 est.

173 2241 389 2313 Itaque
421 2255 538 2299 nec
578 2238 736 2301 actio
779 2257 979 2301 rerum
1025 2240 1261 2300 illarum
1308 2246 1521 2315 aperta
1552 2236 1882 2313 petulantia
1922 2244 2100 2298 vacat
2128 2251 2242 2297 nec

174 2322 476 2383 orationis
522 2323 934 2385 obscoenitas.
1028 2322 1165 2385 128.
1210 2324 1335 2384 Nec
1362 2339 1513 2384 vero
1548 2321 1835 2382 audiendi
1864 2327 2008 2383 sunt
2034 2318 2240 2400 Cynici

173 2415 281 2466 aut
316 2406 372 2467 si
408 2407 511 2481 qui
545 2408 786 2469 suerunt
811 2406 999 2469 Stoici
1039 2423 1238 2483 paene
1273 2406 1507 2485 Cynici,
1554 2404 1658 2482 qui
1687 2406 2143 2482 reprehendunt
2183 2411 2242 2463 et

173 2489 459 2564 irrident,
511 2490 677 2565 quod
719 2508 821 2563 ea,
881 2508 1041 2567 quae
1075 2490 1278 2565 turpia
1322 2507 1447 2551 non
1487 2489 1637 2563 sint,
1694 2487 1900 2549 verbis
1935 2488 2241 2565 flagitiosa

173 2573 488 2648 dicamus,
536 2573 634 2633 illa
662 2583 893 2648 autem,
944 2591 1103 2649 quae
1144 2573 1346 2649 turpia
1388 2572 1537 2646 sint,
1588 2571 1937 2633 nominibus
1977 2574 2237 2648 appelle-

174 2674 311 2717 mus
361 2655 514 2718 suis.
587 2656 985 2732 Latrocinari,
1038 2658 1351 2730 fraudare,
1404 2656 1749 2716 adulterare
1793 2672 1861 2716 re
1901 2662 2081 2730 turpe
2127 2661 2241 2725 est,

175 2741 288 2800 sed
317 2739 545 2801 dicitur
572 2756 693 2800 non
728 2740 1071 2802 obscoene:
1115 2740 1323 2802 liberis
1357 2740 1504 2800 dare
1537 2754 1786 2815 operam
1818 2755 1886 2799 re
1914 2738 2239 2800 honestum

173 2830 298 2895 est,
351 2824 598 2884 nomine
645 2823 1059 2897 obscoenum,
1107 2827 1413 2901 pluraque
1458 2822 1519 2883 in
1569 2839 1704 2883 eam
1756 2821 2117 2883 sententiam
2164 2821 2239 2881 ab

168 2906 409 2968 eisdem
455 2916 669 2968 contra
707 2908 1141 2969 verecundiam
1182 2907 1588 2985 disputantur.
1660 2908 1786 2968 Nos
1828 2915 2029 2968 autem
2071 2907 2241 2967 natu·

170 3007 297 3050 ram
351 3006 690 3065 sequamur
748 2997 812 3051 et
863 2991 940 3051 ab
993 2990 1188 3065 omni,
1251 2992 1421 3066 quod
1470 2991 1759 3052 abhorret
1807 2992 1883 3051 ab
1924 2992 2242 3052 oculorum

172 3074 538 3148 auriumque
571 3074 1046 3151 approbatione,
1099 3074 1419 3150 fugiamus.
1510 3074 1649 3135 129.
1691 3075 1900 3136 Status
1937 3075 2252 3142 incessus

176 3156 380 3219 sessio
417 3157 770 3232 accubatio,
819 3160 1026 3220 vultus
1058 3158 1247 3232 oculi,
1294 3174 1579 3219 mannum
1614 3166 1816 3219 motus
1863 3162 2065 3217 teneat
2094 3154 2240 3214 illud

172 3241 490 3302 decorum.
563 3241 791 3317 Quibus
826 3242 886 3302 in
919 3242 1104 3304 rebus
1145 3242 1269 3302 duo
1312 3241 1575 3302 maxime
1616 3248 1761 3303 sunt
1798 3238 2114 3313 fugienda,
2164 3254 2240 3296 ne

175 3325 322 3399 quid
358 3325 772 3386 effeminatum
813 3333 920 3386 aut
949 3327 1133 3386 molle
1163 3331 1228 3384 et
1254 3341 1333 3384 ne
1376 3324 1523 3398 quid
1562 3326 1780 3383 durum
1810 3325 1916 3377 aut
1947 3318 2239 3377 rusticum

171 3405 268 3467 sit.
340 3409 467 3468 Nec
499 3425 647 3470 vero
677 3407 1076 3469 histrionibus
1118 3405 1591 3479 oratoribusque
1637 3398 2098 3461 concedendum
2142 3402 2242 3452 est
