2381 3723
151 121 276 185 298
793 71 799 76 ³
939 121 1445 182 FRAGMENTA.
2125 131 2226 215 ros

279 272 374 334 19.
416 273 829 347 Interroqanti
864 274 1138 349 Pompeio
1178 273 1282 333 ubi
1312 289 1502 347 qener-
1549 276 1677 334 eius
1716 274 2027 336 Dolabella
2069 284 2224 352 esset,

149 358 487 435 respondit:
522 358 668 417 Cum
701 373 924 419 socero
965 364 1091 417 tuo.
1130 371 1526 439 [Macrobius
1547 371 1652 423 Sat.
1676 372 1761 424 lib.
1783 370 1847 426 ΙΙ.
1868 384 1979 439 cap.
2004 374 2054 429 3.
2077 377 2129 438 s.
2150 372 2224 443 8.]

274 441 376 502 20.
424 441 613 513 Quum
642 442 918 502 donasset
934 442 1247 517 Pompeius
1269 441 1650 515 transfugam
1671 444 1905 504 civitate
1924 444 2226 506 Romana.-

149 527 387 586 Bellum
423 524 766 586 hominem!
809 528 1023 598 inquit,
1072 525 1259 584 Gallis
1294 522 1595 585 civitatem
1629 524 1925 600 promittit
1954 527 2225 602 alienam,

150 608 255 684 qui
289 607 470 670 nobis
502 615 777 668 nostram
809 624 932 667 non
962 614 1171 682 potest
1200 607 1485 668 reddere.
1576 622 1737 689 [Idem
1777 623 1813 676 l.
1858 621 1928 688 c.]

277 691 379 752 21.
429 692 712 753 Caninius
751 704 978 766 quoque
1004 692 1274 766 Rebilus,
1307 694 1412 766 qui
1434 708 1551 753 uno
1582 693 1680 753 die
1693 739 1707 766 ‚
1748 699 1817 752 ut
1838 696 1960 754 iam
1992 694 2229 757 Servius

145 779 395 850 rettulit,
426 779 633 837 consul
652 775 803 848 fuit,
833 775 1056 836 Rostra
1083 793 1218 836 cum
1258 777 1642 849 ascendisset,
1681 780 1919 851 pariter
1955 779 2227 840 honorem

147 864 281 920 iniit
296 863 634 921 consulatus
659 866 719 920 et
740 861 1017 920 eieravit:
1046 861 1207 934 quod
1227 860 1429 919 Cicero
1455 863 1616 920 omni
1627 861 1902 934 §audens
1928 866 2230 924 occasione

146 945 504 1006 urbanitatis
546 946 872 1019 increpuit.-
927 938 1456 1020 Λογοθεώρητος
1510 949 1607 1003 est
1652 943 1936 1006 Caninius
1993 949 2226 1018 consul,

146 1036 204 1089 et
237 1029 487 1089 deinde:
528 1027 668 1087 Hoc
706 1033 1080 1089 consecutus
1113 1034 1213 1088 est
1247 1025 1533 1098 RebiluS‚
1567 1032 1634 1087 ut
1663 1035 2064 1102 quaereretur
2102 1030 2226 1104 qui·

148 1112 266 1172 bus
300 1110 657 1172 consulibus
707 1112 923 1171 consul
970 1109 1169 1171 fuerit.
1227 1112 1441 1172 Dicere
1479 1118 1800 1185 praeterea
1838 1129 1954 1172 non
1985 1115 2231 1174 destitit:

147 1194 513 1270 vigilantem
561 1194 861 1255 habemus
904 1195 1224 1256 consulem
1272 1191 1615 1267 Caninium,
1655 1195 1757 1270 qui
1800 1195 1861 1255 in
1908 1199 2232 1258 consulatu

149 1296 265 1340 SUO
299 1295 581 1340 somnum
612 1295 735 1339 non
769 1277 935 1338 vidit.
1026 1292 1431 1360 [Macrobius
1470 1292 1573 1343 Sat.
1614 1292 1704 1343 lib.
1743 1296 1810 1348 11.
1848 1309 1962 1360 cap.
2002 1295 2051 1348 3.
2090 1298 2140 1360 §-
2175 1300 2228 1348 7.

147 1362 217 1417 cf.
260 1362 485 1413 Cicero
521 1363 588 1412 ad
616 1361 738 1416 fam.
779 1363 868 1412 lib.
901 1363 1013 1413 vn.
1045 1377 1129 1428 ep.
1162 1358 1274 1425 30.]

270 1447 370 1507 22.
415 1449 493 1508 In
545 1447 846 1508 Triarium
861 1494 876 1522 ,
922 1452 1028 1523 qui
1066 1465 1244 1523 quum
1288 1448 1510 1510 Scauri
1547 1452 1850 1510 columnas
1867 1467 1989 1524 per
2028 1452 2231 1511 urbem

139 1534 432 1609 plaustris
472 1537 667 1592 vectas
713 1549 837 1593 esse
886 1533 1074 1592 aixit:
1124 1532 1258 1604 Ego
1312 1547 1498 1606 porro
1521 1579 1535 1604 ‚
1589 1536 1780 1608 inquit
1812 1533 2092 1607 (Cicero),
2126 1535 2230 1609 qui

147 1615 422 1675 Albanas
450 1614 649 1676 habeo
693 1617 1036 1686 columnaS,
1078 1613 1313 1676 clitellis
1347 1631 1453 1676 eas
1484 1615 1828 1691 apportavi.
1888 1631 2234 1698 [Quincti-

149 1698 361 1748 iianus
400 1698 490 1747 lib.
526 1700 616 1751 VI.
650 1713 764 1764 cap.
808 1697 886 1749 13.
923 1701 972 1760 S.
998 1699 1083 1750 40.
1125 1698 1193 1749 cf.
1227 1698 1411 1764 fragm.
1445 1708 1570 1752 orat.
1608 1698 1782 1750 Scaur.
1817 1716 1969 1766 supra
1998 1714 2054 1766 p.
2083 1700 2227 1769 237.]

274 1779 374 1841 23.
418 1780 497 1841 In
555 1783 849 1842 Vatinium
864 1828 878 1855 ‚
929 1785 1033 1856 qui
1074 1784 1329 1858 pedibus
1372 1800 1554 1858 aeqer
1604 1802 1780 1859 quum
1833 1789 2001 1847 vellet
2042 1790 2238 1849 videri

142 1866 552 1928 commodioris
579 1868 930 1928 valetudinis
951 1867 1160 1940 faetus
1187 1875 1247 1929 et
1264 1870 1490 1929 diceret
1505 1886 1570 1930 se
1589 1872 1709 1930 iam
1741 1872 1881 1931 bina
1906 1874 2073 1933 milia
2094 1890 2233 1932 am-

145 1952 387 2011 bulare.-
438 1948 586 2100 Dies]
627 1949 817 2023 enim,
869 1954 1085 2026 inquit,
1147 1951 1460 2027 longiores
1515 1959 1675 2014 sunt.
1785 1966 1941 2035 [mem
1991 1971 2079 2023 lib.
2140 1975 2231 2027 vl.

151 2048 259 2099 zap.
301 2031 352 2086 3.
391 2034 443 2096 5.
481 2035 566 2088 77.

273 2116 371 2175 24.
414 2117 494 2178 In
533 2121 844 2180 consulatu
902 2120 1148 2192 Vatinii,
1193 2137 1364 2195 quem
1400 2123 1616 2196 paucis
1645 2123 1848 2182 diebus
1875 2126 2081 2198 pessit,
2113 2140 2234 2185 no-

145 2202 341 2262 tabilis
390 2200 688 2261 Ciceronis
727 2202 1037 2263 urbanitas
1072 2205 1645 2277 circumferebatur.-
1693 2204 1981 2281 Magnum
2027 2216 2236 2268 osten-

146 2293 304 2356 tum,
336 2286 539 2359 inquit,
571 2298 732 2345 anno
767 2284 993 2345 Vatinii
1016 2286 1246 2347 factum
1280 2294 1403 2360 est,
1436 2288 1605 2363 quod
1635 2289 1737 2349 illo
1764 2292 2091 2351 consulatu
2115 2308 2237 2352 nec

147 2382 363 2427 nruma
412 2382 529 2426 nec
572 2383 680 2427 ver
716 2382 832 2427 nec
875 2375 1082 2429 aestas
1125 2386 1241 2430 nec
1287 2378 1613 2432 autumnus
1659 2371 1789 2433 fuit.
1823 2408 1907 2417 —-
1950 2375 2242 2447 Querenti

147 2451 361 2510 deinde
408 2451 637 2510 Vatinio
653 2497 667 2523 ‚
699 2451 860 2525 quod
882 2463 1172 2526 ‚aravatus
1205 2465 1355 2516 esset
1380 2456 1614 2517 domum
1652 2458 1740 2516 ad
1764 2474 1827 2517 se
1867 2460 2240 2531 infirmatum

145 2535 371 2607 venire,
413 2534 752 2609 respondit.-
806 2537 993 2596 Volui
1041 2536 1101 2597 in
1144 2539 1469 2600 consulatu
1510 2545 1616 2599 tuo
1660 2539 1898 2613 venire,
1943 2542 2059 2604 sed
2103 2561 2240 2605 nox

145 2628 243 2677 me
289 2632 425 2679 com
430 2616 775 2694 prehendit.
841 2618 1058 2682 Ulcisci
1092 2627 1288 2682 autem
1327 2640 1391 2683 se
1422 2623 1623 2684 Cicero
1662 2624 1994 2698 videbatur,
2035 2634 2104 2686 ut
2133 2630 2243 2703 qui

140 2704 517 2779 respondisse
555 2702 668 2764 sibi
720 2705 1015 2764 Vatinium
1073 2708 1446 2779 meminerat,
1496 2724 1675 2781 quum
1723 2709 1980 2770 humeris
2030 2728 2095 2774 se
2145 2713 2246 2771 rei

137 2788 413 2859 publicae
460 2786 535 2846 de
573 2790 784 2849 exsilio
831 2795 1197 2864 reportatum
1231 2792 1601 2863 aloriaretur
1615 2813 1634 2850 .·
1690 2796 1708 2826 ³
1736 2791 1904 2853 Unde
1942 2810 2086 2868 erqo
2133 2796 2244 2855 tibi

141 2866 415 2929 varices?
501 2883 914 2950 [Macrobius
951 2887 1039 2936 ub.
1072 2888 1133 2940 11.
1175 2902 1288 2952 cap.
1322 2888 1377 2940 3.
1414 2891 1464 2951 s.
1504 2886 1582 2953 5.]
1969 2918 1974 2924 -

266 2950 366 3012 25.
407 2953 580 3014 Idem
615 2954 818 3016 Cicero
863 2957 939 3016 de
967 2956 1180 3016 Pisone
1207 2974 1431 3031 yenero
1473 2965 1533 3019 et
1578 2960 1667 3020 M.
1704 2960 1932 3035 Lepido
1972 2963 2240 3038 lepidis-

138 3038 282 3097 sime
311 3039 625 3097 cavillatus
651 3045 754 3098 est·
841 3052 1246 3119 [Macrobius
1284 3058 1319 3107 1.
1361 3075 1404 3110 c.
1441 3061 1492 3121 s.
1537 3058 1642 3125 13.]

265 3117 366 3178 26·
408 3136 518 3186 Huc
535 3137 702 3188 refero
727 3139 879 3189 etiam
898 3141 1212 3207 epigramma
1230 3143 1385 3203 illud,
1416 3145 1553 3207 quod
1585 3154 1915 3202 memoratum
1940 3160 1972 3194 a
1999 3144 2243 3204 Quincti-

141 3199 271 3248 liano
305 3200 397 3253 lib.
432 3206 560 3259 vm.
603 3219 716 3271 cap.
753 3206 806 3261 6.
840 3210 891 3270 S.
931 3210 1017 3262 73.
1057 3210 1238 3261 liberto
1280 3210 1537 3263 Ciceronis
1584 3213 1812 3264 Laureae
1846 3214 2162 3264 tribuerunt:

267 3268 548 3333 Fundum
590 3276 777 3336 Vetto
821 3284 1034 3352 vocat,
1093 3295 1276 3355 quem
1321 3280 1560 3356 possiin
1603 3282 1842 3343 mittere
1887 3282 2109 3356 funda,

350 3352 421 3410 Ni
446 3360 645 3417 tamen
678 3356 1004 3432 exciderit,
1038 3380 1158 3435 qua
1197 3380 1349 3423 cava
1380 3366 1568 3425 funda
1596 3372 1785 3441 patet.
