2381 3723
242 81 367 144 222
1026 73 1525 136 FRAGMENTA.
1580 43 1590 56 '
2248 80 2324 135 32

244 251 321 295 ne
366 231 513 307 iilud
569 226 830 289 actionis
873 242 1069 303 genus
1126 224 1187 286 in
1238 232 1587 301 equestrem
1643 224 1919 287 ordinem
1974 220 2323 285 admittant.

243 315 527 384 [Idemjib.
565 313 630 362 V.
667 327 782 378 cap.
824 311 906 363 13.
942 312 991 373 §-
1028 307 1138 375 21.]

365 398 426 460 8.
473 394 763 457 Obiicitur
797 394 1027 470 Oppio,
1073 392 1240 468 quod
1266 392 1345 450 de
1380 389 1630 451 militum
1673 390 1915 451 cibariis
1950 388 2320 465 detraxerit:

243 497 529 559 asperum
574 479 830 551 crimen,
883 477 995 539 sed
1036 477 1098 536 id
1148 473 1517 536 contrarium
1561 473 1829 535 ostendit
1874 472 2117 545 Cicer0,
2174 472 2320 547 quia

242 567 426 638 iidem
462 571 857 623 accusatores
890 558 1227 622 obiecerint
1262 557 1489 633 Oppio,
1548 558 1721 633 quod
1761 559 1814 618 is
1846 556 2113 616 voluerit
2144 571 2319 615 exer·

244 647 425 709 citum
456 645 769 722 largiendo
808 659 1224 719 corrumpere.
1296 656 1824 724 [Quinctilianus
1862 657 1951 710 lib.
1983 658 2050 710 V.
2092 671 2202 721 cap.
2233 656 2301 706 13

242 736 290 795 §⁸
334 730 439 874 Ἶλ]
472 811 777 872 Infinitum
809 815 922 883 est,
952 815 1019 869 ut
1040 807 1252 868 Cicero
1280 808 1491 869 Cottae
1515 806 1847 868 detraxerit
1869 806 2318 869 auctoritatem.

247 896 407 966 [Idem
440 897 530 949 lib.
572 896 659 947 VI.
699 909 812 960 cap.
847 894 897 944 5.
935 894 983 957 S.
1021 890 1126 971 lu]

373 992 470 1055 10.
522 995 731 1054 Cicero
782 1004 1147 1068 quamquam
1193 994 1327 1047 erat
1365 987 1423 1047 in
1462 988 1696 1049 Cottam
1726 985 2088 1064 gravissime
2124 987 2313 1049 dictu·

244 1096 350 1140 rus
401 1093 604 1153 neque
649 1075 823 1137 aliter
868 1072 965 1149 agi
1003 1072 1067 1131 P.
1114 1070 1292 1147 Oppii
1335 1087 1525 1131 causa
1553 1078 1825 1148 poterat,
1865 1072 2068 1145 ‘ionga
2111 1077 2318 1132 tamen

245 1158 623 1239 praefatione
655 1156 974 1219 excusavit
1007 1153 1194 1216 officii
1238 1154 1335 1214 sui
1370 1155 1822 1217 necessitatem.
1895 1168 2060 1236 [Idem
2091 1170 2181 1222 lib.
2222 1172 2315 1221 xi.

246 1261 360 1311 cap.
405 1245 449 1295 l.
484 1246 535 1307 S.
576 1241 687 1307 68.]

371 1328 466 1388 11.
508 1327 968 1400 Proparasceue
1013 1330 1137 1395 est,
1182 1338 1305 1396 qua
1345 1322 1522 1383 nobis
1552 1322 1815 1383 iudicem
1853 1339 2317 1399 praeparamuS,

248 1427 435 1487 quum
471 1415 577 1469 aut
609 1408 910 1482 quaedam
938 1405 1116 1466 nobis
1150 1405 1400 1465 obstant
1431 1406 1628 1467 etiliis
1665 1406 2317 1481 priusoccurrendum

246 1501 369 1565 est,
403 1500 472 1553 ut
499 1492 642 1552 fecit
672 1491 881 1551 Cicero
913 1505 1026 1565 pro
1058 1489 1257 1563 Oppio
1295 1495 1510 1549 contra
1540 1491 1622 1549 M.
1652 1492 1863 1551 Cottae
1893 1490 2316 1551 auctoritatem

248 1583 361 1636 cet·
433 1590 686 1656 [Fortun
704 1592 970 1639 atianus
1008 1590 1071 1642 A.
1110 1588 1258 1641 Rhet.
1298 1587 1458 1642 schol.
1498 1592 1560 1648 4,
1593 1590 1642 1639 2.
1676 1605 1730 1654 p.
1769 1589 1856 1644 61.
1891 1588 2052 1656 Pith.]

376 1688 472 1749 12.
516 1686 1000 1748 Misericordiam
1045 1702 1402 1759 movemus,
1456 1685 1511 1746 si
1554 1687 1632 1746 ab
1682 1686 1754 1747 iis
1801 1704 1917 1748 nos
1971 1688 2314 1765 oppugnari

249 1772 534 1846 dicimus,
598 1788 857 1848 quorum
897 1769 1120 1831 auxilio
1167 1769 1305 1829 freti
1348 1786 1490 1830 esse
1534 1769 1932 1846 deberemuS,
1989 1778 2058 1832 ut
2101 1771 2314 1832 Cicero

250 1874 360 1934 pro
392 1856 610 1933 Oppio.
683 1871 1101 1938 [Severianus
1140 1869 1282 1937 Synt.
1316 1869 1466 1923 Rhet.
1494 1886 1548 1936 p.
1584 1869 1703 1922 310.
1744 1869 1903 1938 Pith.]

951 2022 1032 2074 13.
1109 2023 1190 2073 DE
1226 2022 1288 2077 L.
1328 2020 1603 2075 OTHONE.

389 2117 556 2184 [Quod
600 2119 755 2184 vulgo
783 2135 847 2168 ex
881 2120 978 2169 hac
1006 2122 1232 2170 oratione
1264 2119 1586 2169 adserebatur
1631 2118 1999 2185 fragmentum,
2055 2138 2119 2172 ex
2158 2123 2314 2178 Arus.

249 2186 400 2240 Mese.
443 2202 497 2250 p.
531 2186 648 2238 223.
671 2224 686 2247 ‚
728 2188 782 2236 id
812 2190 1027 2251 pertinet
1059 2189 1126 2238 ad
1152 2202 1227 2242 or.
1257 2203 1356 2250 pro
1381 2188 1461 2241 M.
1491 2187 1659 2237 Caelio
1686 2202 1799 2253 cap.
1829 2188 1910 2239 19.
1949 2193 2001 2254 s.
2020 2192 2105 2243 47.
2160 2193 2314 2257 Apud

245 2256 401 2309 Arus.
440 2255 589 2304 Meas.
630 2255 665 2304 l.
703 2271 748 2304 c.
778 2269 878 2318 pro
909 2257 1079 2307 Caelio
1110 2273 1138 2305 e
1174 2256 1290 2309 cod.
1332 2255 1496 2307 Guelf.
1534 2257 1910 2307 rescribendum
1950 2256 2069 2325 est.]

717 2407 800 2461 14.
873 2406 959 2456 DE
986 2405 1527 2471 PROSCRIPTORUM
1564 2406 1837 2462 LIBERIS.
1863 2424 1872 2437 “

390 2498 531 2565 [Hac
578 2504 803 2551 oratione
853 2502 1024 2554 Cicero
1077 2518 1181 2554 cos.
1231 2520 1277 2554 a.
1321 2521 1372 2554 u.
1426 2520 1470 2553 c.
1526 2503 1647 2559 691.
1700 2507 1806 2571 egit
1852 2507 1916 2557 de
1959 2507 2146 2558 tuenda
2199 2508 2315 2573 lege

246 2567 501 2687 Cotrnelia,
539 2585 639 2706 (ᾗιια
673 2573 1065 2638 proscriptorum
1104 2573 1253 2623 liberi
1290 2573 1536 2622 honorum
1563 2575 1894 2639 petendorum
1927 2583 2176 2641 potestate
2210 2577 2316 2640 pri-

248 2653 310 2688 va
333 2654 350 2687 1
390 2647 548 2689 eraut.

372 2750 425 2808 1.
468 2751 796 2812 Mollienda
844 2759 941 2813 est
979 2752 1037 2812 in
1085 2751 1397 2828 plerisque
1437 2749 1556 2812 alio
1602 2754 1811 2813 colore
1847 2744 2147 2828 asperitas
2179 2770 2315 2814 ora-

244 2830 457 2907 tionis,
502 2842 570 2894 ut
601 2833 813 2896 Cicero
846 2836 924 2895 de
953 2835 1440 2912 proscriptorum
1483 2834 1690 2896 liberis
1735 2835 1894 2895 fecit.
1966 2835 2117 2912 Quid
2151 2837 2316 2897 enim

246 2915 551 2977 crudelius
593 2934 774 2992 quam
810 2919 1088 2980 homines
1130 2918 1407 2979 honestis
1455 2919 1811 2995 parentibus
1858 2935 1933 2979 ac
1980 2919 2316 2981 maioribus

245 3007 424 3060 natos
454 3016 489 3060 a
519 3016 586 3060 re
621 3000 867 3076 publica
897 3002 1313 3063 summoveri?
1393 3004 1607 3077 Itaque
1638 3004 1854 3062 durum
1886 3001 1949 3062 id
1979 3018 2123 3063 esse
2150 3020 2314 3063 sum·

245 3100 380 3143 mus
425 3083 524 3144 ille
564 3086 1014 3146 tractandorum
1047 3086 1387 3146 animorum
1421 3085 1639 3146 artifex
1682 3086 2039 3159 confitetur,
2084 3087 2197 3147 sed
2228 3085 2315 3146 ita

245 3165 482 3238 legibus
527 3167 732 3228 Sullae
778 3169 1111 3230 cohaerere
1155 3176 1378 3230 statum
1424 3167 1681 3229 civitatis
1733 3169 2043 3242 adfirmat,
2098 3176 2166 3230 ut
2216 3169 2315 3230 his

246 3247 462 3392 ἓοιὸιξίῗ
494 3258 658 3310 stare
687 3250 821 3326 ipsa
855 3268 976 3312 non
1013 3251 1234 3328 possit.
1306 3268 1825 3336 [Quinotiiianus
1866 3269 1956 3322 lib.
1989 3269 2076 3322 xl.
2118 3264 2233 3334 c'ap.
2262 3270 2313 3323 1.
