2381 3723
144 131 204 170 vl
809 114 1192 168 PROOEMIUM
1229 114 1551 167 EDITORIS.

138 256 516 323 Intelliqendum
547 261 708 303 autem
742 259 820 303 est
860 267 955 317 pro
992 253 1367 318 Intelligendum
1410 262 1486 304 est
1520 262 1681 305 antem
1724 255 1964 305 librorum
2007 262 2231 308 auctori-

139 333 240 376 tate
282 331 544 391 permotus
585 330 633 372 et
675 322 1011 387 humanasque
1058 337 1149 386 pro
1198 323 1455 375 humanas.
1529 324 1586 373 In
1634 325 2000 375 constituendis
2053 334 2228 377 autem

141 398 323 459 poetae
360 393 557 452 verbis,
613 406 743 454 quae
789 392 1028 456 deinceps
1064 399 1369 455 sequuntur,
1429 393 1600 457 priore
1650 393 1759 443 loco
1800 395 2071 446 obsecutus
2106 409 2227 446 sum

142 463 307 518 Carol.
343 461 666 512 Lachmauno
696 460 763 510 ad
798 460 1088 511 Lucretium
1124 460 1227 513 vol.
1262 462 1324 513 ΙΙ.
1354 475 1408 525 Ρ.
1451 462 1567 511 227.
1597 469 1807 513 auctore
1834 464 1987 512 etiam
2019 461 2078 514 Ο.
2100 463 2228 515 Rib-

139 533 319 582 beckio
367 533 420 581 in
470 530 674 594 Traqic.
720 529 840 579 Lat.
889 533 1067 595 reliqu.
1124 545 1175 595 p.
1240 531 1392 589 227„
1448 529 1604 579 altero
1649 529 1709 583 Ο.
1762 531 2095 582 Ribbeckium
2143 550 2228 585 se-

141 609 287 651 cutus
322 615 465 661 sum,
512 613 662 662 quem
705 599 827 648 vide
862 598 900 648 1.
948 614 995 653 c.
1041 614 1096 663 p.
1135 599 1223 653 53.
1295 598 1430 649 Leve
1476 607 1553 648 est
1598 600 1735 662 quod
1771 615 1881 665 cap.
1926 600 2009 655 19.
2049 604 2097 665 5.
2136 602 2226 652 64.

139 672 322 735 scripsi
361 670 557 720 Nullum
609 669 733 718 enim
777 676 860 719 est
899 676 1085 731 tempus
1117 683 1211 734 pro
1259 667 1465 734 vulgato
1500 669 1701 720 Nullum
1735 677 1814 720 est
1848 673 1972 721 enim
2013 678 2223 733 tempus.

142 739 264 804 Gap.
315 739 402 790 20.
449 740 499 800 5.
539 736 625 789 66.
656 736 840 801 scripsi
879 738 943 787 de
988 738 1275 788 coniectura
1318 737 1562 803 Madvigii
1612 739 1875 804 proposita
1920 740 1987 789 ad
2024 738 2229 789 Cicero-

139 809 219 857 nis
265 808 421 858 libros
464 808 526 857 de
565 805 749 869 finibus
780 820 832 869 p.
873 804 996 858 448.
1045 823 1185 872 quum
1226 821 1523 869 persuasum
1567 815 1648 858 est
1690 822 1783 872 pro
1827 807 2034 875 vulgato
2082 825 2230 874 quum

139 892 433 939 persuasmn
466 877 549 927 eit.
599 883 649 925 et
695 874 866 940 paullo
915 883 1031 939 post
1082 891 1225 941 quum
1258 877 1392 926 vitae
1440 890 1533 940 pro
1570 883 1668 926 tum
1696 880 1827 928 vitae
1868 892 1984 927 cum
2016 876 2227 927 Stiiren-

144 948 357 1011 bui-gio,
407 946 667 1009 Zumptio‚
711 944 930 1009 Ungero.
1004 945 1196 995 Eodem
1225 959 1335 1009 cap.
1373 946 1422 1007 5.
1461 943 1546 995 68.
1586 947 1906 996 scribendum
1935 954 2070 997 erat:
2128 948 2228 998 Ga-

139 1016 303 1064 venda
337 1017 483 1077 etiam
517 1021 592 1064 est
621 1016 821 1078 ¹qloriae
855 1015 1103 1076 cupiditas
1136 1022 1231 1066 ete.
1272 1029 1338 1063 ex
1381 1015 1684 1078 optimorum
1723 1016 1963 1066 librorum
2001 1018 2227 1066 auctori-

142 1090 272 1148 tate,
317 1091 369 1133 et
404 1099 524 1134 mox
559 1085 608 1146 5.
650 1081 735 1134 69.
775 1099 918 1148 quum
942 1084 1219 1146 eupiditate
1248 1096 1341 1147 pro
1373 1090 1470 1133 tum
1498 1085 1771 1146 eupiditate
1807 1091 1856 1134 et
1899 1085 2069 1150 paullo
2110 1093 2228 1149 post

139 1155 397 1216 voluptate
432 1155 582 1204 animi
617 1167 709 1217 pro
753 1154 1005 1215 voluptate
1040 1153 1190 1203 nimia
1235 1153 1437 1218 scripsi.
1521 1154 1796 1217 Voluptate
1838 1156 1989 1203 animi
2032 1155 2226 1218 recepit

143 1230 192 1270 et
221 1223 495 1287 explicavit
533 1224 685 1272 etiam
721 1221 1003 1286 Zumptius.
1075 1221 1474 1287 Stiireuburgius
1507 1230 1557 1271 et
1589 1222 1821 1287 Ungerus
1859 1224 1912 1272 iu
1947 1222 2044 1272 hac
2076 1231 2222 1288 parte

144 1290 383 1343 Orellium
417 1292 580 1341 secuti
603 1298 738 1344 sunt.
811 1289 1061 1354 Deinceps
1092 1298 1259 1340 autem
1289 1299 1603 1341 removerunt
1633 1318 1705 1330 -—
1732 1292 2073 1356 perfiegerant
2106 1307 2220 1340 cum

143 1358 330 1410 Orellio
366 1361 564 1410 servavi
601 1373 692 1423 pro
720 1374 809 1419 eo,
857 1359 992 1421 quod
1037 1357 1457 1424 Stiireuburgius,
1503 1359 1793 1424 Zumptius,
1844 1361 2075 1426 Ungerus
2113 1361 2222 1410 edi-

142 1429 351 1488 derunt,
413 1429 710 1480 removerint
749 1452 819 1465 --
855 1427 1203 1492 perfuyerint,
1262 1429 1400 1489 quod
1441 1443 1561 1478 sane
1611 1430 1663 1478 iu
1720 1430 1863 1479 libris
1912 1431 2116 1494 optimis
2163 1444 2223 1479 ac

140 1496 378 1561 plurimis
400 1497 631 1555 habetur,
670 1497 762 1547 sed
784 1496 951 1546 facilis
977 1506 1027 1546 et
1049 1496 1288 1559 frequens
1307 1498 1357 1546 in
1378 1496 1459 1547 his
1480 1510 1619 1547 error
1642 1497 1753 1547 fuit.
1807 1496 1929 1563 Cap.
1951 1499 2037 1548 21.
2059 1499 2109 1561 5.
2133 1501 2220 1551 72.

147 1568 390 1616 librorum
450 1566 750 1616 auctoritate
796 1566 1066 1616 obsecutus
1119 1581 1230 1616 curn
1281 1566 1515 1631 Zumptio
1571 1567 1709 1617 edidi
1759 1566 1881 1617 nihil
1923 1572 2079 1618 nzinns
2129 1583 2223 1633 pro

139 1634 349 1701 vulgato
387 1635 535 1685 nihilo
581 1637 753 1685 minue.
826 1636 957 1685 Turn
999 1641 1166 1685 autem
1215 1635 1428 1700 scripsi:
1485 1643 1536 1685 et
1578 1637 1903 1699 despicientia
1937 1636 2224 1686 adhibenda

142 1712 216 1753 est
249 1719 416 1754 rerum
446 1703 792 1762 humanarum,
832 1720 976 1769 quam
996 1719 1154 1766 saepe
1177 1704 1312 1764 dico,
1363 1712 1413 1755 et
1448 1707 1788 1770 tranquillitas
1814 1708 1966 1756 animi
1996 1712 2090 1758 ete.
2128 1720 2223 1770 pro

142 1773 373 1838 vulgato:
423 1780 473 1823 et
513 1773 840 1834 despicientia
871 1771 1156 1823 adhibenda
1196 1776 1265 1824 sit
1295 1788 1463 1823 rerum
1496 1773 1815 1824 kzcmanarum
1850 1782 1903 1824 et
1940 1790 2032 1838 ea,
2077 1790 2226 1839 quam

141 1856 298 1905 saepe
342 1842 481 1903 dieo,
535 1843 875 1907 tranquillitas
910 1844 1060 1893 animi
1101 1849 1192 1892 ete.
1270 1841 1390 1909 Cap.
1437 1844 1524 1893 22.
1580 1845 1631 1908 S.
1670 1843 1754 1895 76.
1801 1843 1978 1892 edidi:-
2018 1857 2227 1907 quornm

142 1911 292 1962 rebus
322 1914 481 1976 gestis
515 1926 802 1976 quamquam
835 1912 1085 1974 imperium
1119 1913 1554 1962 Lacedaemoniis.
1575 1950 1588 1963 .
1611 1949 1624 1962 .
1644 1948 1657 1961 .
1681 1920 1905 1975 putatur,
1941 1918 1997 1959 ut
2011 1922 2227 1974 partum

142 1980 397 2030 excidisse
432 1988 603 2045 putem
650 1987 765 2030 ante
801 1989 1036 2045 putatur.
1112 1979 1329 2031 Orellius
1365 1997 1393 2030 e
1426 1980 1803 2047 supplemento,
1858 1979 1995 2041 quod
2029 1981 2079 2028 in
2117 1997 2227 2032 uno

143 2048 362 2100 alterove
410 2050 540 2101 libro
586 2049 827 2111 habetur,
884 2050 1064 2100 edidit:
1119 2064 1322 2113 quorum
1367 2050 1522 2100 rebus
1559 2053 1717 2116 gestis
1761 2049 2011 2112 imperium
2053 2049 2227 2101 Laee-

142 2119 395 2169 daemonis
423 2124 633 2181 putatur
662 2119 945 2183 dilatatum,
984 2117 1119 2181 quod
1155 2132 1256 2168 non
1285 2120 1463 2183 probo.
1539 2119 1662 2182 Cap.
1704 2117 1788 2172 23.
1827 2120 1876 2179 5.
1898 2116 1984 2168 80.
2017 2120 2224 2183 scripsi,

140 2194 199 2236 ut
235 2194 311 2236 est
346 2188 395 2234 in
432 2187 599 2237 libris:
635 2187 808 2236 Fortis
839 2202 960 2237 vero
994 2188 1144 2237 animi
1174 2195 1226 2237 et
1253 2191 1527 2238 constantis
1562 2193 1638 2236 est
1670 2202 1766 2235 non
1795 2187 2096 2248 perturbari
2121 2195 2221 2238 ete.

142 2253 359 2305 Orellius
405 2264 453 2304 et
490 2255 754 2320 Zumptius
796 2263 968 2305 contra
1009 2256 1231 2305 omnium
1281 2256 1523 2306 librorum
1562 2255 1911 2308 auctoritatem
1949 2257 2100 2306 animi
2134 2257 2220 2307 de-

142 2324 398 2383 leverunt,
439 2325 576 2387 quod
598 2324 722 2373 satis
755 2325 857 2373 iam
890 2324 1096 2375 defendi
1114 2326 1181 2374 ad
1208 2325 1605 2387 Disputationmn
1641 2324 2035 2374 Tusculanarum
2070 2324 2157 2375 lib.
2179 2327 2221 2376 Ι.

142 2408 255 2459 cap.
291 2396 376 2444 25.
428 2394 477 2455 5.
520 2392 604 2444 62.
647 2407 702 2457 Ρ.
750 2392 836 2444 82.
912 2393 1072 2452 Quam
1117 2394 1418 2443 senteutiam
1456 2406 1617 2442 meam
1665 2392 1784 2442 olim
1824 2408 1855 2442 a
1899 2393 2070 2444 multis
2126 2396 2225 2444 im-

141 2471 420 2527 pugnatam
465 2463 566 2511 ism
593 2462 741 2512 video
777 2462 840 2511 ab
877 2462 1078 2528 Ungero
1113 2462 1449 2525 comprobari.
1521 2460 1643 2526 Cap.
1681 2464 1769 2515 24.
1802 2464 1853 2524 5.
1886 2461 1974 2515 83.
2009 2479 2036 2513 e
2073 2464 2224 2514 bonis

140 2532 283 2581 libris
309 2531 509 2582 restitui
551 2530 679 2581 illud
721 2533 868 2581 etiam
902 2545 997 2597 pro
1044 2533 1195 2581 etiam
1226 2532 1353 2582 illud
1386 2540 1434 2580 et
1477 2538 1657 2595 postea
1686 2532 1736 2593 5.
1772 2531 1859 2585 84.
1904 2535 2048 2583 etiam
2074 2534 2225 2582 vitam

138 2615 230 2664 pro
266 2603 413 2651 vitam
436 2602 600 2650 etiam.
674 2601 731 2649 In
761 2599 907 2650 Ennii
937 2607 1103 2650 autem
1133 2600 1398 2659 versibus,
1442 2601 1528 2661 qui
1558 2600 1797 2665 leguntur
1827 2602 2091 2665 deinceps,
2126 2615 2221 2665 pro

140 2684 228 2733 eo,
283 2670 419 2734 quod
448 2669 606 2734 vulgo
649 2668 936 2734 legebatur:
1007 2670 1121 2720 Non
1158 2671 1281 2719 enim
1319 2684 1544 2719 rumores
1580 2670 1802 2731 ponebat
1844 2678 1930 2719 aut
1970 2669 2083 2720 Non
2127 2685 2224 2733 po·

138 2739 290 2788 nebat
319 2741 445 2788 enim
474 2752 700 2789 rumores
716 2775 729 2798 ,
778 2739 992 2804 scripsi:
1064 2738 1288 2789 Noenum
1334 2753 1560 2788 rumores
1587 2739 1810 2800 ponebat
1844 2745 1960 2789 ante
1995 2739 2222 2798 salutem,

141 2809 203 2856 de
241 2806 408 2858 Garol.
440 2807 750 2857 Lachmauni
792 2809 1083 2857 coniectura
1113 2807 1180 2857 ad
1218 2808 1501 2857 Lucretium
1538 2806 1641 2857 vol.
1677 2809 1742 2858 11.
1782 2822 1834 2872 p.
1876 2807 1990 2858 150.
2033 2821 2211 2872 propo·

140 2877 254 2926 sita.
328 2876 460 2926 Vide
506 2877 659 2925 etiam
691 2877 760 2925 Io.
799 2876 999 2926 Vahlen
1034 2875 1305 2926 Ennianae
1342 2878 1512 2938 poesis
1554 2879 1736 2941 reliqu.
1789 2890 1841 2939 p.
1881 2877 1965 2927 47.
2038 2875 2222 2925 Postea

139 2946 236 2994 etsi
259 2947 484 3007 optimum
506 2946 577 2995 sit
596 2960 689 3010 pro
718 2946 863 2995 etiam
892 2948 940 2996 si
969 2947 1196 3007 optimum
1225 2948 1293 2995 sit
1329 2945 1546 2995 restitui.
1620 2944 1742 3010 Cap.
1767 2945 1851 2996 25.
1888 2946 1939 3006 5.
1963 2942 2049 2995 86.
2082 2945 2223 2995 edidi

140 3029 168 3062 e
200 3013 343 3063 libris
371 3014 576 3079 optimis
609 3021 658 3064 et
694 3013 928 3078 plurimis
962 3014 1058 3064 sed
1078 3015 1225 3063 etiam
1252 3015 1505 3079 pestifera
1540 3028 1635 3079 pro
1668 3013 1765 3064 sed
1784 3013 2031 3075 pestifera
2053 3015 2220 3072 etiam,

138 3089 193 3129 ut
226 3082 447 3133 fecerant
488 3084 642 3132 etiam
689 3084 877 3133 caeteri
924 3084 1233 3134 recentiores
1282 3084 1522 3135 editores.
1595 3084 1720 3133 Item
1757 3083 1804 3143 5.
1845 3080 1932 3137 88.
1969 3089 2106 3132 recte
2141 3097 2221 3131 re-

139 3152 385 3202 centiores
435 3152 653 3202 editores
699 3153 1025 3202 restituerunt
1071 3152 1278 3202 altitudo
1313 3167 1407 3217 pro
1459 3152 1700 3210 lenitudo,
1761 3151 1898 3213 quod
1942 3157 2116 3215 aperte
2155 3166 2224 3200 ex

139 3218 449 3285 glossemate
500 3228 673 3270 natum
724 3227 816 3270 est.
889 3221 967 3270 Ex
1016 3222 1132 3287 ipsa
1173 3219 1441 3270 altitudine
1486 3220 1644 3270 animi
1699 3221 1851 3269 etiam
1897 3220 2121 3269 lenitudo
2173 3227 2224 3269 et

141 3288 358 3339 facilitas
407 3296 596 3339 manat.
671 3289 845 3339 Paullo
881 3297 996 3354 post
1047 3291 1174 3340 tanti
1220 3303 1323 3338 non
1375 3303 1490 3339 esse
1539 3289 1716 3354 putavi
1764 3287 1916 3339 Nonii
1951 3288 2224 3338 auctorita—

140 3366 269 3420 tem,
325 3358 412 3420 qui
458 3372 508 3424 p.
556 3358 687 3419 471,
723 3356 808 3407 26.
851 3358 1042 3424 fotiqat
1084 3373 1176 3423 pro
1226 3360 1444 3424 castiqat
1494 3357 1647 3424 legit,
1701 3365 1756 3407 ut
1786 3358 1838 3407 id
1872 3357 2223 3422 recipiendum
