2381 3723
141 165 217 219 51
939 152 1441 213 FRAGMENTA.
2100 151 2224 215 241

277 302 336 365 8.
383 305 574 380 Quam
627 306 706 366 ob
749 320 878 364 rem
921 320 1149 379 augere
1188 303 1369 364 etiam
1418 302 1739 363 mercedes
1780 303 1832 363 si
1876 302 2101 377 tultiS,
2153 303 2219 378 Q.

146 387 465 460 Mucium†
494 388 765 464 perverti
789 389 985 463 legem
1010 386 1325 464 impedire,
1358 394 1427 447 ut
1456 386 1662 461 coepit
1684 393 1895 447 senter
1918 403 2077 457 coS„
2111 386 2220 447 sed

144 486 268 546 ego
301 488 376 531 ea
410 475 547 548 lege
578 478 904 533 contentus
941 489 1107 543 sum,
1155 486 1278 546 qua
1321 471 1479 531 duos
1526 471 1818 532 consules
1864 470 2222 546 designatos

146 570 273 615 uno
312 563 590 631 tempore
622 554 895 615 damnari
925 554 1208 615 vidimus.

277 652 335 713 9.
378 654 462 711 Te
489 660 691 712 tamen
714 700 729 725 ,
763 653 832 727 Q.
857 650 1050 722 Muci,
1083 660 1205 711 tam
1233 652 1390 710 male
1420 652 1497 712 de
1523 654 1754 730 populo
1791 653 2070 713 Romano
2100 649 2222 710 exi-

146 736 397 799 stimare
430 738 689 796 moleste
723 737 852 795 sero
872 781 886 806 ,
921 734 1023 809 qui
1042 734 1336 795 hesterno
1370 734 1467 794 die
1498 752 1595 796 me
1625 752 1770 797 esse
1798 736 2049 812 dignum
2081 749 2222 796 con-

145 822 350 882 sulatu
383 820 678 894 negabas.
757 818 954 891 Quid?
1001 820 1270 895 populus
1304 818 1619 881 Romanus
1660 820 1859 880 minus
1901 819 2225 893 diligenter

147 902 264 964 sibi
317 901 718 963 constitueret
769 902 1157 962 defensorem
1213 918 1393 976 quam
1442 909 1504 962 tu
1542 903 1689 964 tibi?
1756 903 1869 978 Qui
1925 920 2112 979 quum
2164 909 2223 962 te

143 986 358 1065 [reum]
403 986 547 1048 l'urti
576 987 642 1045 L.
677 984 936 1045 Calenus
979 991 1220 1059 ageret,
1272 1002 1370 1045 me
1412 986 1794 1059 potissimum
1847 990 2222 1047 fortunarum

142 1077 384 1130 tuarum
434 1077 760 1144 patronum
808 1083 950 1130 esse
991 1067 1258 1129 voluisti.
1334 1068 1516 1130 Cuius
1566 1077 1629 1132 tu
1665 1069 1989 1131 consilium
2018 1069 2079 1129 in
2118 1075 2224 1129 tua

144 1152 498 1229 turpissima
529 1167 716 1213 causa
748 1150 1056 1226 delegisti,
1088 1152 1251 1211 hunc
1281 1152 1850 1215 honestissimarum
1885 1169 2086 1214 rerum
2120 1152 2222 1212 de·

145 1237 455 1297 fensorem
497 1238 766 1312 populus
816 1235 1133 1295 Romanus
1181 1242 1434 1310 auctore
1484 1243 1542 1297 te
1596 1237 1922 1314 repudiare
1976 1235 2223 1312 potest?

141 1318 269 1380 Nisi
300 1320 456 1380 sorte
484 1320 603 1379 hoc
636 1318 910 1379 dicturus
941 1333 1043 1391 es,
1077 1336 1200 1394 quo
1234 1326 1509 1395 tempore
1532 1336 1569 1380 a
1597 1321 1660 1383 L.
1697 1322 1921 1381 Caleno
1955 1317 2095 1379 furti
2120 1319 2221 1377 de·

142 1404 305 1464 latus
338 1402 456 1477 siS,
506 1419 581 1464 eo
615 1410 892 1477 tempore
934 1400 995 1461 in
1036 1418 1131 1464 me
1161 1402 1267 1463 tibi
1297 1420 1512 1478 parum
1550 1402 1757 1465 auxilii
1792 1420 1935 1464 esse
1969 1401 2218 1464 vidisse.

276 1516 373 1576 10.
415 1519 651 1591 Atque,
701 1522 770 1576 ut
800 1516 982 1576 istum
1018 1517 1320 1589 omittam,
1363 1515 1420 1576 in
1461 1516 1734 1578 exercitu
1765 1516 2016 1578 Sullano
2048 1531 2223 1593 prae·

143 1600 371 1660 donem
391 1647 405 1672 ‚
438 1598 495 1659 in
531 1598 779 1660 introitu
810 1598 1243 1684 gladiatorem,
1288 1599 1347 1659 in
1378 1598 1635 1662 victoria
1664 1599 2135 1677 quadrigarium.

220 1775 223 1776 7
272 1698 367 1757 11.
408 1699 492 1759 Te
528 1715 705 1771 vern,
762 1696 1043 1771 Catilina,
1097 1699 1483 1761 consulatum
1515 1716 1768 1776 sperare
1808 1707 1914 1761 aut
1954 1700 2222 1777 cogitare

141 1798 267 1842 non
298 1781 644 1856 prodigium
677 1789 863 1857 atque
896 1788 1246 1856 portentum
1278 1785 1413 1844 est?
1494 1785 1549 1843 A
1582 1784 1801 1858 quibu·
1834 1784 1992 1844 enim
2023 1783 2223 1858 petis?

139 1869 197 1926 A
229 1865 606 1942 principibus
641 1864 941 1926 civitatis?
1002 1865 1105 1941 qui
1140 1866 1277 1940 tibi,
1339 1884 1525 1943 quum
1563 1869 1627 1927 L.
1661 1867 1944 1930 Volcatio
1980 1884 2111 1928 cos‚
2159 1866 2219 1925 in

138 1948 402 2010 consilio
446 1949 737 2023 fuissent,
799 1965 878 2009 ne
923 1950 1170 2024 petendi
1215 1951 1459 2026 quidem
1507 1957 1874 2026 potestatem
1928 1966 2071 2011 esse
2113 1966 2223 2010 vo·

137 2035 401 2094 luerunt.
432 2066 517 2079 —
549 2035 600 2092 A
639 2031 1072 2094 senatoribus?
1130 2034 1233 2109 qui
1260 2042 1322 2095 te
1357 2034 1719 2095 auctoritate
1749 2049 1865 2095 sua
1890 2032 2220 2108 spoliatum

136 2116 516 2178 ornamentis
550 2115 832 2179 omnibus
858 2115 1130 2177 vinetum
1164 2134 1364 2192 paene
1394 2117 1697 2178 Africanis
1729 2116 2077 2179 oratoribus
2107 2124 2222 2176 tra-

135 2199 450 2262 diderunt.
486 2234 570 2245 —
613 2201 712 2261 Ab
767 2200 1039 2276 equestri
1093 2200 1351 2262 ordine?
1423 2218 1603 2276 quem
1659 2200 1996 2261 trucidasti.
2038 2233 2125 2246 --
2165 2200 2222 2257 A

138 2283 367 2360 plebe?
413 2284 510 2345 cui
555 2286 974 2361 spectaculum
1024 2283 1156 2346 eius
1201 2284 1368 2346 modi
1401 2292 1506 2347 tua
1551 2285 1879 2346 crudelitas
1924 2281 2221 2361 praebuit,

140 2374 213 2427 ut
266 2374 329 2427 te
378 2384 558 2428 nemo
616 2367 750 2430 sine
800 2370 1029 2443 gemitu
1082 2385 1156 2430 ac
1205 2369 1635 2432 recordatione
1686 2371 1884 2431 luctus
1941 2365 2222 2444 aspicere

136 2449 368 2527 possit.

271 2548 368 2610 12.
415 2548 593 2624 Quod
623 2557 809 2624 caput
838 2546 1018 2608 etiam
1050 2557 1176 2610 tum
1214 2550 1463 2625 plenum
1491 2550 1729 2628 animae
1762 2556 1824 2608 et
1864 2547 2113 2624 spiritus
2142 2550 2222 2610 ad

134 2629 612 2777 {gislagietililffiue
647 2633 723 2693 ab
763 2632 1032 2693 laniculo
1068 2633 1147 2691 ad
1181 2633 1399 2694 aedem
1432 2630 1737 2707 Apollinis
1770 2632 2047 2692 manibus
2084 2632 2222 2709 ipse

273 2810 368 2872 13.
416 2811 572 2887 Quid
596 2820 662 2873 tu
682 2820 862 2887 potes
898 2812 956 2873 in
984 2811 1347 2872 defensione
1380 2817 1480 2871 tua
1512 2808 1747 2882 dicere,
1783 2809 1953 2884 quod
1982 2808 2063 2870 illi
2095 2827 2217 2873 non

136 2893 447 2957 dixerint?
488 2939 503 2956 .
531 2940 544 2953 .
573 2939 588 2956 .
623 2911 783 2969 quae
809 2895 915 2956 tibi
949 2895 1156 2956 dicere
1189 2912 1313 2956 non
1345 2892 1550 2954 licebit
1579 2936 1594 2951 .
1622 2937 1637 2952 .
1666 2937 1680 2949 .
1708 2936 1723 2952 .

835 3039 840 3044 “
929 3049 997 3088 m·
1040 3049 1252 3088 pauno
1287 3047 1440 3087 Pos'r.

274 3147 373 3207 14.
419 3145 702 3222 Denique
730 3144 814 3206 illi
844 3162 1072 3220 negare
1101 3151 1436 3221 potuerunt
1467 3148 1529 3202 et
1563 3147 1971 3216 negaverunt:
2019 3146 2082 3201 tu
2115 3139 2222 3202 tibi

133 3247 221 3292 ne
265 3228 565 3291 infitiandi
607 3228 852 3306 quidem
895 3227 1310 3305 impudentiae
1347 3229 1552 3288 locum
1592 3223 1908 3300 reliquisti.
1984 3224 2115 3298 Qua
2152 3240 2222 3284 re

135 3314 462 3391 praeclara
492 3313 771 3374 dicentur
793 3311 1016 3373 iudicia
1040 3311 1285 3383 tulisse,
1314 3309 1394 3383 si,
1429 3309 1530 3385 qui
1559 3308 1912 3370 infitiantem
1935 3307 2230 3370 Luscium
2276 3330 2280 3334 ·

137 3397 664 3471 condemnarunt,
709 3395 1020 3499 (gatilinam
1056 3393 1433 3458 absolverint
1463 3394 1920 3537 confitenffimx
2008 3466 2012 3468 ὴ
2074 3431 2098 3463 ·.

228 3496 341 3542 c1c.
373 3482 478 3542 IV.
507 3489 560 3543 3.
1499 3538 1502 3541 .
