2381 3723
0 863 52 1087 ίὶἷῖιῖἑ
19 671 51 840 ἤην·

0 1146 51 1560 ἑιῒὲἔ“ἰὶἔῖ·ιὶ.ἔλ

0 1625 49 1720 ιὲἑ·

142 81 145 86 ’
256 117 378 180 236
1044 115 1541 177 FRAGMENTA.
2255 125 2328 179 46

380 270 510 329 XX.
554 267 655 328 45.
675 290 723 329 e.
798 268 1023 329 Timere
1046 286 1143 329 vos
1164 271 1321 329 dixit
1339 275 1649 330 accusator
1673 287 1749 329 ne
1768 269 2033 329 Scaurus
2054 285 2128 327 ea
2142 284 2326 342 pecu-

254 356 375 426 nia,
398 369 576 428 quam
599 353 675 412 ab
697 354 869 413 sociis
888 354 1231 425 abstulisset,
1253 361 1468 413 emeret
1486 356 1850 413 consulatum
1873 357 1955 424 et,
1984 355 2134 412 sicut
2144 359 2328 426 pater

253 440 381 496 eius
417 438 684 509 fecisset,
738 443 874 496 ante
902 454 1080 536 quam
1128 439 1205 497 de
1240 454 1309 497 eo
1349 439 1613 497 iudicari
1638 443 1865 511 posset,
1913 439 2327 509 maqistratum

254 523 433 580 iniret
458 536 534 580 ac
564 536 774 579 rursus
799 527 937 579 ante
964 509 1120 581 alias
1149 523 1491 595 provincias
1517 524 1800 596 spoliaret
1823 536 2001 595 quam
2036 523 2328 579 rationem

251 606 475 677 prioris
499 605 1022 664 administrationis
1059 606 1363 676 redderet,
1414 613 1589 680 atque
1629 606 1788 665 hanc
1824 607 2017 679 ipsam
2039 602 2328 662 Triarius

256 688 647 746 accusationis
687 693 807 769 tam
847 688 1103 760 turbide,
1147 695 1267 747 tam
1289 688 1650 762 festinanter
1676 705 1717 746 a
1746 705 1811 748 se
1834 692 2139 762 susceptae
2166 702 2328 746 cau-

255 786 385 830 sam
422 771 703 830 reddidit.
790 769 891 830 45.
910 775 962 831 d.
1012 771 1171 843 Quid
1207 773 1317 831 hoc
1356 780 1442 833 est
1488 769 1789 847 portenti?
1843 773 1990 846 quid
2019 772 2130 830 lzoc
2168 785 2329 845 pro-

258 855 411 926 diyii
454 849 581 913 est?
659 865 680 933 [
692 867 794 917 Hoc
841 867 953 918 loco
1011 867 1228 920 fortasse
1293 871 1470 935 reponi
1528 872 1715 935 poterit
1771 869 2108 935 fragmentum
2170 867 2330 916 huius

257 937 529 996 orationiS,
578 937 713 999 quod
750 944 826 985 est
861 937 997 1002 apud
1040 937 1387 1003 Eugraphium
1421 939 1486 988 ad
1532 940 1733 993 Terent.
1783 938 2049 989 Heautont.
2098 952 2150 1001 p.
2199 936 2324 989 524.

257 1022 451 1080 Klotz„
494 1021 556 1071 ab
591 1020 896 1082 editoribus,
952 1029 1006 1067 ut
1041 1020 1266 1081 videtur,
1297 1021 1734 1085 praetermissum:
1810 1007 2033 1081 ‘Quae,
2077 1006 2323 1076 malum,

259 1097 356 1149 est
386 1089 501 1149 ista
522 1088 752 1149 ratio‘v
765 1094 786 1161 J
857 1089 1045 1163 Quem
1074 1103 1344 1164 purpura
1373 1088 1595 1164 regalis
1626 1106 1748 1151 non
1790 1088 2150 1160 commovit,
2184 1104 2319 1149 eum

260 1173 595 1233 Sardorum
629 1179 937 1232 mastruca
967 1172 1256 1232 mutavit?
1302 1186 1561 1254 [Isidori
1591 1187 1755 1254 Etym.
1796 1188 1884 1239 lib.
1915 1187 2051 1237 xlx.
2092 1201 2205 1251 cap.
2233 1186 2317 1238 23.

256 1274 302 1334 ς,
342 1270 419 1336 5,]
499 1256 600 1314 45.
620 1276 667 1315 e.
716 1256 892 1316 Nemo
937 1259 1090 1315 enim
1136 1258 1288 1317 adeo
1328 1257 1537 1330 hospes
1586 1259 1648 1315 in
1676 1259 1793 1318 hac
1843 1259 1988 1317 urbe
2035 1263 2324 1325 versatur,

257 1349 322 1400 ut
348 1342 808 1414 pereyrinentur
845 1342 971 1398 eius
1018 1356 1197 1398 aures
1222 1356 1409 1413 neque
1446 1342 1507 1398 in
1548 1341 1658 1399 hoc
1702 1347 2033 1415 pervapato
2072 1340 2327 1399 civitatis

256 1440 521 1483 sermone
560 1429 889 1494 versentur,
941 1422 1027 1481 M.
1056 1422 1352 1482 Scaurum
1366 1468 1380 1494 ,
1437 1425 1642 1483 vitrico
1678 1441 1784 1485 suo
1813 1424 1881 1486 L.
1909 1423 2079 1483 Sulla
2108 1425 2328 1481 victore

256 1515 314 1566 et
375 1508 647 1576 munifico
705 1508 769 1564 in
818 1508 1002 1565 socios
1054 1509 1358 1579 victoriae,
1418 1509 1503 1566 ita
1557 1509 1933 1568 abstinentem
1981 1506 2176 1580 fuisse
2189 1549 2204 1576 ,
2260 1511 2330 1563 ut

257 1589 405 1648 nihil
444 1605 631 1660 neque
668 1590 888 1647 donari
922 1589 1036 1647 sibi
1059 1592 1308 1649 voluerit
1333 1606 1519 1664 neque
1557 1592 1633 1651 ab
1678 1593 1852 1651 hasta
1901 1594 2124 1651 emerit.
2195 1588 2328 1648 Hoc

257 1674 392 1732 aliis
438 1672 708 1731 mirabile
757 1673 1017 1731 videtur.-
1071 1675 1169 1731 ille
1221 1674 1454 1745 quidem
1495 1677 1671 1734 aliter
1699 1675 1914 1749 facere
1960 1691 2076 1733 non
2114 1673 2324 1748 potuit.

257 1756 613 1815 Meminerat
655 1757 808 1814 enim
849 1772 911 1815 se
950 1757 1077 1814 eius
1111 1772 1236 1815 esse
1268 1759 1485 1829 filium,
1541 1761 1645 1831 qui
1683 1761 1981 1818 senatoria
2017 1758 2324 1827 sententia,

256 1841 425 1901 cuius
453 1845 587 1900 erat
612 1841 711 1900 ille
735 1841 1031 1914 princeps,
1083 1856 1158 1900 ac
1184 1847 1330 1900 nutu
1349 1856 1542 1917 prope
1568 1848 1868 1902 terrarum
1896 1842 2089 1902 orbem
2117 1841 2326 1900 rexis-

256 1931 359 1985 set.
443 1923 543 1984 45.
564 1928 598 1984 s.
659 1923 846 1994 Quam
885 1924 956 1983 ob
991 1940 1116 1983 rem
1131 1970 1145 1995 ,
1198 1922 1388 1983 Sardi
1434 1928 1667 1985 venales
1681 1972 1695 1998 ‚
1748 1930 1970 2001 impero
2012 1925 2195 1995 vobis,
2232 1931 2326 1995 ut,

257 2008 376 2068 hoc
428 2005 674 2081 nomine
724 2005 967 2078 audito,
1027 2007 1193 2082 quod
1248 2023 1360 2082 per
1402 2023 1617 2068 omnes
1667 2016 1885 2085 gentes
1926 2013 2325 2084 pervagatum

194 2146 199 2151 .
259 2097 357 2152 est
394 2105 786 2171 [Arusianus
822 2108 1097 2157 Messius
1133 2123 1183 2172 p.
1225 2110 1344 2159 256.
1383 2107 1665 2171 Lindem.]‚
1722 2094 1799 2153 de
1854 2090 2072 2152 familia
2134 2088 2326 2151 nobili

259 2174 377 2249 ipsi
411 2190 659 2250 quoque
689 2192 828 2234 cum
871 2175 1037 2236 orbis
1069 2184 1368 2237 terrarum
1399 2175 1759 2237 auctoritate
1791 2174 2085 2236 sentiatis,
2157 2187 2327 2255 [Am-

259 2259 505 2307 mianus
541 2258 970 2308 Marcellinus
1006 2260 1093 2311 lib.
1133 2260 1292 2309 ΧΧΙΙ.
1332 2274 1442 2324 cap.
1480 2258 1587 2324 15.]

378 2361 536 2420 XXI.
579 2360 680 2419 45.
698 2382 752 2435 g.
839 2362 1012 2422 Nunc
1038 2363 1121 2420 M.
1154 2363 1446 2433 Scaurus,
1495 2364 1770 2435 squalore
1795 2361 2097 2431 sordidus,
2127 2361 2326 2419 lacri-

254 2446 364 2501 mis
390 2460 465 2503 ac
491 2461 761 2504 maerore
776 2446 1079 2520 perditus,
1129 2454 1317 2506 vester
1340 2455 1428 2505 est
1456 2447 1742 2521 supplex,
1786 2444 2040 2515 iudices,
2070 2449 2326 2502 vestram

247 2527 428 2600 fidem
454 2528 792 2600 obtestatur,
844 2530 1308 2589 misericordiam
1346 2530 1649 2603 implorat,
1702 2534 1953 2595 vestram
1983 2533 2327 2600 potestatem

249 2628 325 2670 ac
359 2619 582 2672 vestras
609 2629 749 2687 opes
779 2615 1054 2672 intuetur.
1128 2612 1341 2683 Nolite,
1386 2629 1502 2687 per
1541 2612 1679 2671 deos
1713 2606 2106 2669 immortales!
2155 2610 2322 2667 iudi-

246 2712 343 2755 ces
358 2741 371 2765 ,
425 2699 764 2770 permittere
803 2703 870 2755 ut
906 2696 981 2755 ab
1013 2698 1223 2769 iynotis
1256 2697 1489 2755 testibus
1503 2739 1518 2767 ,
1569 2695 1645 2753 ab
1689 2694 2014 2753 hominibus
2049 2692 2329 2751 barbaris

245 2781 390 2839 civis
432 2795 508 2839 ac
535 2782 791 2853 supplex
831 2785 1018 2838 vester
1048 2795 1165 2838 non
1190 2782 1378 2839 solum
1416 2780 1725 2839 consulatu
1738 2824 1752 2849 ,
1797 2792 1912 2850 quo
1930 2793 1994 2835 se
2025 2776 2326 2835 honestio—
2344 2789 2358 2800 ·

136 2910 145 2919 .
249 2877 373 2919 rem
402 2861 543 2932 fore
562 2865 825 2937 putavit,
879 2877 1079 2921 verum
1106 2864 1282 2921 etiam
1324 2863 1574 2922 caeteris
1613 2868 1751 2920 ante
1772 2862 1968 2934 partis
1995 2859 2326 2918 honestati-

248 2944 354 3002 bus
396 2953 570 3017 atque
608 2946 768 3004 omni
805 2946 1092 3017 divnitate
1125 2946 1493 3020 fortunaque
1527 2947 1814 3019 privetur.
1883 2943 2070 3015 Atque
2108 2943 2195 2999 ita
2225 2957 2326 3000 vos

247 3028 327 3086 Sc
374 3044 548 3097 urus,
585 3029 839 3100 iudices,
868 3035 1003 3088 orat
1027 3036 1203 3102 atque
1228 3030 1519 3100 obsecrat,
1554 3031 1610 3088 si
1632 3031 1843 3087 iniuste
1867 3027 2156 3085 neminem
2182 3027 2324 3083 lae-

248 3113 348 3178 sit,
392 3114 448 3169 si
469 3113 687 3170 nullius
716 3127 895 3171 aures
921 3115 1337 3172 voluntatemve
1363 3114 1624 3183 violavit,
1665 3112 1722 3170 si
1754 3111 2000 3180 nemini,
2048 3117 2113 3166 ut
2138 3109 2322 3166 levis-

247 3192 389 3248 sime
438 3193 662 3333 ἀίῗαηι,
718 3194 853 3253 odio
895 3194 1038 3265 fuit.
1121 3195 1313 3256 Semel
1358 3203 1582 3255 tantum
1630 3195 1742 3254 has
1780 3200 1994 3269 partes
2027 3193 2228 3265 pietas
2266 3190 2325 3249 ei

245 3273 504 3342 imposui
