2381 3723
171 123 298 187 354
995 122 1482 186 FRAGMENTA
2167 138 2264 192 164

86 361 91 366 ⁷
296 277 398 339 30.
443 276 954 353 Umbraeulisque
1011 274 1405 338 silvestribus
1481 289 1655 357 [Idem
1709 292 1777 342 aa
1822 292 2012 360 virgil.
2070 294 2184 347 Ecl.
2211 295 2261 350 9.

168 377 219 412 ν.
255 360 396 493 4ἐξ.
441 430 812 494 Mortul’lunt
865 443 1292 511 [Augustinus
1328 442 1392 491 de
1425 443 1756 508 grammatica
1790 457 1846 509 p.
1869 437 2051 511 2006.]

295 514 396 576 32.
445 517 759 591 Quaesere
795 528 1083 596 [Phooae
1120 528 1219 577 Ars
1248 541 1301 592 p.
1327 525 1479 577 1718.
1512 526 1647 578 conr.
1684 527 1828 578 Arat.
1862 544 1912 577 v.
1941 516 2052 594 18.]’

663 667 878 718 rme
914 661 1248 728 Lfflaonum
1285 660 1529 714 numm:
1563 663 1749 717 muni.

810 781 813 784 *
968 769 1036 807 DE
1074 768 1145 807 RE
1185 768 1446 808 MILITARI.

309 845 463 913 [Mai.
495 845 657 899 catal.
697 844 858 902 codd.
892 847 1133 898 Ambros.
1167 845 1273 913 ci]
1365 835 1368 836 ’

616 919 729 995 ’ΒΕ
761 943 1334 998 mamm-namnum
1371 913 1771 1004 miscuimus,

304 1033 383 1079 An
435 1028 634 1093 priores
678 1030 934 1095 coeperint
970 1027 1317 1079 Alexandriae
1363 1038 1412 1079 et
1447 1030 1682 1098 Pergami
1719 1045 1895 1097 reges,
1942 1031 2029 1093 qui
2066 1031 2255 1083 biblio·

161 1100 338 1150 thecas
387 1112 574 1164 magno
622 1099 898 1149 certamine
947 1098 1241 1159 instituere,
1300 1113 1400 1149 non
1449 1099 1601 1150 facile
1643 1100 1878 1150 dixerim.
1963 1100 2253 1165 imaginum

163 1183 335 1219 amore
374 1170 623 1233 flagrasse
657 1169 912 1232 quondam
944 1175 1100 1218 testes
1137 1177 1256 1219 sunt
1291 1175 1342 1217 et
1378 1170 1576 1220 Atticus
1609 1168 1693 1218 ille
1726 1166 1984 1219 Ciceronis
2020 1169 2157 1220 edito
2192 1171 2255 1221 de

162 1238 244 1294 his
289 1238 550 1289 volumine
595 1245 644 1287 et
691 1236 760 1288 M.
797 1238 954 1287 Varro
1000 1237 1368 1301 benignissimo
1405 1238 1638 1300 invento,
1693 1238 1898 1287 insertis
1934 1236 2251 1289 voluminum

162 1322 368 1359 suorum
412 1306 712 1358 fecunditati
758 1321 859 1359 non
902 1307 1192 1356 nominibus
1234 1314 1426 1357 tantum
1471 1308 1906 1372 septingentorum
1937 1305 2250 1371 illustrium,

163 1378 255 1428 sed
299 1386 349 1427 et
396 1375 569 1439 aliquo
618 1375 770 1428 modo
820 1375 1159 1442 imaginibus,
1207 1390 1309 1426 non
1356 1390 1542 1442 passus
1584 1376 1884 1426 intercidere
1931 1374 2122 1442 figuras
2165 1388 2254 1428 aut

162 1453 462 1497 vetustatem
505 1445 620 1495 aevi
663 1452 837 1495 contra
881 1444 1115 1497 homines
1163 1445 1362 1509 valere,
1415 1446 1649 1495 inventor
1692 1446 1919 1495 muneris
1967 1446 2121 1496 etiam
2170 1448 2253 1497 dis

161 1515 430 1573 invidiosi,
485 1514 688 1595 quando
737 1513 1168 1565 immortalitatem
1216 1529 1317 1566 non
1361 1514 1528 1565 solum
1565 1514 1739 1576 dedit,
1787 1528 1965 1564 verum
2010 1516 2165 1565 etiam
2199 1517 2250 1567 in

163 1599 337 1635 omnes
373 1591 530 1633 terras
566 1583 734 1642 misit,
773 1591 829 1638 ut
865 1591 1161 1648 praesentes
1195 1599 1312 1635 esse
1343 1584 1531 1648 ubique
1553 1592 1603 1634 et
1619 1583 1788 1634 claudi
1811 1584 2250 1652 possent.[P1i-

162 1655 310 1704 nius
344 1652 406 1703 fl.
441 1650 502 1702 N.
541 1650 631 1705 lib.
652 1651 867 1711 XXXV.
905 1667 1021 1719 cap.
1045 1656 1098 1704 2.
1137 1667 1182 1707 a.
1200 1655 1251 1704 2.
1290 1655 1340 1717 5.
1367 1654 1449 1705 11.
1510 1651 1614 1703 Sed
1641 1654 1894 1719 pertinere
1917 1652 2015 1704 hoc
2040 1655 2108 1704 ad
2135 1670 2249 1720 per-

164 1736 342 1774 sonam
394 1721 574 1785 Attici,
636 1736 736 1771 non
775 1720 1064 1782 Ciceronis,
1111 1737 1177 1771 ex
1226 1722 1630 1790 interpunctione
1675 1729 1912 1789 apparet,
1968 1735 2123 1787 quam
2157 1736 2249 1772 nos

159 1792 448 1857 Harduino,
492 1788 723 1857 Silligio,
765 1791 879 1843 aliis
912 1792 1205 1869 auctoribus
1244 1789 1600 1857 restituimus.]

847 1931 952 1983 vt.
1027 1928 1552 1982 CHOROGRAPHIA.

920 2019 1233 2058 Annorum
1272 2020 1474 2061 nonan.

297 2101 846 2166 Choroyraphiam
893 2114 998 2163 pro
1051 2101 1510 2160 Varroniana,
1564 2107 1619 2150 ut
1668 2100 1924 2157 Patricius
1971 2102 2248 2165 existimat,

159 2169 648 2220 Ciceronianam
699 2184 825 2219 unua
877 2178 1117 2219 memorat
1168 2171 1504 2221 Mecium:
1558 2184 1698 2234 quem
1741 2171 1828 2234 qui
1873 2178 2036 2232 nuper
2089 2171 2251 2220 edidit

156 2238 426 2300 Krelzlimt,
474 2238 524 2289 Ιι.
579 2241 617 2292 1.
674 2238 1216 2302 orthographiam
1264 2241 1423 2292 scribi
1471 2242 1637 2302 iussit,
1690 2237 1922 2288 subiectis
1974 2237 2248 2289 chrono-

150 2308 481 2373 9raphiae
516 2314 567 2357 et
599 2306 1122 2371 chorographiae
1163 2309 1470 2360 lectionibus.
1542 2307 1657 2373 Eyo
1701 2305 2249 2372 choroyrapkiam

160 2376 317 2442 [idem
350 2377 585 2440 probavit
603 2391 764 2439 nuper
786 2374 1052 2442 Hertzitee]
1069 2412 1085 2437 ,
1125 2378 1283 2427 eidem
1306 2386 1549 2444 tamquam
1570 2391 1887 2441 synonymum
1904 2384 2247 2440 contemptam,

154 2445 379 2511 orthoy
392 2445 661 2509 raphiae
691 2444 1088 2508 praeferendam
1125 2445 1268 2497 duxi.
1340 2448 1509 2498 Huius
1551 2447 1675 2496 enim
1699 2447 1879 2494 nullum
1906 2453 2113 2511 usquam
2150 2448 2252 2497 nisi

152 2518 204 2566 in
239 2522 412 2566 vetere
446 2514 656 2580 quodam
692 2513 866 2564 Indice
885 2512 968 2596 ·(v.
989 2512 1177 2578 Script.
1202 2516 1302 2568 Cic.
1324 2514 1488 2580 Subi.)
1516 2517 1762 2565 invenitur
1782 2515 2052 2580 vestigium,
2118 2515 2251 2566 Gho-

153 2584 475 2650 roqraphiam
507 2599 626 2634 vero
653 2583 792 2634 haud
821 2584 926 2634 ecio
957 2599 1025 2633 an
1042 2584 1167 2634 illud
1180 2585 1355 2636 Cicero
1372 2585 1689 2648 &ascripserit
1702 2598 1826 2646 opus
1838 2583 2247 2667 yeoqraphicum,

152 2656 204 2702 in
239 2669 335 2720 quo
366 2654 670 2718 conficiendo
700 2669 758 2705 se
790 2653 1014 2703 Caesare
1041 2653 1226 2704 Bibulo
1249 2670 1381 2705 coss.
1401 2671 1445 2708 8.
1468 2670 1519 2707 a.
1541 2670 1589 2702 u.
1611 2668 1657 2706 c.
1681 2651 1804 2705 695.
1826 2652 2097 2703 elaborare
2116 2656 2251 2703 scri-

153 2723 223 2773 bit
265 2724 338 2774 ad
373 2724 486 2776 Atc.
537 2724 622 2775 lib.
643 2722 723 2774 ΙΙ.
774 2737 889 2785 epp.
919 2723 973 2775 4.
1005 2721 1056 2772 6.
1096 2724 1142 2773 7.
1217 2724 1504 2774 Praeterea
1550 2720 1768 2773 Orelline
1811 2719 2128 2772 Savaronem
2177 2723 2253 2772 ad

150 2790 328 2846 Sidon.
364 2795 710 2857 Apollinarem
741 2806 795 2856 p.
818 2791 870 2843 3.
907 2791 1137 2854 conferri
1164 2793 1318 2843 iubet.

284 2877 478 2936 1.1bi
524 2891 896 2952 quercorum
932 2873 1084 2935 rami
1128 2875 1211 2935 ad
1239 2881 1465 2935 terram
1506 2872 1736 2947 iacent,
1777 2878 1846 2934 ut
1880 2886 2028 2932 sues
2065 2871 2249 2947 quasi

155 2977 380 3037 caprae
412 2978 490 3022 ex
521 2958 706 3020 ramis
737 2958 962 3035 glande
991 2966 1348 3036 pascantur.
1394 2972 1800 3041 [priscianus
1822 2972 1911 3025 lib.
1916 2972 2006 3023 vl.
2029 2987 2146 3039 cap.
2135 2973 2245 3023 .16

151 3048 203 3110 5.
223 3046 311 3100 83.
347 3062 402 3114 p·
423 3047 556 3110 267,
595 3045 645 3097 5.
684 3040 878 3109 Hertz]
1887 3084 1890 3087 ,

912 3183 983 3223 1)ss
1026 3183 1471 3223 camoenarum.

297 3261 390 3326 [In
425 3265 610 3314 Vetere
653 3264 822 3313 Indice
868 3261 1140 3312 Librorum
1177 3262 1434 3314 Ciceronis
1469 3260 1537 3312 ad
1574 3261 1762 3311 calcem
1797 3224 1953 3325 Reip..
1987 3274 2075 3324 ap.
2117 3259 2242 3313 Mai.

152 3328 204 3376 in
218 3329 463 3394 catalog.
504 3331 664 3381 Codd.
705 3332 942 3385 Ambros.
975 3331 1055 3383 CI.
1095 3333 1231 3387 conf
1267 3332 1454 3383 Adnot.
1492 3345 1657 3381 meam
1696 3330 1764 3379 ad
1797 3329 1981 3394 fragm.
2016 3329 2083 3379 de
2108 3326 2244 3379 cuo-

151 3396 443 3460 rographia.
496 3398 707 3463 Nona]
