2381 3723
254 147 358 204 119
1008 134 1568 196 POEMATORUM.
2189 134 2316 197 309

251 288 562 349 Malebant
592 286 756 348 tenui
789 287 1058 348 contenti
1091 286 1297 347 vivere
1328 286 1510 357 cultu,

251 371 600 445 Sufficiente
628 373 743 432 dea
769 374 934 431 iustis
948 375 1132 446 pleno
1157 371 1354 430 omnia
1382 385 1585 429 cornu.

251 457 421 516 Haec
447 461 672 527 manet,
720 457 783 514 in
809 457 1029 515 sanetis
1056 455 1199 514 dum
1220 470 1370 528 qens
1396 459 1594 512 manet
1618 467 1808 512 aurea
1838 455 2045 513 terris:

254 542 331 599 Αι
354 554 472 598 non
499 540 736 613 arqenti
756 540 928 598 nimis
953 546 1041 598 est
1064 541 1288 598 laetata
1316 539 1563 607 metallo,

253 623 518 683 Moribus
547 628 606 682 et
628 623 812 682 versis
838 637 1009 682 versa
1037 628 1125 682 est
1141 623 1319 696 prior
1345 622 1478 695 ipsa
1506 623 1787 694 voluntas,
2221 632 2317 684 120

252 705 540 779 Raraque
562 707 757 781 peiori
773 707 971 765 iunxit
990 722 1102 765 sua
1127 707 1372 764 numina
1394 706 1560 778 penti
1569 724 1589 762 .-

253 788 396 848 Sola
424 789 535 848 sed
559 806 639 849 ex
664 791 868 850 raucis
901 789 1261 849 descendens
1291 789 1575 847 montibus
1602 787 1739 859 ibat,

252 871 374 932 Sub
400 878 649 946 noctem,
692 874 849 932 nulli
869 874 1084 932 teneris
1111 872 1379 932 blandita
1407 873 1663 945 loquelis,

253 954 378 1016 Sed
399 957 577 1016 simul
602 971 676 1016 ac
703 972 955 1030 maanus
980 957 1278 1016 hominum
1305 956 1602 1028 miyrarat
1627 953 1715 1012 ad
1736 953 1926 1028 urbes,

252 1037 532 1114 Improba
564 1042 837 1111 terrificis
862 1042 951 1101 sie
977 1042 1102 1100 ulta
1128 1045 1218 1099 est
1245 1041 1497 1099 crimina
1526 1037 1713 1097 verbis
1726 1058 1746 1096 .·
1975 1050 1980 1053 ·
2215 1048 2313 1100 125

250 1122 384 1182 Non
411 1138 519 1197 eqo
542 1138 636 1183 me
665 1124 881 1198 dianor
908 1124 1155 1198 posthac
1178 1130 1509 1183 monstrare
1539 1121 1871 1194 videndam,

253 1205 523 1279 Deqener
547 1222 583 1267 o
609 1210 846 1282 primae
864 1210 1069 1282 proles
1095 1223 1255 1266 nunc
1286 1209 1477 1266 altera
1498 1206 1709 1280 prolis,

248 1288 582 1362 Deyeneres
612 1292 935 1364 iterumque
963 1293 1285 1364 iterumque
1310 1289 1588 1349 habitura
1619 1296 1854 1363 nepotes
1868 1309 1889 1347 .-

258 1371 423 1433 Tune
442 1372 589 1446 fera
616 1374 769 1433 bella
805 1375 1101 1434 hominum
1125 1376 1339 1448 yeneri
1360 1373 1685 1446 caedesque
1710 1371 2017 1444 nefandae

246 1455 604 1530 Impendent
628 1460 979 1532 culpamque
1005 1472 1195 1517 comes
1221 1472 1333 1517 sua
1353 1472 1553 1533 poena
1579 1465 1869 1530 sequetur.
2212 1466 2315 1521 130

249 1537 354 1598 Sic
380 1542 469 1599 ait
489 1545 549 1598 et
564 1544 817 1615 populos
830 1587 844 1612 ,
887 1544 1108 1601 intenta
1132 1544 1309 1601 etiam
1333 1556 1443 1601 ora
1471 1546 1742 1612 tenentes,

252 1621 492 1695 Linquit
512 1629 571 1682 et
597 1625 684 1683 ad
705 1631 923 1684 montes
949 1626 1346 1699 silvarumque
1369 1626 1507 1683 avia
1534 1623 1734 1684 tendit.

251 1704 422 1765 Haec
447 1713 612 1766 aetas
639 1711 817 1767 uitam
843 1710 1016 1783 liquit
1036 1709 1395 1783 sobolemque
1423 1709 1676 1781 reliquit.

250 1786 475 1847 Ferrea
505 1796 628 1850 tum
660 1807 810 1851 vero
846 1791 1052 1867 proles
1088 1798 1305 1852 exorta
1332 1796 1584 1867 repente
1615 1796 1728 1860 est,

256 1873 549 1947 Ansaque
580 1875 888 1936 funestum
924 1874 1117 1950 prima
1146 1884 1243 1935 est
1273 1873 1621 1935 fabricarier
1649 1886 1880 1945 ensem,
2210 1882 2310 1936 135
2371 1864 2381 1876 “

257 1953 329 2013 Et
356 1962 606 2030 gustare
638 1973 819 2018 manu
850 1957 1119 2019 vinetum
1146 1957 1565 2031 domitumque
1597 1954 1942 2015 iuvencum.

255 2036 444 2112 Tunc,
485 2046 731 2102 mortale
756 2057 939 2102 exosa
964 2058 1179 2115 oenus,
1230 2044 1344 2102 dea
1374 2044 1435 2100 in
1464 2043 1587 2098 alta
1616 2041 1828 2098 volavit

250 2120 323 2179 Et
351 2122 515 2183 Iovis
549 2123 608 2183 in
638 2140 828 2199 regno
862 2124 1135 2199 caelique
1166 2124 1225 2184 in
1257 2131 1433 2200 parte
1465 2122 1708 2194 resedit,

245 2204 547 2289 Jllustrem
572 2211 778 2268 sortita
801 2211 1020 2281 locum,
1063 2225 1184 2282 qua
1216 2217 1383 2269 nocte
1397 2222 1618 2268 ,serena

263 2288 442 2362 Viryo
470 2295 783 2366 conspicuo
807 2291 1008 2367 fulqet
1036 2295 1231 2353 uicina
1258 2292 1499 2353 Bootae.
2208 2297 2310 2353 140

375 2372 534 2433 Huic
548 2420 562 2445 ,
605 2376 878 2435 humeros
904 2392 1126 2451 supera
1157 2377 1452 2451 dupliees,
1499 2376 1853 2436 convertitur
1881 2376 2040 2435 alam

246 2454 345 2513 Aa
371 2455 647 2518 dextram
678 2458 862 2519 Graio
888 2460 1368 2534 Protryqeter
1400 2461 1632 2520 nomine
1659 2459 1838 2530 dicta,

243 2536 429 2597 Stella
457 2543 684 2601 micans
712 2544 822 2601 tali
850 2546 1043 2618 specie
1077 2546 1297 2616 talique
1321 2546 1525 2612 nitore,

246 2620 451 2690 Qualis
478 2630 538 2683 et
560 2626 877 2685 immensae
900 2626 1008 2685 sub
1037 2627 1237 2685 cauda
1265 2628 1510 2686 volvitur
1537 2623 1725 2683 Arcti.

240 2701 363 2763 Illa
390 2707 622 2780 quidem
648 2712 956 2783 flaqrans,
999 2710 1107 2770 sed
1129 2716 1189 2770 et
1212 2710 1351 2771 huic
1372 2708 1705 2783 tlaqrantia
1727 2708 1912 2781 plura
2208 2713 2305 2767 145

240 2785 486 2861 Sidera,
529 2807 684 2865 quae
698 2808 898 2867 parvo
916 2795 1142 2868 poteris
1169 2796 1436 2869 reperire
1466 2791 1684 2851 labore.

243 2869 395 2939 Quin
422 2876 598 2933 etiam
629 2882 767 2935 ante
785 2877 1000 2950 pedes,
1039 2892 1255 2950 mayno
1278 2875 1521 2949 fulqore
1547 2879 1764 2946 notata,

237 2952 425 3014 Stella
452 2958 624 3017 nitet.-
666 2959 882 3020 deliine
904 2963 1107 3034 prima
1130 2962 1406 3020 humeros
1431 2958 1612 3028 subit,
1655 2961 1847 3020 altera
1875 2958 2109 3026 lumbos,
2225 2955 2228 2960 ’

235 3036 441 3097 Tertia
478 3040 594 3100 sub
625 3042 824 3101 cauda
861 3042 941 3101 ad
967 3057 1166 3117 genus
1198 3042 1397 3119 ipsum
1435 3040 1658 3102 lumina
1684 3039 1914 3116 pandit.

240 3120 489 3181 Caetera
516 3125 626 3184 sed
648 3133 810 3185 certo
832 3128 1054 3201 passim
1089 3130 1222 3187 sine
1251 3128 1481 3187 nomine
1496 3123 1751 3199 fulqent.
2197 3133 2305 3192 150

362 3205 440 3264 Et
469 3214 647 3269 natos
681 3207 1037 3269 Geminos
1068 3208 1299 3271 invises
1332 3209 1447 3270 sub
1481 3214 1665 3283 caput
1692 3205 1890 3267 Arcti:

234 3284 565 3349 Subiectus
597 3290 831 3351 mediae
860 3300 956 3353 est
987 3292 1129 3352 Can
1147 3307 1272 3352 cer
1304 3291 1689 3368 pedibusque
1721 3297 1960 3349 tenetur

229 3370 480 3446 Magnu’
514 3373 659 3434 Leo
692 3377 1008 3437 tremulam
1039 3375 1321 3451 quatiens
1352 3391 1387 3435 e
1417 3390 1679 3451 corpore
1712 3373 2034 3434 flammam.
