2381 3723
179 91 306 155 312
994 89 1476 151 FRAGMENTA

304 242 456 303 Exin
490 241 784 304 contortis
814 241 1044 302 Aries
1080 258 1219 301 cum
1250 240 1541 302 cornibus
1575 240 1806 300 haeret.

180 329 295 389 Ille
322 328 585 403 quidem,
631 332 937 387 aeternum
962 329 1165 400 lonyos
1194 329 1451 400 ayitatus
1478 328 1539 384 in
1566 325 1751 396 orbes,

180 412 433 487 Segnior
459 411 628 471 haud
658 413 848 471 currit
872 412 1040 486 siano
1071 410 1465 484 Cynosuridos
1491 407 1674 480 Arcti,
1895 462 1898 467 ,

180 496 529 569 ἱαηραίἀαε
562 494 954 568 obscurusque
978 504 1205 566 tamen,
1255 509 1364 553 ceu
1391 495 1540 553 luna
1568 492 1849 552 retundat

181 581 489 639 Flammae
516 580 733 648 aciem,
777 578 1192 638 Andromedae
1220 593 1282 637 se
1306 583 1553 652 propter
1580 578 1821 650 cinaula
1850 576 2039 635 volvit.

186 663 231 721 E
264 660 484 736 quibus
517 661 678 720 hunc
712 659 924 720 subter
957 659 1164 736 possis
1198 675 1584 755 cognoscere
1616 661 1849 719 fultum.

182 745 326 803 Nam
360 743 511 803 caeli
541 743 800 803 mediam
841 750 1074 818 partem
1105 742 1268 815 terit,
1309 751 1381 804 ut
1411 742 1581 819 prius
1620 742 1758 803 illae

185 827 434 900 Chelae,
481 835 605 888 tum
643 833 861 903 pectus
896 828 1063 902 quod
1094 826 1362 888 cernitur
1390 825 1653 888 Orionis.

313 911 391 971 Et
416 927 614 986 prope
644 910 991 986 conspicies
1022 927 1278 987 parvum
1312 912 1427 972 sub
1462 918 1714 986 pectore
1744 910 1946 971 clarae

181 994 618 1055 Andromedae
650 994 925 1070 signum,
972 996 1342 1056 Deltoton
1377 994 1581 1055 dicere
1611 992 1776 1056 Graii

183 1078 359 1152 Quod
393 1078 587 1151 soliti,
632 1077 809 1139 simili
841 1077 982 1154 quia
1015 1081 1210 1140 forma
1240 1076 1438 1139 littera
1472 1079 1688 1139 claret:

180 1161 335 1222 Huic
367 1161 565 1236 spatio
602 1162 850 1223 ductum
882 1161 1060 1223 simili
1089 1164 1249 1223 latus
1282 1169 1486 1223 exstat
1515 1169 1867 1238 utrumque:

179 1246 262 1304 At
292 1261 413 1305 non
446 1246 622 1306 tertia
651 1263 799 1322 pars
830 1244 1063 1308 lateris:
1087 1279 1174 1290 -—-
1193 1261 1458 1321 namque
1489 1252 1587 1306 est
1612 1245 1809 1306 minor
1835 1243 1949 1305 illis
1973 1275 2076 1315 -,

181 1327 305 1388 Sed
336 1329 526 1391 stellis
556 1331 740 1406 longe
771 1329 981 1391 densis
1015 1331 1326 1406 praeclara
1360 1330 1613 1390 relucet.

300 1412 558 1473 Inferior
586 1415 791 1489 paullo
826 1421 923 1474 est
950 1413 1130 1474 ArIes
1160 1420 1222 1473 et
1253 1412 1475 1473 flamen
1505 1414 1587 1473 ad
1614 1410 1825 1474 Austri

180 1493 555 1566 inclinatior,
604 1503 789 1571 atque
818 1495 999 1560 etiam
1031 1495 1453 1557 vehementius
1485 1495 1569 1556 illi

178 1577 301 1637 Pis
321 1593 478 1650 ces,
528 1595 789 1652 quorum
821 1580 975 1639 alter
1009 1581 1277 1654 paullum
1315 1578 1683 1655 praelabitur
1709 1584 1870 1649 ante,

178 1662 254 1720 Et
285 1660 478 1736 magis
514 1660 826 1723 horriferis
860 1661 1183 1736 Aquilonis
1216 1663 1484 1739 tangitur
1512 1663 1647 1724 alis.

176 1747 261 1803 At
291 1760 449 1818 quae
479 1745 697 1805 horum
728 1762 763 1806 e
795 1745 1007 1807 caudis
1038 1745 1317 1821 duplices
1350 1749 1517 1807 velut
1545 1763 1688 1808 esse
1719 1751 1971 1805 catenae

179 1826 496 1902 Dicuntur,
543 1845 656 1890 sua
691 1829 972 1891 diversae
1011 1846 1122 1907 per
1151 1829 1376 1892 lumina
1405 1837 1679 1906 serpunt,

176 1914 384 1987 Atque
413 1929 535 1973 una
571 1914 815 1974 tandem
846 1914 904 1975 in
938 1917 1115 1976 stella
1146 1914 1547 1976 communiter
1571 1916 1843 1987 haerent,

179 1996 368 2069 Quam
401 2004 645 2058 veteres
677 1998 840 2060 soliti
873 2000 1203 2060 caelestem
1235 1998 1440 2059 dicere
1469 2000 1568 2059 No
1587 1999 1626 2058 d
1645 2015 1778 2059 um.

180 2078 617 2141 Andromedae
642 2082 818 2142 laevo
849 2098 926 2156 ex
957 2083 1241 2154 humero,
1291 2081 1344 2144 si
1376 2098 1677 2157 quaesere
1706 2096 1951 2158 pergeS,

175 2163 547 2237 Appositum
577 2164 811 2239 poteris
841 2182 1069 2241 supera
1098 2182 1481 2241 cognoscere
1509 2164 1769 2226 Piscem.

302 2247 352 2305 E
385 2246 643 2322 pedibus
679 2254 882 2308 natum
918 2265 1157 2310 summo
1188 2251 1337 2310 Iove
1364 2251 1653 2310 Persea
1685 2247 1872 2320 vises,

179 2326 345 2399 Quos
377 2329 645 2389 humeris
675 2329 893 2410 retinet
923 2331 1128 2392 defixo
1162 2347 1426 2408 corpore
1453 2332 1747 2393 Perseus.

178 2410 367 2483 Quem
393 2428 628 2471 summa
658 2413 735 2473 ab
767 2412 1018 2488 regione
1052 2414 1375 2489 Aquilonis
1410 2414 1655 2476 flamina
1685 2416 1951 2489 pulsant.

175 2492 289 2552 Hic
321 2494 595 2555 dextram
626 2497 705 2556 ad
740 2498 924 2558 sedes
956 2496 1213 2559 intendit
1243 2498 1611 2574 Cassiepiae,

176 2575 598 2655 Diversosque
637 2581 863 2655 pedes,
913 2581 1154 2642 vinctos
1184 2582 1477 2642 talaribus
1503 2581 1692 2658 aptis,

173 2660 638 2726 pulverulentus
671 2664 757 2724 uti
790 2666 867 2725 de
896 2672 1057 2728 terra
1092 2665 1327 2739 elapsu'
1357 2673 1611 2741 repente

177 2744 238 2802 ln
271 2748 504 2806 caelum
538 2748 737 2808 victor
765 2765 985 2823 magno
1016 2749 1133 2810 sub
1164 2747 1425 2809 culmine
1458 2755 1678 2824 portat.
1713 2793 1728 2801 t

295 2830 381 2888 At
411 2836 666 2906 propter
692 2833 933 2892 laevum
965 2848 1162 2908 genus
1193 2831 1361 2891 omni
1394 2849 1471 2893 ex
1503 2839 1675 2907 parte
1701 2833 1938 2894 loeatas

170 2910 459 2972 Parvas
490 2913 897 2989 Vergilias
928 2914 1095 2976 tenui
1125 2930 1265 2975 cum
1295 2916 1432 2976 luce
1468 2915 1730 2977 videbis.-

171 2992 300 3054 Hae
326 3001 567 3071 septem
607 2999 790 3072 vulgo
825 2999 1222 3073 perhibentur
1249 3015 1420 3060 more
1449 3007 1693 3062 vetusto

171 3075 424 3150 Stellae,
471 3087 804 3141 cernuntur
834 3097 980 3142 vero
1016 3097 1127 3142 sex
1157 3081 1431 3157 undique
1461 3097 1707 3159 parvae.

170 3161 252 3215 At
281 3177 403 3219 non
435 3161 738 3223 interiisse
771 3164 971 3239 putari
1002 3165 1297 3225 convenit
1329 3182 1541 3226 unam:
1603 3195 1608 3200 ·

170 3237 295 3297 Sed
329 3244 551 3303 frustra
583 3253 813 3306 temere
844 3263 881 3305 a
906 3250 1092 3323 vulgo
1117 3247 1355 3310 ratione
1385 3248 1518 3310 sine
1546 3250 1696 3314 ulla.

171 3317 420 3392 Septem
451 3324 665 3398 dicier,
714 3336 778 3389 ut
806 3335 1051 3391 veteres
1086 3339 1360 3394 statuere
1391 3335 1632 3409 poetae,

2148 100 2263 153 122

2125 2669 2247 2737 (25)

2124 3085 2244 3153 (30)

2081 3172 2247 3226 ·265
