2381 3723
140 160 207 217 61
360 152 693 213 PROOEM.
716 160 768 222 5.
796 162 965 215 1—5.
1002 151 1479 213 PARADOXON
1505 154 1546 212 1.
1584 154 1747 212 CAP.
1777 163 1825 214 1.
1865 161 1917 221 s.
1944 162 1994 215 6.
2097 152 2231 215 177·

143 304 519 365 viderentur.
609 303 667 363 2.
723 304 896 378 Quod
954 320 1027 365 eo
1072 302 1267 364 maius
1321 311 1418 364 est
1468 302 1547 363 illi
1603 320 1780 379 quam
1824 311 1930 364 aut
1972 302 2077 363 tibi
2116 312 2220 365 aut

146 387 358 461 nobis,
413 385 553 463 quia
587 404 702 447 nos
747 403 821 447 ea
851 387 1240 463 philosophia
1282 390 1421 462 plus
1465 388 1719 459 utimur,
1781 404 1938 462 quae
1980 387 2222 463 peperit

145 469 389 531 dicendi
440 470 681 546 copiam
722 478 783 531 et
831 470 890 530 in
935 488 1056 547 qua
1103 470 1391 531 dicuntur
1429 488 1529 545 ea,
1595 487 1753 546 quae
1795 489 1917 531 non
1963 472 2216 531 multum

145 554 502 630 discrepant
530 555 606 614 ab
639 553 927 631 opinione
957 554 1269 629 populari,
1322 556 1467 616 Cato
1502 562 1701 616 autem
1740 556 2050 630 perfectus
2084 571 2220 614 mea

146 638 446 700 sententia
479 638 725 699 Stoicus
759 645 819 698 et
853 654 926 698 ea
959 638 1171 711 sentit,
1226 655 1385 714 quae
1430 657 1553 700 non
1596 655 1748 699 sane
1793 640 2129 715 probantur
2159 637 2216 697 in

147 723 397 797 vulgus,
451 729 511 781 et
544 722 603 782 in
640 739 715 782 ea
752 729 850 782 est
878 722 1149 795 haeresi,
1212 739 1367 797 quae
1414 725 1645 783 nullum
1689 723 1967 798 sequitur
2002 722 2218 782 florem

148 805 441 867 orationis
482 822 685 881 neque
715 804 925 865 dilatat
953 815 1406 881 argumentum,
1452 808 1563 867 sed
1595 805 1840 867 minutis
1888 807 2220 880 interroga·

148 888 431 950 tiunculis
467 889 642 965 quasi
674 890 918 965 punctis
952 890 1120 964 quod
1155 889 1485 965 proposuit
1523 889 1728 950 efficit.
1818 889 1876 950 3.
1922 890 2046 951 Sed
2077 888 2219 949 nihil

147 980 248 1034 est
278 984 400 1033 tam
431 971 786 1033 incredibile
829 975 994 1048 quod
1040 989 1160 1032 non
1216 973 1477 1034 dicendo
1527 974 1633 1033 fiat
1676 974 2020 1049 probabile,
2076 971 2219 1032 nihil

149 1066 269 1117 tam
299 1054 645 1128 horridum,
680 1062 799 1115 tam
834 1055 1125 1117 incultum
1164 1058 1334 1131 quod
1363 1073 1485 1116 non
1521 1058 1919 1132 splendescat
1943 1056 2221 1117 oratione

148 1146 213 1200 et
240 1147 552 1215 tamquam
598 1141 932 1200 excolatur.
960 1199 971 1204 ,
1011 1141 1186 1213 Quod
1220 1158 1406 1215 quum
1438 1139 1521 1200 ita
1552 1148 1855 1217 putarem,
1889 1139 2004 1199 feci
2041 1139 2218 1199 etiam

150 1224 442 1283 audacius
478 1240 659 1299 quam
703 1222 799 1283 ille
848 1224 1011 1300 ipse,
1069 1224 1148 1283 de
1181 1241 1305 1299 quo
1337 1225 1579 1299 loquor.
1658 1225 1805 1285 Cato
1848 1223 2008 1283 enim
2053 1224 2220 1282 dum-

149 1313 319 1367 taxat
350 1308 428 1366 de
462 1305 877 1382 magnitudine
909 1306 1121 1380 animi,
1177 1308 1255 1367 de
1292 1306 1691 1379 continentia,
1746 1308 1824 1367 de
1863 1313 2087 1379 morte,
2144 1308 2220 1365 de

150 1390 313 1451 omni
344 1392 524 1450 laude
553 1388 793 1450 virtutis
812 1438 825 1461 ‚
846 1392 938 1474 >de
971 1391 1065 1450 dis
1093 1390 1563 1465 immortalibus,
1600 1393 1678 1451 de
1702 1390 1953 1451 caritate
1989 1392 2219 1465 patriae

150 1473 361 1534 Stoice
392 1475 553 1534 solet
587 1473 870 1535 oratoriis
909 1474 1281 1541 ornamentis
1312 1474 1594 1535 adhibitis
1619 1474 1841 1535 dicere.
1911 1474 2042 1549 Ego
2071 1489 2215 1533 vero

148 1554 252 1616 illa
291 1555 457 1632 ipsa,
511 1574 666 1631 quae
714 1556 814 1617 vix
851 1557 912 1618 in
953 1557 1292 1634 gymnasiis
1329 1565 1388 1618 et
1427 1558 1486 1618 in
1536 1561 1660 1619 otio
1708 1558 1897 1619 Stoici
1937 1558 2215 1635 probant,

150 1641 369 1700 ludens
403 1639 637 1701 conieci
667 1640 1112 1702 in'communes
1146 1643 1341 1702 locos.
1430 1644 1492 1701 4.
1539 1645 1736 1717 Quae,
1772 1641 1915 1717 quia
1946 1647 2092 1703 sunt
2120 1642 2211 1699 ad·

150 1722 445 1783 mirabilia
483 1731 822 1799 contraque
854 1724 1206 1801 opinionem
1240 1725 1537 1798 omnium,
1592 1727 1667 1786 ab
1698 1725 1849 1801 ipsis
1883 1727 2059 1787 etiam
2093 1744 2223 1784 ποι-

151 1800 396 1886 ράδοξοι
443 1809 855 1884 appellantur,
913 1814 1208 1886 temptare
1253 1809 1419 1871 volui
1467 1816 1807 1886 possentne
1861 1809 2120 1886 proferri
2161 1808 2218 1867 in

154 1893 381 1963 lucem,
416 1891 478 1951 id
520 1899 642 1965 est,
688 1892 746 1952 in
785 1895 1012 1966 forum,
1046 1900 1106 1953 et
1133 1893 1215 1953 ita
1246 1892 1393 1966 dici,
1425 1902 1490 1953 ut
1523 1894 1947 1968 probarentur,
1995 1911 2070 1953 an
2107 1892 2221 1952 alia

154 1976 452 2050 quaedam
478 1982 648 2036 esset
673 1977 929 2051 erudita,
957 1976 1072 2036 alia
1094 1976 1411 2052 popularis
1437 1974 1651 2048 oratio,
1682 1993 1882 2050 eoque
1905 1977 2020 2036 hos
2045 1977 2221 2035 locos

153 2057 374 2132 scripsi
416 2058 728 2131 libentius,
787 2062 954 2135 quod
996 2060 1138 2119 mihi
1181 2060 1298 2120 ista
1336 2053 1676 2137 παράδοξοι
1714 2075 1871 2134 quae
1915 2060 2223 2135 appellant

155 2139 415 2200 maxime
437 2141 720 2203 videntur
737 2159 882 2203 esse
907 2143 1223 2204 Socratica
1247 2145 1554 2219 longeque
1575 2141 1915 2204 verissima.
2002 2143 2062 2202 5.
2105 2142 2221 2200 Ac-

152 2221 344 2299 cipies
367 2222 548 2298 igitur
570 2225 688 2285 hoc
710 2243 966 2302 parvum
993 2229 1379 2303 opusculum,
1413 2227 1793 2287 lucubratum
1820 2226 1914 2287 his
1938 2225 2056 2285 iam
2079 2241 2221 2284 con-

152 2308 542 2368 tractioribus
599 2308 913 2384 noctibuS,
979 2311 1267 2386 quoniam
1318 2309 1466 2370 illud
1526 2312 1822 2372 maiorum
1885 2308 2219 2386 vigiliarum

152 2407 371 2451 munus
425 2391 485 2452 in
533 2399 635 2453 tuo
688 2393 933 2453 nomine
978 2394 1291 2471 apparuit,
1348 2403 1406 2455 et
1455 2394 1812 2470 degustabis
1860 2410 2055 2470 genus
2103 2393 2222 2453 hoc

153 2474 656 2536 exercitationum
687 2493 926 2551 earum,
964 2476 1186 2552 quibus
1217 2477 1303 2538 uti
1336 2478 1659 2549 consuevi,
1708 2495 1894 2553 quum
1926 2495 2026 2551 ea,
2064 2493 2221 2552 quae

151 2556 436 2619 dicuntur
494 2557 552 2619 in
615 2560 845 2621 scholis
908 2555 1176 2639 θετικά,
1242 2563 1319 2620 ad
1376 2568 1655 2621 nostrum
1712 2561 1831 2625 hoc
1890 2561 2220 2621 oratorium

153 2644 456 2702 transfero
502 2641 743 2703 dicendi
789 2659 1007 2718 genuS.
1079 2645 1217 2705 Hoc
1257 2652 1454 2704 tamen
1503 2660 1661 2718 opus
1695 2642 1755 2703 in
1786 2651 2104 2718 acceptum
2158 2650 2223 2701 ut

153 2725 382 2785 referas
415 2724 558 2785 nihil
587 2728 860 2800 postulo.
929 2728 1059 2788 Non
1104 2734 1202 2788 est
1230 2726 1419 2799 enim,
1467 2726 1616 2787 utin
1651 2743 1794 2786 arce
1836 2725 1981 2801 poni
2022 2724 2223 2800 possit

151 2807 330 2882 quasi
363 2807 463 2867 illa
490 2807 768 2869 Minerva
792 2809 1069 2884 Phidiae,
1119 2813 1233 2872 sed
1267 2819 1462 2870 tamen
1496 2817 1563 2870 ut
1597 2828 1674 2871 ex
1714 2811 1928 2871 eadem
1978 2809 2230 2871 officina

148 2890 357 2950 exisse
388 2901 703 2968 appareat.

855 3043 898 3101 P
911 3043 962 3100 A
983 3042 1030 3102 R
1046 3045 1102 3102 A
1117 3043 1164 3101 D
1184 3041 1229 3102 Ο
1246 3042 1301 3102 Χ
1318 3043 1363 3102 Ο
1379 3045 1429 3102 N
1473 3045 1515 3102 I.

299 3129 443 3197 Ὅτι
474 3130 690 3215 μόνον
723 3130 990 3216 ἀγαθὸν
1027 3130 1101 3198 τὸ
1138 3131 1367 3199 καλόν.

314 3222 512 3298 [Quod
539 3223 840 3282 honestum
867 3227 944 3284 sit
957 3269 971 3296 ,
1017 3225 1084 3282 id
1110 3225 1297 3282 solum
1328 3224 1537 3284 bonum
1566 3226 1731 3301 esse.]

271 3321 316 3379 1.
363 3321 421 3380 6.
512 3322 754 3382 Vereor
802 3339 879 3382 ne
924 3320 1020 3381 cui
1065 3329 1341 3382 vestrum
1394 3339 1471 3383 cx
1519 3321 1865 3382 Stoicorum
1907 3318 2220 3381 hominum

141 3402 694 3546 disputatxisonibus,
723 3423 847 3466 non
875 3423 952 3465 ex
984 3421 1121 3466 meo
1149 3422 1341 3466 sensu
1372 3402 1909 3544 deprompta1h2aec
1942 3402 2221 3462 videatur

227 3502 339 3545 c1c.
461 3532 476 3547 .
509 3498 564 3551 3.

2123 3596 2157 3616 -d
