2381 3723
147 100 236 161 48
966 98 1066 158 DE
1104 97 1203 157 OF
1204 98 1252 157 F
1254 97 1425 159 ICllS

158 249 366 311 studia
388 248 638 324 vitaque
669 247 868 309 omnis
888 247 950 308 in
982 265 1186 309 rerum
1221 247 1571 324 cognitione
1601 253 1843 325 versata
1868 254 1992 320 est,
2024 255 2234 311 tamen

154 334 236 394 ab
271 332 571 408 augendis
603 331 914 393 hominum
948 331 1303 393 utilitatibus
1334 338 1397 392 et
1425 327 1767 393 commodis
1794 346 1915 391 non
1953 346 2235 393 recesse-

158 425 316 478 runt.
390 417 539 478 Nam
572 421 636 476 et
675 415 1073 477 erudiverunt
1113 417 1370 489 multos,
1428 431 1554 490 quo
1591 412 1877 475 meliores
1923 412 2092 475 cives
2123 416 2237 476 uti-

158 500 472 574 lioresque
513 499 701 560 rebus
743 496 872 561 suis
903 498 1169 574 publicis
1207 505 1449 571 essent,
1504 504 1572 559 ut
1610 498 1961 559 Thebanum
1992 498 2236 573 Epami-

159 584 428 645 nondam
495 581 677 660 Lysis
737 581 1197 659 Pythagoreus,
1271 579 1670 659 Syracusium
1735 578 1992 642 Dionem
2060 582 2234 644 Plato

161 664 452 741 multique
501 667 758 738 multoS,
811 681 1053 741 nosque
1089 664 1239 742 ipsi,
1292 663 1589 741 quidquid
1627 665 1706 724 ad
1753 680 1881 726 rem
1926 664 2234 742 publicam

156 747 501 822 attulimus,
564 747 618 809 si
670 749 854 810 modo
905 749 1131 825 aliquid
1163 749 1493 822 attulimus,
1547 765 1585 808 a
1628 746 1990 810 doctoribus
2045 755 2236 824 atque

160 830 441 895 doctrina
468 829 749 894 instructi
790 833 871 893 ad
908 849 1044 893 eam
1088 843 1151 893 et
1200 832 1398 893 ornati
1446 831 1842 894 accessimus.
1935 831 2075 894 156.
2121 835 2235 893 Ne-

161 933 285 992 que
328 917 530 978 solum
584 914 709 976 vivi
737 924 925 992 atque
981 922 1345 994 praesentes
1398 914 1717 978 studiosos
1769 914 2047 978 discendi
2097 933 2234 978 eru·

158 1000 337 1060 diunt
394 1006 580 1077 atque
639 999 894 1073 docent,
963 1000 1079 1062 sed
1128 999 1251 1062 hoe
1308 998 1470 1061 idem
1528 997 1710 1060 etiam
1770 1007 1915 1076 post
1969 1008 2233 1063 mortem

162 1084 572 1145 monumentis
603 1082 936 1145 litterarum
974 1085 1421 1159 adsequuntur.
1499 1084 1626 1144 Nec
1651 1080 1812 1144 enim
1852 1085 2027 1146 locus
2070 1086 2230 1146 ullus

160 1173 261 1228 est
306 1167 780 1243 praetermissus
838 1167 913 1227 ab
972 1166 1078 1241 iis,
1139 1165 1247 1242 qui
1302 1168 1381 1227 ad
1431 1169 1635 1243 leges,
1706 1165 1813 1242 qui
1865 1167 1947 1228 ad
2002 1184 2229 1239 moreS,

164 1250 266 1327 qui
310 1251 391 1311 ad
420 1250 798 1327 disciplinam
844 1250 932 1311 rei
978 1250 1261 1327 publicae
1303 1250 1664 1327 pertineret,
1716 1258 1782 1312 ut
1823 1250 2009 1312 otium
2050 1269 2230 1313 suum

160 1335 242 1394 ad
293 1341 571 1396 nostrum
628 1334 940 1409 negotium
1004 1334 1342 1397 contulisse
1401 1334 1739 1394 videantur.
1837 1336 1925 1396 Ita
1974 1332 2059 1394 illi
2113 1335 2229 1410 ipsi

160 1417 481 1479 doctrinae
509 1417 731 1478 studiis
764 1424 826 1478 et
855 1417 1192 1494 sapientiae
1226 1416 1414 1478 dediti
1442 1418 1524 1479 ad
1563 1416 1875 1478 hominum
1916 1417 2227 1480 utilitatem

162 1517 338 1562 suam
391 1499 776 1577 prudentiam
826 1500 1403 1577 intelligentiamque
1452 1499 1838 1578 potissimum
1888 1505 2230 1575 conserunt,

160 1584 245 1645 ob
276 1600 536 1659 eamque
571 1581 750 1643 etiam
782 1600 1033 1645 causam
1067 1584 1274 1662 eloqui
1314 1587 1598 1662 copiose,
1650 1586 1837 1646 modo
1879 1588 2230 1660 prudenter,

164 1665 381 1727 melius
431 1673 528 1728 est
572 1683 754 1742 quam
795 1669 894 1727 vel
951 1667 1303 1731 acutissime
1350 1668 1485 1730 sine
1535 1668 1886 1743 eloquentia
1940 1669 2234 1745 cogitare,

161 1751 336 1826 quod
362 1748 655 1826 ,cogitatio
697 1749 759 1810 in
802 1766 872 1809 se
912 1749 1047 1828 ipsa
1082 1751 1369 1825 vertitur,
1421 1751 1775 1828 eloquentia
1807 1754 2236 1829 complectitur

158 1850 308 1910 eoS,
363 1832 728 1910 quibuscum
783 1834 1217 1897 communitate
1274 1835 1462 1897 iuncti
1511 1852 1744 1899 sumus.
1840 1837 1977 1898 157.
2021 1838 2235 1915 Atque

166 1925 237 1980 ut
261 1917 462 1996 apium
495 1917 773 1980 examina
818 1935 941 1980 non
972 1918 1402 2000 fingendorum
1439 1924 1713 1981 favorum
1748 1936 1935 1982 causa
1976 1937 2233 1997 congre-

160 2012 414 2078 gantur,
447 2003 592 2075 sed,
624 2020 811 2079 quum
841 2003 1296 2079 congregabilia
1324 2011 1542 2065 natura
1571 2003 1722 2076 sint,
1767 2004 2002 2080 fingunt
2030 2006 2232 2076 savoS,

165 2084 257 2147 sic
293 2087 573 2148 homines
615 2104 688 2147 ac
718 2088 907 2148 multo
940 2086 1120 2147 etiam
1164 2086 1357 2163 magis
1398 2096 1615 2149 natura
1668 2088 2024 2164 congregati
2063 2087 2232 2148 adhi-

164 2170 312 2229 bent
339 2168 561 2243 agendi
591 2168 1023 2245 cogitandique
1056 2171 1411 2234 sollertiam.
1483 2174 1723 2247 ltaque,
1768 2171 1885 2233 nisi
1914 2188 1988 2232 ea
2017 2172 2229 2239 virtus,

165 2269 326 2327 quae
357 2259 597 2312 constat
624 2268 704 2312 ex
734 2252 1078 2314 hominibus
1109 2253 1385 2328 tuendis,
1436 2254 1497 2315 id
1535 2264 1658 2329 est,
1697 2272 1776 2317 ex
1807 2254 2099 2317 societate
2129 2272 2231 2331 ge·

164 2334 328 2395 neris
358 2333 634 2409 humani,
665 2333 919 2411 attingat
950 2336 1358 2413 cognitionem
1386 2355 1619 2412 rerum,
1658 2338 1935 2413 solivaga
1964 2338 2230 2415 cognitio

166 2424 229 2478 et
256 2417 460 2478 ieiuna
483 2416 789 2492 videatur,
819 2417 1086 2495 itemque
1114 2420 1469 2497 magnitudo
1500 2421 1709 2495 animi,
1741 2429 1977 2484 remota
2002 2439 2040 2484 a
2070 2439 2231 2484 com·

166 2500 460 2563 munitate
505 2500 1060 2579 coniunctioneque
1097 2504 1393 2579 humana,
1454 2504 1660 2567 feritas
1706 2505 1785 2568 sit
1826 2507 2127 2581 quaedam
2171 2514 2234 2566 et

165 2583 526 2647 immanitas.
600 2587 685 2646 Ita
713 2586 782 2646 fit
822 2594 891 2647 ut
919 2586 1124 2648 vincat
1153 2588 1519 2665 cognitionis
1550 2588 1820 2652 studium
1850 2589 2229 2651 consociatio

164 2669 478 2731 hominum
527 2677 712 2745 atque
763 2668 1186 2731 communitas.
1281 2672 1419 2735 158.
1472 2673 1598 2734 Nee
1649 2690 1862 2733 verum
1914 2682 2012 2735 est
2063 2673 2232 2748 quod

162 2751 386 2815 dicitur
414 2770 449 2812 a
483 2752 879 2829 quibusdam,
930 2762 1187 2830 propter
1225 2755 1656 2817 necessitatem
1694 2757 1882 2830 vitae,
1930 2758 2098 2833 quod
2138 2773 2231 2828 ea,

168 2853 327 2911 quae
355 2844 572 2896 natura
610 2836 1020 2911 desideraret,
1064 2838 1363 2914 consequi
1407 2838 1541 2900 sine
1583 2839 1715 2900 aliis
1761 2849 1943 2917 atque
1984 2840 2234 2901 efficere

166 2936 289 2981 non
313 2936 672 2996 possemuS,
724 2919 955 2982 idcirco
992 2920 1200 2981 initam
1232 2939 1374 2982 esse
1405 2939 1542 2983 cum
1581 2923 1928 2985 hominibus
1964 2940 2232 2985 commu—

164 3003 411 3064 nitatem
441 3010 505 3063 et
524 3002 903 3065 societatem.
976 3004 1150 3078 Quod
1175 3004 1230 3065 si
1254 3005 1458 3067 omnia
1478 3006 1689 3081 nobis,
1720 3024 1879 3084 quae
1901 3008 1980 3067 ad
2003 3006 2232 3070 victum

166 3089 516 3162 cultumque
546 3085 876 3163 pertinent,
915 3087 1093 3162 quasi
1128 3088 1365 3163 virgula
1396 3081 1629 3165 divina,
1677 3098 1746 3152 ut
1774 3091 1973 3166 aiunt,
2009 3108 2210 3169 suppe

166 3168 532 3243 ditarentur,
594 3177 718 3230 tum
761 3170 988 3245 optimo
1032 3170 1294 3247 quisque
1342 3171 1585 3249 ingenio
1639 3173 1899 3250 negotiis
1949 3175 2234 3236 omnibus

168 3251 417 3312 omissis
445 3261 640 3314 totum
686 3269 757 3312 se
797 3252 857 3311 in
891 3253 1241 3328 cognitione
1285 3263 1345 3316 et
1385 3254 1641 3318 scientia
1680 3259 2024 3319 collocaret.
2097 3259 2235 3319 Non

164 3340 263 3393 est
289 3333 390 3393 ita.
463 3336 614 3394 Nam
661 3343 721 3395 et
757 3335 1144 3397 solitudinem
1188 3340 1427 3413 sugeret
1468 3348 1530 3401 et
1568 3340 1806 3402 socium
1835 3340 2017 3403 studii
2048 3358 2239 3417 quae·
