2381 3723
192 132 257 182 15
807 116 973 177 CAP.
1009 128 1268 180 11-13.
1312 127 1364 186 S.
1396 127 1657 182 38-44,
2146 120 2263 182 131

185 277 315 341 ret,
351 269 522 344 quod
554 283 676 328 non
713 276 1048 344 oporteret.
1118 269 1378 345 Impedit
1414 270 1569 330 enim
1606 270 1925 331 consilium
1956 270 2266 346 voluptas,

186 352 414 413 rationi
442 349 685 412 inimica
710 359 832 424 est,
865 352 1115 425 mentis,
1151 361 1220 412 ut
1246 351 1328 412 ita
1351 352 1545 413 dicam
1564 402 1577 426 ‚
1613 353 2007 430 praestringit
2030 356 2269 428 oeuloS‚

185 452 305 497 nec
338 435 526 495 habet
569 437 762 507 ullum¹
798 452 934 496 cum
976 435 1201 496 virtute
1242 436 1692 497 commercium.
1768 436 2001 498 Invitus
2048 437 2166 497 feei
2206 446 2270 498 ut

189 517 512 581 fortissimi
557 518 668 579 viri
697 520 764 578 T.
803 517 1118 578 Flaminini
1163 521 1407 580 fratrem
1437 521 1501 579 L.
1536 520 1932 582 Flamininum
1978 538 2013 581 e
2050 527 2269 582 senatu

188 604 478 664 eiicerem
511 609 749 678 septem
783 601 956 662 annis
993 610 1137 677 post
1165 620 1348 678 quam
1382 606 1598 664 consul
1626 603 1873 678 fuisset,
1911 607 2024 665 sed
2057 612 2268 665 notan·

188 689 334 746 dam
367 685 579 762 putavi
607 684 935 746 libidinem.
1002 687 1109 746 Ille
1141 686 1327 760 enim,
1366 705 1550 762 quum
1583 697 1754 749 esset
1788 691 2005 750 consul
2041 688 2100 749 in
2136 690 2269 748 Gal-

188 771 299 842 lia,
341 776 638 831 exoratus
670 769 730 830 in
767 767 1052 831 convivio
1086 786 1122 828 a
1159 778 1369 830 scorto
1404 779 1528 844 est,
1584 781 1651 832 ut
1679 772 1882 833 securi
1924 772 2131 833 feriret
2165 773 2267 831 ali-

188 871 377 930 quem
419 869 666 926 eomm,
724 852 826 928 qui
871 851 929 911 in
976 852 1232 915 vinculis
1281 860 1493 914 essent
1535 855 1802 915 damnati
1844 855 1931 916 rei
1972 854 2246 931 capitalis

184 937 301 998 Hic
328 936 462 998 Tito
502 938 686 997 fratre
718 953 833 998 suo
877 953 1165 1008 censore,
1213 936 1316 1012 qui
1360 937 1674 1013 proximus
1724 946 1866 1000 ante
1910 957 2008 999 me
2054 941 2270 1012 fuerat,

187 1024 448 1098 elapsus
490 1028 613 1094 est,
666 1018 807 1080 mibi
841 1037 992 1081 vero
1036 1028 1098 1080 et
1129 1020 1351 1081 Flacco
1397 1021 1751 1097 neutiquam
1794 1022 2040 1097 probari
2074 1022 2270 1098 potuit

189 1114 310 1166 tam
338 1103 648 1179 flagitiosa
678 1110 737 1164 et
760 1111 882 1163 tam
914 1102 1152 1179 perdita
1178 1103 1393 1176 libido,
1431 1121 1591 1180 quae
1617 1121 1753 1164 cum
1779 1106 2004 1180 probro
2028 1105 2268 1181 privato

188 1186 601 1262 coniungeret
634 1186 869 1262 imperii
902 1188 1192 1247 dedecus.

217 1333 225 1336 ,
318 1271 478 1332 ΧΙΙΙ.
525 1270 626 1332 43.
718 1270 921 1347 Saepe
954 1269 1160 1331 audivi
1194 1287 1229 1330 a
1259 1270 1591 1333 maioribus
1623 1278 1800 1344 natu,
1850 1271 1952 1347 qui
1984 1287 2053 1332 se
2085 1288 2269 1347 porro

188 1371 425 1432 pueros
457 1371 494 1414 a
524 1354 775 1415 senibus
805 1353 1056 1415 audisse
1097 1353 1412 1429 dicebant,
1460 1353 1661 1416 mirari
1690 1354 1938 1417 solitum
1971 1357 2033 1416 C.
2068 1356 2248 1416 Fabri

189 1439 385 1512 cium,
446 1439 641 1514 quod,
709 1455 892 1513 quum
982 1440 1108 1514 pud
1165 1455 1371 1514 regem
1424 1439 1719 1517 Pyrrhum
1779 1441 2014 1516 legatus
2081 1448 2268 1512 esset,

190 1520 473 1585 audisset
517 1538 554 1581 a
585 1522 883 1582 Thessalo
924 1521 1107 1582 Cinea
1147 1537 1290 1583 esse
1335 1524 1661 1598 quemdam
1705 1522 1992 1597 AtheniS,
2051 1523 2152 1600 qui
2200 1540 2269 1584 se
2354 1550 2357 1555 ⁴

189 1606 535 1683 sapientem
565 1605 991 1682 profiteretur,
1045 1623 1312 1681 eumque
1342 1606 1548 1668 dicere
1579 1607 1810 1681 omnia,
1854 1624 2012 1683 quae
2042 1609 2269 1669 facere-

189 1708 362 1763 mus,
420 1689 500 1749 ad
525 1691 904 1764 voluptatem
935 1705 1079 1750 esse
1109 1691 1454 1751 reserenda.
1532 1692 1709 1766 Quod
1735 1690 1810 1752 ex
1843 1708 1917 1753 eo
1947 1692 2268 1753 audientes

187 1775 291 1834 Μ’.
326 1771 570 1834 Curium
613 1779 674 1833 et
701 1770 787 1833 Ti.
820 1772 1265 1834 Coruncanium
1301 1783 1514 1851 optare
1554 1773 1774 1837 solitos
1805 1782 1872 1836 ut
1900 1775 1962 1836 id
1992 1775 2269 1836 Samniti-

187 1859 308 1919 bus
353 1855 598 1933 ipsique
631 1856 867 1935 Pyrrho
907 1858 1419 1934 persuaderetur,
1481 1878 1602 1935 quo
1645 1857 1878 1920 facilius
1925 1857 2084 1920 vinei
2127 1877 2269 1936 pos-

188 1948 360 2015 sent,
406 1959 593 2017 quum
636 1958 707 2002 se
749 1941 1167 2015 voluptatibus
1215 1943 1552 2003 dedissent.
1627 1941 1883 2005 Vixerat
1909 1944 2011 2002 Μ’.
2053 1943 2267 2003 Curius

190 2042 332 2086 eum
363 2024 424 2083 P.
452 2024 671 2099 Deci0,
728 2024 829 2100 qui
877 2024 1295 2102 quinquennio
1338 2034 1478 2086 ante
1511 2043 1649 2086 eum
1696 2026 2010 2085 consulem
2054 2042 2124 2085 se
2156 2042 2267 2101 pro

188 2126 259 2170 re
291 2108 540 2186 publica
589 2115 806 2183 quarto
842 2111 1166 2170 consulatu
1210 2110 1579 2169 devoverat:
1625 2116 1805 2171 norat
1845 2109 2126 2169 eumdem
2159 2109 2269 2169 Fa·

185 2191 449 2265 briciuS‚
499 2200 678 2253 norat
708 2191 1157 2258 Coruncanius:
1205 2191 1310 2268 qui
1348 2210 1534 2267 quum
1580 2210 1658 2254 ex
1697 2210 1811 2254 sua
1853 2191 1977 2253 vita
2020 2199 2147 2253 tum
2193 2208 2269 2253 ex

188 2276 358 2349 eiuS,
412 2292 593 2351 quem
637 2275 808 2350 dico,
864 2278 1035 2337 Decii
1079 2278 1241 2338 sacto
1286 2275 1639 2338 iudicabant
1679 2294 1822 2338 esse
1855 2278 2134 2352 profecto
2167 2276 2269 2337 ali-

189 2355 340 2437 quid
391 2366 611 2420 natura
661 2361 940 2435 pulcrum
986 2367 1173 2436 atque
1223 2363 1605 2437 praeclarum
1661 2362 1829 2437 quod
1880 2378 1993 2422 sua
2044 2368 2269 2439 sponte

185 2451 505 2521 peteretur
548 2444 840 2520 quodque
881 2452 1091 2520 spreta
1133 2453 1196 2505 et
1241 2452 1592 2522 contempta
1642 2447 1959 2521 voluptate
2001 2445 2267 2522 optimus

188 2526 458 2603 quisque
490 2535 871 2603 sequeretur.
960 2529 1063 2588 44.
1113 2528 1420 2602 Quorsum
1460 2528 1641 2605 igitur
1678 2537 1801 2588 tam
1834 2531 2024 2590 multa
2052 2531 2132 2589 de
2164 2547 2268 2589 vo·

187 2612 465 2689 luptate?
536 2610 686 2686 Quia
708 2628 832 2673 non
858 2613 1043 2673 modo
1068 2610 1437 2690 vituperatio
1463 2613 1654 2683 nulla,
1689 2613 1801 2671 sed
1827 2612 2006 2673 etiam
2031 2629 2268 2674 summa

187 2699 326 2755 laus
354 2694 689 2756 senectutis
722 2701 848 2768 est,
900 2695 1068 2771 quod
1103 2712 1177 2756 ea
1207 2699 1558 2793 voluptates
1592 2696 1790 2756 nullas
1823 2711 2044 2769 magno
2080 2711 2269 2770 opere

187 2777 524 2839 desiderat.
616 2779 794 2839 Caret
844 2778 1041 2854 epulis
1097 2779 1556 2856 exstructisque
1606 2777 1834 2840 mensis
1875 2786 1936 2840 et
1988 2781 2268 2856 frequen-

186 2864 351 2923 tibus
385 2861 655 2943 poculis.
734 2864 913 2923 Caret
953 2880 1100 2938 ergo
1155 2864 1335 2925 etiam
1389 2862 1720 2925 vinolentia
1763 2870 1825 2925 et
1873 2863 2166 2926 cruditate
2210 2871 2268 2924 et

184 2945 532 3008 insomniis.
612 2944 736 3008 Sed
778 2946 832 3007 si
874 2946 1098 3021 aliquid
1143 2949 1409 3009 dandum
1459 2955 1555 3010 est
1597 2948 1924 3025 voluptati,
1982 2948 2265 3023 quoniam

183 3029 320 3091 eius
374 3028 683 3091 blanditiis
736 3046 857 3090 non
903 3030 1082 3090 facile
1125 3031 1483 3093 obsistimus
1524 3066 1609 3075 —
1652 3030 1855 3094 divine
1894 3031 2054 3093 enirn
2096 3033 2264 3090 Plato

184 3122 431 3175 escam
479 3114 814 3174 malorum’
860 3116 1127 3190 appellat
1171 3118 1623 3192 ‘voluptatem,
1684 3118 1852 3192 quod
1883 3132 1955 3176 ea
1986 3112 2265 3175 videlicet

182 3197 467 3260 homines
521 3196 841 3274 capiantur
883 3205 950 3259 ut
996 3196 1239 3275 pisces’
1272 3233 1383 3272 -‚
1440 3217 1808 3297 quamquam
1850 3196 2263 3259 immoderatis

182 3283 384 3362 epulis
447 3288 618 3343 caret
668 3288 987 3357 senectuS‚
1048 3282 1308 3346 modieis
1367 3291 1568 3345 tamen
1622 3282 1922 3343 conviviis
1976 3278 2263 3341 delectari

178 3375 411 3441 potest.
486 3367 549 3428 C.
585 3366 846 3428 Duilium
875 3368 958 3428 M.
995 3368 1059 3428 F.
1080 3416 1095 3444 ,
1155 3368 1259 3443 qui
1290 3369 1536 3429 Poenos
1581 3367 1796 3501 class}
1821 3362 2056 3480 primus
2103 3360 2259 3419 devi-
