2381 3723
207 118 276 172 aa
637 204 640 207 Δ
850 111 1017 171 CAP.
1048 120 1240 174 4--6.
1288 119 1339 178 s.
1376 121 1632 172 15—20.
2150 108 2267 171 151

210 257 359 319 tiam
400 259 906 336 interpretantur,
968 277 1147 336 quam
1196 261 1394 320 adhuc
1445 259 1715 322 mortalis
1758 276 1937 320 nemo
1994 267 2093 319 est
2133 276 2277 321 con·

209 347 497 416 secums,
527 342 644 405 n‘os
681 351 881 404 autem
914 359 1019 417 ea,
1058 360 1217 420 quae
1248 350 1393 404 sunt
1429 343 1486 403 in
1518 359 1637 404 usu
1666 341 1915 417 vitaque
1950 343 2275 415 communi,

210 442 339 486 non
386 441 489 497 ea,
541 442 698 502 quae
748 427 1060 502 finguntur
1107 434 1215 488 aut
1265 434 1579 501 optantur,
1636 433 1917 503 spectare
1960 425 2274 486 debemuS.

210 511 557 583 Numquam
587 525 703 585 ego
736 509 934 571 dicam
968 510 1028 571 C.
1060 508 1432 582 Fabricium,
1483 510 1581 570 Μ’.
1617 509 1893 582 Curium,
1928 508 2015 570 Ti.
2048 510 2273 571 Corun-

209 590 489 666 canium,
546 608 702 666 quos
734 592 1056 668 sapientes,
1079 592 1272 655 nostri
1305 593 1568 655 maiores
1600 592 1976 666 iudicabant,
2026 594 2103 652 ad
2131 591 2275 652 isto-

210 693 351 740 rum
381 691 657 736 normam
682 675 871 738 fuisse
901 675 1234 753 sapientes·
1313 677 1444 751 Qua
1481 694 1549 738 re
1590 674 1706 738 sibi
1745 677 2010 737 habeant
2039 675 2276 752 sapien-

211 759 609 820 tiae‘nomen
653 764 716 817 et
760 759 1133 823 invidiosum
1183 767 1247 821 et
1297 761 1660 833 obscurum,
1725 761 2068 822 concedant
2109 767 2177 820 ut
2219 756 2277 818 hi

213 840 334 903 viri
374 841 522 903 boni
562 839 804 903 fuerint.
868 845 956 904 Ne
1005 842 1067 905 id
1112 842 1360 918 quidem
1410 842 1657 905 sacient:
1702 844 2014 918 negabunt
2055 842 2118 903 id
2162 840 2278 903 nisi

213 924 482 1002 sapienti
503 941 698 1002 posse
727 926 1005 989 concedi.
1099 927 1196 988 19.
1241 930 1514 1004 Agamus
1536 926 1716 1003 igitur
1739 925 1965 1004 pingui,
1997 934 2063 988 ut
2093 925 2277 998 aiunt,

212 1009 514 1072 Minerva.
589 1007 700 1084 Qui
739 1008 823 1070 ita
851 1027 921 1072 se
948 1021 1198 1086 gerunt,
1239 1009 1324 1071 ita
1351 1010 1592 1081 vivunt,
1636 1017 1705 1071 ut
1743 1027 1955 1073 eorum
1985 1010 2282 1086 probetur

213 1093 410 1164 fides,
471 1091 817 1168 integritas,
882 1093 1186 1169 aequitaS,
1242 1092 1596 1166 liberalitas,
1662 1109 1777 1155 nec
1814 1093 1896 1153 sit
1934 1091 2125 1154 ineis
2157 1093 2280 1152 ulla

215 1174 557 1253 cupiditas,
607 1173 823 1251 libido,
872 1176 1158 1251 audaeia,
1205 1176 1450 1253 sintque
1476 1192 1697 1252 magna
1730 1175 2101 1248 constantia,
2148 1184 2216 1236 ut
2241 1174 2280 1234 ii

214 1263 496 1332 ruerunt,
552 1259 739 1325 modo
772 1277 930 1336 quos
975 1259 1314 1334 nominavi,
1362 1261 1477 1323 hos
1517 1259 1685 1325 viros
1720 1260 1953 1331 bonos,
2000 1266 2071 1320 ut
2095 1257 2280 1318 habiti

216 1351 391 1416 sunt,
424 1341 518 1407 sic
539 1341 719 1407 etiam
749 1344 1153 1420 appellandos
1183 1353 1499 1420 putemus„
1539 1342 1681 1419 quia
1703 1349 2055 1418 sequantur,
2094 1359 2282 1417 quan-

216 1436 348 1493 tum
371 1424 653 1493 homines
678 1435 959 1503 possunt,
982 1435 1260 1492 naturam
1286 1427 1572 1504 optimam
1595 1427 1753 1489 bene
1775 1425 2021 1488 vivendi
2042 1427 2280 1487 ducem.

219 1510 324 1575 Sic
360 1508 530 1577 enim.
560 1508 704 1577 mihi
736 1510 1090 1595 perspicere
1118 1510 1366 1584 videor,
1406 1510 1489 1573 ita
1517 1520 1696 1574 natos
1730 1527 1874 1573 esse
1913 1527 2060 1586 nos,
2105 1518 2173 1571 ut
2199 1508 2284 1569 in·

220 1606 314 1657 ter
344 1610 562 1659 omues
593 1601 761 1659 esset
792 1593 1058 1663 societas
1088 1597 1417 1670 quaedam,
1450 1594 1644 1657 maior
1668 1601 1892 1668 autem,
1925 1601 1992 1656 ut
2023 1593 2284 1670 quisque

220 1676 504 1755 proxime
543 1677 883 1744 accederet.
964 1681 1174 1754 ltaque
1217 1677 1384 1741 cives
1426 1678 1700 1755 potiores
1739 1695 1920 1754 quam
1963 1674 2285 1754 peregrini,

221 1759 554 1837 propinqui
593 1777 771 1836 quam
796 1759 1003 1823 alieni:
1049 1779 1187 1827 eum
1212 1761 1306 1824 his
1346 1763 1506 1825 enim
1547 1759 1867 1826 amicitiam
1907 1769 2123 1822 natura
2150 1760 2285 1836 ipsa

223 1842 492 1922 peperit:
552 1844 667 1910 sed
726 1860 799 1905 ca
850 1861 975 1908 non
1026 1844 1175 1910 satis
1223 1846 1406 1907 habet
1455 1844 1770 1910 firmitatis.
1846 1847 2120 1920 Namque
2169 1845 2286 1904 hoc

223 1935 499 2006 praestat
530 1927 789 1992 amicitia
816 1927 1285 2006 propinquitati,
1323 1931 1490 2006 quod
1521 1946 1601 1990 ex
1622 1926 2076 2004 propinquitate
2106 1928 2286 1986 bene·

223 2011 495 2073 volentia
533 2010 661 2076 tol-li
701 2019 933 2087 potest,
988 2030 1064 2078 ex
1108 2012 1367 2076 amicitia
1401 2030 1525 2076 non
1568 2017 1802 2087 potest:
1848 2010 2086 2071 sublata
2129 2007 2287 2069 enim

228 2094 660 2162 benevolentia
692 2094 989 2158 amicitiae
1017 2114 1242 2160 nomen
1275 2095 1530 2167 tollitur,
1557 2092 2028 2170 propinquitatis
2061 2100 2283 2152 manet.

228 2178 329 2239 20.
375 2178 613 2252 Quanta
649 2186 855 2240 *autem
897 2178 989 2244 vis
1032 2178 1329 2244 amicitiae
1365 2177 1443 2239 sit
1471 2195 1547 2240 cx
1579 2180 1698 2242 hoc
1736 2174 1987 2253 intelligi
2030 2173 2287 2236 maxime

230 2270 467 2338 potest,
523 2263 693 2335 quod
744 2280 822 2323 ex
865 2261 1099 2326 infinita
1146 2261 1443 2326 societate
1488 2260 1730 2339 generis
1774 2259 2048 2334 humani,
2108 2275 2285 2334 quam

231 2343 579 2408 conciliavit
607 2342 743 2420 ipsa
775 2353 1018 2419 natura,
1076 2345 1160 2408 ita
1199 2352 1512 2409 contracta
1552 2363 1655 2407 res
1699 2352 1797 2407 est
1837 2351 1899 2405 et
1937 2345 2200 2405 adducta
2231 2341 2285 2402 in

228 2436 589 2503 angustum,
637 2436 701 2489 ut
732 2428 929 2490 omnis
972 2430 1193 2492 caritas
1229 2438 1334 2491 aut
1363 2429 1521 2491 inter
1553 2432 1709 2490 duos
1730 2435 1846 2489 aut
1873 2427 2028 2489 inter
2056 2442 2289 2504 paucos
2311 2500 2328 2512 .„

229 2510 602 2587 iungeretur.
1829 2541 1834 2550 ·

355 2596 462 2654 vl.
507 2596 617 2658 Est
659 2594 820 2662 enim
870 2596 1130 2666 amicitia
1172 2595 1319 2660 nihil
1359 2594 1522 2658 aliud
1571 2593 1688 2656 nisi
1740 2593 2009 2657 omnium
2063 2592 2287 2654 divina·

232 2695 367 2744 rum
422 2677 951 2755 humanarumque
993 2697 1200 2744 rerum
1252 2697 1389 2742 cum
1448 2676 1869 2742 benevolentia
1926 2684 1988 2740 et
2045 2674 2292 2736 caritate

230 2760 597 2830 consensioz
668 2780 789 2839 qua
846 2762 1094 2839 quidem
1144 2763 1312 2828 haud
1370 2763 1501 2826 scio
1555 2778 1633 2822 an
1687 2766 1947 2836 excepta
1997 2756 2290 2835 sapientia

231 2843 568 2920 quidquam
636 2845 851 2909 melius
907 2846 989 2916 sit
1031 2845 1260 2913 homini
1306 2862 1354 2924 Aa
1415 2845 1509 2907 dis
1567 2842 2007 2908 immortalibus
2066 2842 2285 2904 datum

230 2926 485 2998 Divitias
532 2927 631 2988 alii
675 2938 1093 3006 praeponunt,
1147 2931 1372 2996 bonam
1414 2928 1512 2992 alii
1554 2927 1994 3001 valetudinem,
2047 2925 2145 2986 alii
2189 2942 2293 3001 po·

232 3010 513 3087 tentiam,
572 3011 670 3074 alii
709 3013 1010 3085 honores,
1064 3011 1232 3078 multi
1282 3012 1463 3076 etiam
1515 3014 1886 3088 voluptates.
1972 3011 2294 3070 Beluarum

232 3095 350 3155 boc
382 3092 631 3170 quidem
676 3103 1044 3168 extremum,
1095 3094 1195 3160 illa
1233 3102 1436 3160 autem
1485 3094 1809 3171 superiora
1849 3095 2082 3154 caduca
2112 3098 2176 3152 et
2211 3088 2296 3150 in-

232 3184 429 3252 certa,
480 3177 686 3255 posita
713 3196 836 3240 non
873 3178 1084 3246 tamin
1127 3178 1399 3244 consiliis
1442 3177 1669 3240 nostris
1707 3193 1889 3254 quam
1922 3174 1980 3235 in
2018 3176 2296 3235 fortunae

233 3260 591 3330 temeritate.
670 3262 780 3337 Qui
810 3271 1014 3328 autem
1061 3262 1122 3323 in
1154 3262 1376 3323 vittate
1428 3278 1729 3323 summum
1768 3260 1993 3322 bonum
2045 3265 2296 3333 ponunt,

233 3346 549 3419 praeclare
596 3342 680 3405 illi
730 3346 1008 3422 quidem,
1070 3345 1180 3406 sed
1229 3346 1385 3406 haec
1434 3342 1815 3477 inngus
1872 3340 2188 3401 amicitiam
2237 3347 2293 3396 et
