2381 3723
585 95 730 155 Lm.
762 96 834 154 11.
881 67 1049 156 cAP.
1083 105 1170 158 13.
1209 107 1291 158 14.
1333 105 1386 165 s.
1420 106 1683 159 44—51.
2090 99 2173 162 65

104 230 305 289 ‘mm‘
334 263 543 308 sermo
585 245 698 319 sit,
761 245 820 306 in
868 249 1057 308 altera
1111 246 1454 321 contentio,
1512 266 1633 309 non
1685 258 1781 309 est
1824 248 1885 309 id
1929 249 2171 323 quidem

100 295 340 407 tuandam
387 331 533 406 quin
590 329 897 392 contentio
954 329 1251 393 orationis
1303 331 1594 395 maiorem
1651 331 1770 392 vim
1821 332 2045 392 habeat
2097 333 2172 392 ad

101 384 345 495 ‘²⁰9⁸‘fo
385 447 473 458 —
508 430 581 474 ea
617 422 713 474 est
753 413 912 475 enim
947 432 1131 491 quam
1170 415 1581 491 eloquentiam
1616 415 1873 476 dicimus
1902 438 2017 470 -=
2063 417 2172 476 sed

100 477 222 523 emm
284 496 573 559 ssdisficile
597 496 760 558 dictu
794 506 889 559 est
912 507 1140 575 quanto
1177 516 1370 575 opere
1405 498 1691 560 conciliet
1722 499 1959 562 animos
1992 498 2173 570 coini-

95 551 229 607 esset
259 574 699 655 3'3'abilitasque
721 582 1040 644 sermonis.
1117 585 1381 643 Exstant
1408 582 1706 659 epistolae
1732 593 1792 645 et
1814 582 2072 660 Philippi
2098 583 2171 642 ad
2260 614 2269 624 -

90 634 234 756 mg}
284 667 517 728 'ladrum
550 671 613 724 et
641 664 940 742 Antipatri
973 667 1050 726 ad
1081 667 1492 728 Cassandrum
1525 675 1586 728 et
1612 666 1905 743 Antigoni
1934 668 2011 727 ad
2044 668 2172 726 Phi-

81 728 178 851 11ῗῖ
220 746 328 810 ‘rin
382 749 603 822 filium,
650 746 828 810 trium
865 749 1483 824 prudentissimorum
1510 783 1595 796 —
1625 749 1714 811 sic
1747 750 1904 810 enim
1937 750 2173 826 accepi-

35 802 75 897 k
140 838 228 894 -ds
255 868 361 908 -,
404 832 625 907 quibus
648 832 1034 908 praecipiunt
1061 840 1129 894 ut
1158 833 1437 895 oratione
1470 833 1736 909 benigna
1773 833 2173 895 multitudinis

36 950 37 959 κ
68 996 69 999 ¹
96 916 342 978 animos
389 917 466 975 ad
506 916 994 979 benevolentiam
1026 917 1315 978 adliciant
1343 915 1690 992 militesque
1711 917 1934 978 blande
1966 919 2171 995 appel-

35 1034 39 1043 ·
64 1006 71 1073 ζ
93 999 292 1060 lando
313 1015 594 1060 sermone
612 1000 938 1061 deleniant.
985 1003 1154 1077 Quae
1172 1009 1374 1064 autem
1392 999 1452 1060 in
1472 1000 1850 1062 multitudine
1876 1017 2012 1061 cum
2031 1018 2171 1062 con-

36 1110 38 1121 >
94 1081 382 1143 tentione
411 1081 662 1144 habetur
689 1083 920 1156 oratio,
966 1101 1041 1145 ea
1078 1101 1270 1162 saepe
1298 1083 1647 1145 universam
1689 1082 1913 1145 excitat
1936 1085 2010 1143 ad
2047 1087 2174 1160 glo-

35 1198 38 1205 ,
96 1166 272 1226 riam.
304 1167 526 1242 Magna
540 1167 806 1228 estenim
820 1166 1138 1230 admiratio
1160 1167 1418 1245 copiose
1446 1166 1880 1243 sapienterque
1898 1166 2173 1239 dicentis,

35 1270 40 1278 ·
100 1266 285 1326 quem
317 1248 422 1326 qui
451 1249 703 1312 audiunt
735 1250 1072 1328 intelligere
1107 1251 1283 1313 etiam
1319 1259 1381 1312 et
1405 1267 1627 1328 sapere
1656 1253 1796 1328 plus
1830 1252 2174 1325 quamcae·

101 1342 269 1396 teros
306 1333 692 1396 arbitrantur.
767 1335 833 1397 Si
873 1352 1023 1397 vero
1054 1334 1218 1397 inest
1259 1336 1319 1397 in
1352 1335 1627 1397 oratione
1656 1334 1841 1396 mixta
1872 1332 2176 1395 modestia

103 1416 388 1492 gravitas,
414 1416 560 1478 nihil
584 1417 1000 1481 admirabilius
1020 1419 1152 1480 fieri
1172 1426 1383 1497 potest
1397 1436 1598 1496 eoque
1623 1419 1835 1495 magis,
1863 1417 1918 1480 si
1934 1435 2008 1479 ea
2031 1425 2175 1479 sunt

106 1501 161 1561 in
186 1501 608 1564 adolescente.
694 1502 796 1563 49.
843 1502 987 1576 Sed,
1022 1520 1209 1580 quum
1233 1502 1355 1565 sint
1382 1505 1557 1580 plura
1580 1520 1901 1565 causarum
1925 1518 2172 1579 genera,

110 1601 260 1660 quae
292 1584 704 1661 eloquentiam
740 1585 1120 1660 desiderent,
1163 1588 1458 1663 multique
1486 1587 1544 1648 in
1588 1594 1802 1649 nostra
1831 1603 1900 1648 re
1932 1586 2175 1663 publica

111 1669 535 1731 adolescentes
567 1677 629 1730 et
658 1670 825 1745 apud
855 1669 1088 1732 iudices
1118 1679 1179 1731 et
1209 1672 1372 1748 apud
1397 1673 1692 1748 populum
1718 1678 1779 1732 et
1811 1671 1974 1748 apud
2000 1685 2173 1731 sena-

110 1760 225 1813 tum
258 1752 523 1814 dicendo
556 1753 797 1814 laudern
829 1753 1110 1815 adsecuti
1142 1754 1286 1826 sint,
1331 1755 1594 1815 maxima
1624 1763 1719 1816 est
1759 1753 2075 1815 admiratio
2113 1752 2171 1812 in

113 1833 372 1911 iudiciis,
426 1852 690 1912 quorum
728 1836 880 1899 ratio
928 1839 1151 1915 duplex
1183 1849 1300 1901 est.
1373 1840 1521 1900 Nam
1564 1854 1643 1900 ex
1679 1838 2073 1899 accusatione
2116 1843 2176 1895 et

115 1936 181 1979 ex
212 1920 576 1982 defensione
609 1929 880 1994 constat,
917 1939 1171 1998 quarum
1204 1922 1319 1984 etsi
1355 1921 1716 1983 laudabilior
1750 1930 1846 1980 est
1876 1918 2174 1990 defensio,

117 2010 302 2065 tamen
363 2003 541 2065 etiam
592 2004 904 2067 accusatio
948 2007 1205 2084 probata
1249 2022 1553 2082 persaepe
1601 2011 1716 2065 est.
1792 2003 1927 2064 Dixi
1969 2003 2175 2078 paullo

117 2095 244 2150 ante
274 2089 352 2149 de
387 2089 633 2150 Crasso.
708 2089 872 2149 Idem
907 2089 1049 2151 feeit
1078 2090 1447 2152 adolescens
1477 2089 1557 2149 Μ.
1583 2086 1909 2149 Antonius.
1979 2085 2177 2146 Etiam

119 2169 170 2229 P.
203 2171 459 2249 Sulpicii
493 2172 903 2249 eloquentiam
944 2173 1259 2235 accusatio
1302 2172 1650 2246 illustravit,
1707 2189 1892 2248 quum
1929 2168 2177 2231 seditio·

36 2273 41 2366 ι
121 2271 237 2315 sum
272 2263 334 2317 et
379 2256 647 2317 inutilem
674 2256 919 2330 *civem,
982 2260 1042 2320 C.
1073 2257 1458 2331 Norbanum,
1506 2256 1563 2317 in
1595 2255 1878 2318 iudicium
1910 2252 2175 2316 vocavit.

36 2373 37 2378 κ
120 2337 204 2399 50.
248 2340 376 2401 Sed
418 2342 538 2401 hoc
570 2341 816 2416 quidem
847 2359 970 2401 non
1011 2349 1108 2403 est
1135 2359 1327 2418 saepe
1368 2340 1711 2402 faciendum
1746 2357 1860 2401 nec
1889 2354 2175 2414 umquam

36 2437 37 2470 l
120 2421 220 2483 nisi
249 2434 354 2485 aut
395 2424 482 2484 rei
513 2423 794 2499 publicae
836 2442 1051 2500 causa,
1105 2433 1174 2486 ut
1196 2426 1266 2499 ii,
1319 2442 1480 2501 quos
1512 2432 1651 2485 ante
1683 2424 1836 2497 dixi,
1893 2429 1997 2484 aut
2034 2420 2176 2482 ulci-

120 2508 349 2582 scendi,
407 2515 475 2568 ut
504 2508 630 2580 duo
666 2508 931 2582 Luculli,
972 2518 1075 2570 aut
1114 2508 1467 2586 patrocinii,
1518 2515 1587 2568 ut
1627 2525 1743 2568 nos
1789 2524 1902 2581 pro
1936 2506 2175 2575 SiculiS,

119 2605 216 2663 pro
253 2591 470 2653 Sardis
506 2591 563 2652 in
593 2591 852 2653 Albucio
886 2592 1090 2654 Iulius.
1164 2595 1230 2653 ln
1264 2592 1617 2653 accusando
1655 2589 1837 2650 etiam
1864 2589 1965 2648 Μ’.
1992 2586 2178 2662 Aqui-

118 2672 186 2735 lio
234 2677 303 2736 L.
357 2675 513 2736 Fufii
568 2674 811 2752 cognita
863 2675 1163 2741 industria
1212 2683 1326 2738 est.
1418 2675 1621 2758 Semel
1671 2672 1853 2749 igitur
1900 2680 2004 2731 aut
2056 2687 2179 2731 non

119 2774 296 2835 saepe
329 2766 516 2819 certe.
592 2759 694 2819 Sin
728 2758 841 2820 erit
861 2760 958 2821 cui
988 2760 1331 2822 laciendum
1365 2759 1445 2821 sit
1475 2757 1754 2834 saepiuS‚
1784 2755 1873 2817 rei
1900 2756 2180 2833 publicae

119 2841 327 2904 tribuat
359 2843 480 2903 hoe
511 2842 810 2917 muneris,
863 2844 1036 2906 cuius
1082 2843 1362 2905 inimicos
1394 2842 1609 2905 ulcisci
1647 2841 1897 2919 saepius
1928 2859 2052 2903 non
2087 2846 2183 2901 est

117 2927 718 3002 reprehendendum:
764 2927 985 2989 modus
1016 2936 1217 2990 tamen
1261 2926 1439 2989 adsit.
1524 2925 1670 2988 Duri
1716 2925 1875 2987 enim
1918 2921 2184 2987 hominis

120 3012 203 3069 vel
263 3009 475 3087 potius
523 3008 625 3069 vix
677 3010 941 3071 hominis
994 3012 1235 3073 videtur
1284 3010 1622 3088 periculum
1681 3009 1897 3087 capitis
1958 3010 2182 3069 inferre

121 3094 331 3156 multis.
408 3095 474 3154 Id
519 3112 702 3170 quum
742 3094 1156 3171 periculosum
1189 3095 1310 3172 ipsi
1349 3102 1445 3157 est
1484 3094 1822 3157 tumetiam
1862 3092 2180 3152 sordidum

119 3177 186 3237 ad
240 3179 461 3238 famam
519 3179 897 3240 committere
946 3188 1015 3240 ut
1055 3187 1383 3240 aecusator
1426 3177 1772 3241 nominere:
1831 3175 1995 3249 quod
2039 3189 2180 3234 con-

120 3257 238 3335 tigit
282 3262 364 3322 Μ.
409 3263 632 3335 Bruto,
687 3280 924 3324 summo
962 3280 1190 3338 genere
1234 3270 1407 3335 nat0,
1468 3262 1625 3322 illius
1672 3258 1832 3329 filio·,
1889 3255 1992 3329 qui
2033 3253 2183 3342 iuris

123 3341 303 3405 civilis
352 3344 413 3405 in
457 3344 667 3422 primis
717 3348 952 3423 peritus
995 3345 1127 3409 suit.
1218 3347 1320 3405 51.
1368 3348 1573 3420 Atque
1616 3340 1796 3475 etiagn
1836 3337 1957 3395 hoc
2010 3346 2188 3410 prae-

197 3444 306 3487 cio.
337 3430 442 3487 lv.
475 3438 529 3489 3.
