2381 3723
0 1176 49 1276 RH
0 687 49 1113 §miamin

0 1470 51 1586 {isto}
0 1289 52 1431 bussi]

4 1651 53 1746 tt:-

193 115 322 179 244
987 112 1489 174 FRAGMENTA.
2202 123 2275 176 54

196 268 328 334 (nb.
367 270 405 317 1.
444 284 528 335 cp.
565 267 654 319 20.
690 268 740 329 s.
779 267 854 329 7.)
891 265 1230 325 Quinctiliano
1267 263 1427 330 (1nst.
1467 264 1555 315 lib.
1583 265 1668 313 v1.
1709 278 1819 328 cap.
1863 265 1909 317 1.
1933 231 2094 325 549.
2138 264 2269 318 conr.

196 338 604 472 &Rhylllqocggl
626 338 678 386 2.
713 337 798 398 55.
838 334 904 386 10
951 342 1000 384 et
1036 331 1152 398 36.)
1184 340 1232 383 et
1268 332 1543 383 Severiano
1581 331 1828 398 (Syntax.
1865 332 2014 382 Rhet.
2054 349 2108 400 p,
2148 333 2272 386 305.

331 516 385 575 1.
428 514 624 576 Amici
649 513 962 588 deficiunt,
987 512 1234 589 cognati
1254 514 1567 575 deserunt.
1603 527 2270 595 [Severisnisymomst.

200 601 408 653 Rhetor.
445 614 558 664 cap.
593 599 657 648 de
694 598 978 649 adfectibus
1011 613 1064 663 p.
1090 598 1208 650 345.
1248 598 1331 651 cd.
1371 597 1612 664 Cappen]
2153 614 2171 626 ”

324 695 382 755 2.
429 696 493 755 In
528 692 945 755 inimicissima
969 693 1214 755 civitate
1242 701 1535 769 urguent,
1568 694 1814 770 instant,
1846 692 2274 769 insequuntur,

198 778 436 853 studio,
467 777 868 852 multitudine,
900 777 1177 853 pecunia,
1214 778 1480 855 periurio
1506 787 1799 855 pugnant.
1849 793 2008 860 [idem
2035 790 2277 860 ibidem]

325 877 384 939 3.
433 878 497 937 C.
532 875 882 938 Ancharius
908 877 1103 937 Rufus
1138 875 1250 936 fuit
1280 892 1315 935 e
1351 874 1678 953 municipio
1717 875 2051 952 Fulginate..
2109 894 2277 961 [Pri-

198 963 460 1015 scianus
496 961 586 1014 lib.
625 961 739 1012 VII.
777 976 890 1027 cap.
936 962 1018 1012 14.
1052 961 1100 1021 s.
1136 959 1249 1026 70.]

324 1047 384 1110 4.
430 1047 496 1106 In
529 1046 915 1121 praefectura
943 1043 1281 1121 Fulginate.
1354 1059 1515 1127 [ldem
1553 1059 1705 1127 ibid.]

316 1145 383 1205 5.
430 1144 628 1219 Quum
658 1142 775 1204 iter
812 1159 926 1219 per
955 1157 1140 1217 agros
1174 1149 1238 1202 et
1265 1144 1404 1204 loca
1433 1145 1571 1205 sola
1593 1145 1822 1204 faceret
1845 1159 1985 1224 *cum
2008 1143 2278 1219 Pompu-

201 1232 372 1301 leno,
427 1227 488 1288 in
534 1226 818 1288 familiam
850 1224 1304 1289 Ancharianam
1352 1226 1642 1289 incidisse
1686 1226 1998 1287 dlxerunt:
2051 1226 2277 1288 deinde

197 1313 642 1389 Pompulenum
673 1311 948 1373 occisum·
993 1326 1170 1382 esse,
1219 1309 1378 1372 illico
1411 1313 1720 1372 Varenum
1757 1310 2026 1371 vinctum
2067 1310 2278 1371 adser-

198 1401 407 1457 vatum
427 1444 442 1469 ,
475 1396 618 1457 dum
643 1394 742 1455 hic
767 1394 1125 1456 ostenderet
1154 1393 1300 1469 quid
1326 1395 1402 1454 de
1433 1411 1508 1456 eo
1533 1395 1665 1455 fieri
1690 1396 1887 1456 vellet.
1946 1409 2083 1476 [Qui
2101 1410 2279 1459 scti-

204 1480 416 1531 iiauus
448 1480 536 1531 lib.
571 1480 636 1529 V.
673 1494 787 1544 cap.
826 1478 905 1530 13.
944 1480 994 1540 5.
1036 1475 1148 1541 28.]
1425 1481 1428 1482 ’

333 1563 391 1623 6.
430 1563 595 1637 Lege
626 1562 703 1621 de
739 1560 975 1622 sicariis
1011 1559 1315 1621 commisit
1342 1561 1410 1621 L.
1443 1563 1749 1621 VarenuS.
1820 1562 1968 1621 Nam
1999 1560 2063 1620 C.
2088 1561 2280 1621 Vare-

200 1662 345 1704 num
384 1643 728 1705 occidendo
761 1651 824 1705 et
853 1643 1119 1706 Gnaeum
1166 1646 1550 1705 vulnerando
1585 1652 1644 1705 et
1675 1643 1972 1705 Salarium
2002 1644 2142 1704 item
2176 1660 2278 1705 oc-

203 1727 467 1790 cidendo
501 1727 682 1789 cadit.
755 1744 917 1810 [mem
955 1743 1042 1795 nb.
1081 1744 1193 1796 vn.
1230 1759 1345 1809 cap.
1390 1745 1435 1794 1.
1474 1745 1525 1805 s.
1566 1742 1645 1809 9.]

328 1825 386 1886 7.
431 1826 583 1887 Tum
618 1826 680 1888 C.
712 1825 1000 1889 Varenus
1020 1874 1034 1901 ,
1068 1824 1122 1888 is
1156 1826 1261 1903 qui
1292 1843 1328 1887 a
1360 1825 1582 1887 familia
1609 1824 2000 1889 Anchariana
2029 1824 2274 1889 occisus

202 1918 318 1973 est.
391 1945 476 1956 —
499 1912 634 1973 Hoc
665 1927 930 1988 quaeso,
963 1910 1232 1985 iudices,
1263 1911 1585 1987 diligenter
1613 1910 1924 1971 attendite.
1954 1943 2037 1956 —-—
2112 1926 2278 1993 [idem

203 1993 290 2044 lib.
313 1996 399 2046 IV.
440 2011 554 2061 cap.
595 1997 646 2046 1.
687 1996 738 2060 S.
777 1997 862 2050 74.
901 2004 951 2047 et
987 1996 1074 2046 lib.
1112 1995 1201 2047 IX.
1245 2011 1361 2062 cap.
1401 1998 1451 2046 2.
1489 1996 1540 2060 S.
1578 1991 1689 2059 56]

329 2075 388 2137 8.
431 2079 499 2139 L.
524 2078 624 2138 ille
646 2078 978 2155 Septimius
1009 2078 1241 2140 diceret
1261 2113 1346 2123 —
1366 2077 1589 2139 etenim
1615 2077 1811 2138 estad
1833 2078 1898 2137 L.
1926 2078 2131 2140 Crassi
2156 2081 2279 2141 elo·

205 2160 514 2236 quantiam
558 2161 766 2236 gravis
810 2171 872 2223 et
911 2164 1249 2223 vehemens
1291 2169 1354 2223 et
1395 2159 1679 2223 volubilis
1711 2179 1820 2221 -ε
1891 2161 2150 2224 Erucius
2182 2162 2280 2223 hic

203 2250 420 2305 noster
466 2243 871 2306 Antoniaster
921 2253 1035 2307 est.
1097 2261 1507 2328 [Priscianus
1554 2262 1643 2312 lib.
1692 2264 1780 2318 [Η.
1831 2277 1945 2328 cap.
1988 2264 2038 2314 7.
2089 2265 2141 2326 §-
2189 2262 2276 2316 40.

202 2341 257 2393 p.
302 2328 418 2379 112.
454 2328 541 2381 21.
582 2328 749 2378 Hertz.
825 2327 1310 2387 Quinctilianus
1343 2331 1431 2380 lib.
1469 2331 1604 2382 vl11.
1637 2346 1748 2397 cap.
1790 2331 1841 2385 3.
1880 2333 1930 2395 S.
1972 2329 2082 2396 22]

332 2408 392 2469 9.
437 2409 528 2468 Ea
559 2410 785 2472 caedes
815 2410 868 2471 si
898 2410 1286 2488 potissimum
1316 2412 1550 2475 crimini
1580 2415 1787 2489 datur,
1821 2414 2002 2476 detur
2024 2415 2109 2489 ei,
2144 2415 2280 2477 cuia

203 2490 499 2640 Ξιέιθτὲηἰὲ,
541 2510 681 2643 ‘2⁰5¹
725 2492 812 2569 ei,
873 2494 1010 2556 cuia
1048 2495 1192 2556 nihil
1231 2496 1518 2559 interfuit.
1592 2512 2003 2580 [Priscianus
2038 2512 2128 2563 lib.
2165 2512 2277 2568 xil.

265 2591 300 2641 p
336 2659 431 2720 10.
483 2659 663 2736 Optio
694 2660 875 2724 vobis
907 2662 1086 2723 datur
1127 2672 1329 2724 utrum
1366 2663 1564 2725 velitis
1595 2680 1747 2726 casu
1774 2664 1875 2726 illo
1918 2662 2133 2725 itinere
2161 2666 2281 2724 Va·

206 2760 420 2805 renum
454 2761 633 2806 usum
667 2762 808 2807 esse
843 2763 919 2807 an
953 2745 1133 2807 huius
1170 2764 1473 2823 persuasu
1505 2756 1567 2810 et
1606 2746 1878 2810 inductu.
1953 2761 2281 2829 [Quincti-

206 2826 419 2876 lianus
458 2827 546 2878 lib.
585 2829 649 2881 V.
692 2845 804 2896 cap.
845 2830 926 2882 10.
966 2833 1015 2894 S.
1054 2828 1165 2896 694

337 2909 433 2969 11.
477 2911 666 2970 Deum
699 2911 903 2973 fidem.
969 2926 1381 2994 [Priscianus
1417 2930 1508 2983 lib.
1546 2931 1679 2984 vm.
1720 2944 1835 2997 cap.
1863 2929 1915 2981 6.
1951 2929 2001 2993 §-
2041 2926 2151 2994 25.]

336 3006 434 3067 12.
477 3007 704 3070 Plinius
733 3011 912 3087 epist.
956 3011 1056 3073 lib.
1090 3014 1134 3071 Ι.
1172 3028 1271 3089 ep.
1302 3011 1406 3074 20.
1447 3019 1500 3080 §-
1534 3012 1593 3073 7.
1669 3012 1861 3073 Testes
1903 3019 2042 3074 sunt
2065 3015 2283 3072 multae

206 3094 519 3154 multorum
545 3098 838 3157 orationes
864 3100 923 3156 et
949 3095 1247 3157 Ciceronis
1274 3114 1389 3172 pro
1423 3097 1711 3170 Murena,
1741 3112 1865 3173 pro
1909 3097 2144 3157 Vareno
2161 3141 2175 3169 ,
2219 3098 2284 3155 iu

206 3175 434 3316 ᾳιιὲῆυετ
453 3178 642 3238 brevis
670 3186 730 3238 et
764 3180 930 3239 nuda
961 3183 1139 3254 quasi
1180 3182 1530 3258 subscriptio
1571 3183 1883 3241 criminum
1921 3181 2058 3241 solis
2098 3180 2285 3240 titulis

207 3271 270 3315 m
315 3273 410 3315 ica
431 3276 524 3317 ur.

340 3351 436 3410 13.
482 3353 917 3427 Quinctiliauus
948 3356 1047 3416 lib.
1068 3360 1175 3420 VI.
1204 3377 1339 3438 cap.
1377 3364 1428 3421 1.
1460 3364 1514 3428 S.
1541 3359 1643 3421 49.
1670 3362 1745 3421 cl.
1770 3359 1871 3421 lib.
1903 3360 2032 3421 Vll.
2057 3375 2194 3437 cap.
2224 3357 2283 3420 2.
