2381 3723
76 101 144 153 ⁵1
708 83 873 149 cAP
912 94 1158 149 19—-21,
1214 96 1265 156 5.
1296 88 2202 152 68-76.167,

76 257 218 302 non
249 239 434 299 modo
469 236 701 312 verbiS,
747 237 861 297 sed
892 236 1070 296 etiam
1118 252 1307 313 opere
1343 238 1586 300 levandi
1618 247 1779 300 sunt.
1869 238 1971 302 73.
2016 240 2142 300 Tan

76 332 218 384 tum
257 329 458 382 autem
504 320 724 396 cuique
764 318 1182 393 tribuendum,
1239 316 1495 395 piimu'm
1540 330 1832 396 quantum
1864 322 1998 399 ipse
2040 323 2168 383 effi·

76 422 234 467 cere
262 403 506 481 possis,
556 402 780 463 deinde
810 403 988 463 etiam
1020 413 1309 499 quantum
1341 404 1469 478 ille,
1515 422 1697 479 quem
1731 406 1945 482 diligas
1976 414 2164 481 atque

76 489 369 561 adinves,
400 487 724 548 sustinere.
798 487 930 547 Non
957 487 1113 546 enim
1142 503 1344 562 neque
1367 495 1432 548 tu
1456 488 1684 564 possis,
1722 490 2000 565 quamvis
2024 488 2167 551 licet

77 573 394 644 excellaS,
424 587 638 631 omnes
664 578 813 631 tuos
844 571 921 629 ad
953 571 1224 631 honores
1252 571 1665 647 amplissimos
1697 575 2059 649 perducere,
2100 581 2166 634 ut

78 655 299 731 Scipio
342 654 403 713 P.
447 653 734 715 Rutilium
782 653 979 729 potuit
1029 656 1348 715 consulem
1388 657 1667 729 efficere,
1730 659 1976 717 fratrem
2028 657 2160 718 eius

76 738 342 800 Lucium
390 754 515 798 non
564 736 790 814 potuit:
838 738 1003 812 quod
1049 736 1101 798 si
1144 736 1326 797 etiam
1375 738 1583 815 possis
1636 740 1877 820 quidvis
1922 742 2164 802 deferre

78 824 163 882 ad
189 824 492 894 alterum,
541 820 872 881 videndum
906 827 1003 881 est
1037 827 1236 881 tamen
1281 823 1428 897 quid
1458 822 1559 883 ille
1591 824 1794 899 possit
1836 824 2161 886 sustinere.

78 907 188 985 74.
253 905 513 965 Omnino
565 903 863 964 amicitiae
911 904 1327 965 corroboratis
1379 905 1495 966 iam
1550 907 2052 983 confirmatisque
2105 914 2165 969 et

77 987 353 1064 ingeniis
394 995 457 1048 et
504 987 805 1048 aetatibus
848 987 1214 1048 iudicandae
1243 996 1414 1062 sunt,
1466 1006 1609 1062 nec,
1664 991 1716 1050 si
1770 990 1872 1064 qui
1915 989 2164 1051 ineunte

79 1079 291 1133 aetate
323 1070 589 1131 venandi
620 1077 726 1131 aut
750 1070 911 1146 pilae
939 1071 1203 1132 studiosi
1238 1074 1508 1146 fuerunt,
1546 1089 1658 1132 eos
1690 1073 1918 1134 habere
1948 1090 2161 1134 neces-

81 1155 314 1229 sarioS,
371 1172 529 1230 quos
569 1161 696 1215 tum
743 1155 962 1215 eodem
1006 1154 1212 1216 studio
1245 1157 1559 1231 praeditos
1600 1154 1959 1216 dilexerunt.
2035 1158 2160 1219 Isto

80 1238 250 1299 enim
296 1239 484 1299 modo
519 1237 787 1299 nutrices
831 1247 890 1298 el
926 1239 1267 1314 paedagogi
1309 1238 1441 1299 iure
1486 1239 1807 1300 vetustatis
1840 1238 2162 1315 plurimum

16 1389 35 1406 Ι,
80 1321 556 1383 benevolentiae
588 1322 1015 1398 postulabunt:
1059 1321 1162 1397 qui
1185 1321 1532 1398 negligendi
1563 1322 1807 1398 quidem
1843 1339 1967 1383 non
2000 1330 2158 1396 sunt,

83 1407 203 1466 sed
251 1405 369 1466 alio
421 1406 687 1480 quodam
750 1405 956 1466 modo.
1044 1404 1240 1466 Aliter
1288 1405 1584 1466 amicitiae
1632 1406 1883 1467 stabiles
1927 1422 2161 1483 perma-

84 1506 240 1549 nere
290 1505 413 1549 non
465 1495 750 1564 possunt.
820 1488 1113 1564 Dispares
1163 1488 1322 1549 enim
1378 1506 1584 1550 mores
1637 1490 1904 1566 disparia
1959 1489 2160 1550 studia

87 1577 467 1647 sequuntur,
500 1588 761 1647 quorum
793 1571 1219 1633 dissimilitudo
1253 1572 1549 1635 dissociat
1577 1573 1902 1646 amicitias,
1936 1590 2050 1633 nee
2081 1573 2161 1634 ob

86 1656 267 1714 aliam
299 1670 546 1715 causam
576 1656 762 1715 ullam
790 1655 938 1715 boni
958 1655 1283 1730 improbis,
1319 1655 1579 1733 improbi
1609 1657 1789 1719 bonis
1813 1656 1988 1717 amici
2018 1673 2161 1719 esse

88 1755 214 1799 non
251 1745 515 1813 possunt
542 1737 659 1799 nisi
691 1739 859 1813 quod
911 1746 1078 1799 tanta
1128 1748 1226 1800 est
1265 1740 1422 1801 inter
1453 1757 1590 1814 eoS,
1650 1749 1877 1816 quanta
1899 1741 2161 1800 maxima
2232 1761 2240 1768 ·

87 1827 303 1899 potest
353 1837 526 1895 esse,
597 1839 832 1884 morum
885 1822 1354 1899 studiorumque
1409 1822 1714 1885 distantia.
1814 1824 1914 1891 75.
1971 1825 2159 1885 Recte

89 1906 272 1965 etiam
304 1905 577 1983 praecipi
608 1913 819 1982 potest
854 1907 913 1967 in
955 1906 1259 1979 amicitiiS‚
1317 1924 1394 1967 ne
1426 1905 1829 1982 intemperata
1859 1909 2157 1981 quaedam

93 1988 550 2062 benevolentia,
588 1992 753 2063 quod
790 2005 1093 2065 persaepe
1122 1991 1221 2062 fit,
1268 1989 1558 2066 impediat
1589 2007 1842 2064 magnas
1873 1989 2157 2049 utilitates

101 2072 446 2133 amicorum.
520 2075 644 2151 Nec
667 2072 843 2146 enim,
880 2080 947 2134 ut
968 2074 1046 2132 ad
1071 2074 1304 2133 fabulas
1331 2074 1599 2145 redeam,
1631 2072 1871 2133 Troiam
1894 2073 2159 2146 Neopto·

94 2161 289 2216 lemus
339 2172 562 2232 capere
604 2157 939 2233 potuisset,
992 2156 1043 2217 si
1086 2157 1531 2234 Lycomedem,
1584 2157 1748 2232 apud
1808 2171 1988 2230 quem
2030 2161 2160 2214 erat

93 2238 426 2313 educatus,
460 2239 662 2309 multis
700 2256 834 2300 cum
859 2239 1119 2300 lacrimis
1150 2238 1265 2300 iter
1286 2256 1464 2302 suum
1495 2239 1925 2315 impedientem
1949 2238 2159 2298 audire

96 2320 425 2384 voluisset:
474 2330 536 2384 et
577 2340 766 2400 saepe
811 2323 1086 2384 incidunt
1125 2340 1380 2398 magnae
1425 2340 1556 2398 reS,
1607 2331 1673 2384 ut
1716 2322 2160 2385 discedendum

96 2404 172 2465 sit
200 2406 276 2465 ab
308 2405 551 2468 amicis:
599 2423 755 2482 quas
787 2406 890 2482 qui
919 2405 1215 2483 impedire
1252 2410 1405 2480 vult,
1441 2408 1607 2483 quod
1641 2406 2010 2468 desiderium
2034 2421 2157 2466 non

97 2480 268 2549 facile
305 2489 492 2562 ferat,
548 2491 600 2551 is
648 2495 711 2550 et
740 2489 1017 2551 infirmus
1048 2498 1145 2551 est
1176 2491 1502 2566 mollisque
1540 2497 1756 2551 natura
1796 2498 1857 2550 et
1902 2491 1980 2552 ob
2025 2505 2159 2549 eam

97 2571 289 2648 ipsam
322 2589 573 2633 causam
598 2573 658 2635 in
691 2573 951 2634 amicitia
978 2590 1195 2649 parum
1224 2573 1444 2634 iustuS.
1534 2573 1632 2633 76.
1676 2575 1881 2647 Atque
1911 2572 1969 2631 in
1995 2572 2160 2632 omni

97 2671 162 2715 re
212 2655 729 2717 considerandum
778 2664 874 2717 est
918 2666 977 2717 et
1034 2657 1174 2733 quid
1230 2658 1507 2733 postules
1550 2655 1627 2714 ab
1676 2655 1872 2713 amico
1909 2661 1970 2713 et
2015 2653 2160 2728 quid

99 2736 327 2814 patiare
357 2757 393 2799 a
421 2748 481 2799 te
519 2738 848 2816 impetrari.

216 2822 370 2881 XXI.
416 2824 527 2884 Est
561 2823 741 2884 etiam
782 2824 1080 2899 quaedam
1112 2822 1421 2883 calamitas
1463 2821 1522 2880 in
1554 2819 1829 2882 amicitiis
1864 2819 2160 2882 dimitten-

96 2906 189 2965 dis
219 2922 340 2966 non
369 2923 699 2983 numquam
730 2908 1113 2968 necessaria:
1166 2906 1285 2966 iam
1328 2904 1487 2966 enim
1518 2922 1555 2966 a
1599 2904 1960 2982 sapientium
1992 2902 2160 2965 fami-

101 2987 449 3052 liaritatibus
506 2992 583 3051 ad
639 2993 923 3066 vulgares
973 2989 1269 3052 amicitias
1321 2988 1516 3051 oratio
1573 2998 1789 3051 nostra
1844 2988 2160 3051 delabitur.

100 3073 433 3148 Erumpunt
477 3091 668 3151 saepe
709 3073 854 3135 vitia
896 3073 1227 3153 amicorum
1261 3081 1387 3134 tum
1434 3071 1492 3133 in
1522 3073 1697 3150 ipsos
1729 3072 1990 3145 amicos,
2032 3079 2159 3132 tum

100 3154 153 3215 in
204 3155 473 3230 alienoS,
538 3175 799 3233 quorum
853 3140 1058 3218 tamen
1112 3159 1193 3218 ad
1242 3155 1473 3217 amicos
1537 3156 1839 3218 redundet
1893 3118 2156 3215 infamia.

66 3239 269 3307 itales
300 3239 482 3315 igitur
524 3240 820 3302 amicitiae
850 3250 994 3302 sunt
1033 3240 1398 3302 remissione
1431 3258 1584 3302 usus
1622 3238 1921 3299 eluendae
1953 3245 2040 3308 et,
2093 3249 2158 3298 ut

104 3323 387 3384 Catonem
418 3324 627 3386 dicere
658 3324 890 3399 audivi,
943 3323 1319 3386 dissuendae
1359 3323 1555 3399 magis
1592 3336 1772 3398 quam
1816 3319 2157 3380 discinden-
