2381 3723
123 121 207 183 80
934 115 1034 177 DE
1070 115 1168 178 01⁴*
1168 115 1389 176 Ficus

126 272 309 334 otium
344 278 406 330 ct
434 267 722 329 solitudo.
796 268 1030 327 Vellem
1064 265 1240 327 nobis
1278 267 1398 328 hoc
1432 267 1592 328 idem
1629 283 1775 326 vere
1818 267 2022 327 dicere
2054 267 2192 328 lice-

127 362 248 429 ret,
282 353 392 415 sed
418 350 471 413 si
499 351 697 412 minus
728 350 1058 411 imitatione
1080 357 1309 410 tantam
1338 350 1561 426 ingenii
1592 351 2024 427 praestantiam
2050 368 2194 411 eon·

128 437 305 514 sequi
331 452 698 512 possumus,
734 437 1252 495 voluntate·certe
1285 434 1563 509 proxime
1595 433 1968 494 accedimus,
2043 436 2194 495 Nam

127 530 188 584 et
232 538 267 581 a
305 536 373 580 re
414 517 655 594 publica
700 515 1171 593 forensibusque
1219 516 1479 593 negotiis
1531 516 1717 577 armis
1767 515 2196 594 impiis'vique

132 601 416 681 prohibiti
442 603 629 662 otium
673 600 1101 677 persequimur
1130 606 1192 660 et
1228 601 1308 662 ob
1338 618 1472 661 eam
1508 617 1757 661 causam
1801 603 1952 662 urbe
1982 601 2197 662 relicta

130 704 269 748 rura
302 690 698 760 peragrantes
737 700 926 759 saepe
968 682 1085 745 soli
1123 700 1357 746 sumus,
1448 684 1505 744 2.
1553 683 1676 744 Sed
1708 700 1824 745 nec
1856 685 1975 745 hoc
2004 686 2196 746 otium

129 787 264 831 eum
300 766 570 828 Africani
617 766 743 829 otio
779 784 894 829 nec
935 769 1087 828 haec
1127 766 1397 828 solitudo
1449 785 1587 829 cum
1626 766 1727 827 illa
1778 769 2198 842 comparanda

129 861 245 915 est.
318 854 421 912 Ille
454 851 609 911 enim
654 850 1052 927 requiescens
1091 867 1127 909 a
1159 850 1245 910 rei
1286 850 1569 926 publicae
1613 851 2036 927 pulcherrimis
2069 870 2199 912 mu·

128 936 376 997 neribus
409 934 594 996 otium
632 934 745 995 sibi
797 934 1077 996 sumebat
1117 934 1447 1008 aliquando
1483 943 1544 996 et
1582 951 1617 995 e
1658 944 1840 995 coetu
1881 935 2196 996 hominum

129 1018 596 1097 frequentiaque
639 1018 941 1080 interdum
978 1024 1285 1093 tamquam
1327 1018 1385 1078 in
1433 1026 1675 1095 portum
1721 1035 1790 1080 se
1830 1018 1890 1078 in
1922 1019 2198 1080 solitudi-

131 1121 270 1165 nem
302 1101 653 1178 recipiebat.
735 1104 1019 1163 Nostrum
1050 1111 1250 1162 autem
1298 1101 1483 1163 otium
1523 1101 1748 1177 negotii
1788 1100 2025 1179 inopia,
2072 1120 2198 1164 non

126 1186 556 1264 requiescendi
592 1186 797 1248 studio
830 1184 1222 1247 constitutum
1259 1191 1373 1245 est.
1444 1186 1762 1246 Exstincto
1792 1184 1951 1246 enim
1977 1193 2197 1247 senatu

129 1271 470 1348 deletisque
500 1269 737 1331 iudiciis
772 1269 917 1346 quid
962 1275 1058 1330 est
1088 1269 1256 1344 quod
1288 1268 1536 1344 dignum
1573 1269 1750 1331 nobis
1783 1278 1887 1330 aut
1928 1269 1987 1329 in
2032 1269 2200 1330 curia

128 1364 232 1416 aut
253 1355 474 1434 infore
507 1371 692 1429 agere
718 1353 1070 1428 possimus?
1132 1351 1192 1414 3.
1227 1354 1438 1428 ltaque
1462 1353 1646 1429 quiin
1668 1352 1925 1413 maxima
1947 1353 2200 1415 celebri-

127 1445 255 1498 tate
298 1443 483 1513 atque
523 1435 583 1496 in
627 1437 818 1497 oculis
856 1436 1076 1497 civium
1126 1437 1435 1511 quondam
1486 1435 1849 1510 vixerimus,
1904 1453 2068 1498 nunc
2113 1438 2200 1497 fu·

127 1520 366 1596 gientes
401 1527 798 1595 conspectum
833 1521 1304 1594 sceleratorum,
1343 1519 1565 1596 quibus
1599 1519 1804 1581 omnia
1832 1520 2199 1594 redundant,

128 1603 410 1664 abdimus
442 1619 560 1663 nos
593 1609 885 1678 quantum
914 1604 1055 1664 licet
1084 1611 1146 1664 et
1174 1620 1364 1681 saepe
1393 1604 1512 1665 soli
1542 1621 1776 1666 sumus.
1851 1602 2005 1677 Sed,
2056 1603 2202 1680 quia

129 1686 221 1748 sic
270 1687 345 1746 ab
387 1685 731 1747 hominibus
778 1686 976 1748 doctis
1022 1688 1404 1765 accepimuS,
1455 1692 1613 1749 ‘non
1657 1689 1854 1748 solum
1905 1704 1982 1747 ex
2024 1687 2198 1748 malis

128 1769 357 1846 eligere
388 1767 632 1829 minima
674 1778 993 1846 oportere,
1047 1772 1156 1832 sed
1193 1771 1371 1832 etiam
1404 1787 1740 1848 excerpere
1778 1788 1856 1831 ex
1886 1769 1981 1831 his
2021 1770 2198 1847 ipsiS,

129 1853 184 1916 si
218 1852 362 1930 quid
403 1851 638 1915 inesset
666 1851 869 1928 boni’‚
922 1861 1250 1931 propterea
1281 1861 1343 1916 et
1374 1854 1499 1917 otio
1535 1857 1732 1929 fruor,
1777 1872 1898 1915 non
1928 1853 2031 1916 illo
2071 1854 2201 1930 qui-

127 1939 268 1999 dem
288 1986 303 2013 ,
332 1955 453 2014 quo
487 1939 748 2000 debebat
772 1938 851 2012 is,
885 1938 990 2015 qui
1019 1940 1331 2014 quondam
1353 1939 1701 2015 peperisset
1733 1939 1920 1999 otium
1951 1937 2200 2011 civitati,

130 2039 246 2083 nec
277 2039 408 2083 eam
439 2022 829 2083 solitudinem
858 2026 1150 2098 languere
1179 2022 1408 2098 patior,
1463 2039 1644 2098 quam
1680 2022 1821 2083 mihi
1865 2023 2064 2082 adfert
2095 2028 2212 2082 ne-‘

131 2106 421 2180 cessitas,
469 2122 592 2166 non
628 2109 930 2167 voluntas.
1017 2108 1078 2167 4.
1125 2104 1503 2182 Quamquam
1537 2105 1863 2167 Africanus
1905 2104 2200 2165 maiorem

130 2190 369 2249 laudem
403 2205 541 2249 meo
585 2187 807 2250 iudicio
842 2190 1320 2265 adsequebatur.
1389 2191 1562 2250 Nulla
1609 2188 1764 2250 enim
1801 2189 1933 2250 eius
1974 2186 2205 2263 ingenii

132 2276 526 2332 monumenta
559 2273 840 2333 mandata
876 2272 1123 2347 litteris,
1173 2275 1400 2333 nullum
1432 2288 1591 2350 opus
1628 2271 1762 2345 otii,
1794 2274 2023 2333 nullum
2058 2271 2204 2332 soli-

131 2353 358 2415 tudinis
402 2370 623 2415 munus
666 2360 894 2415 exstat:
952 2371 1029 2415 ex
1073 2373 1197 2431 quo
1242 2354 1488 2432 intelligi
1531 2357 1713 2418 debet
1759 2356 1924 2417 illum
1977 2353 2200 2415 mentis

132 2436 461 2513 agitatione
494 2436 1087 2515 investigationeque
1133 2456 1338 2501 earum
1388 2457 1622 2513 rerum,
1679 2457 1832 2516 quas
1867 2438 2201 2515 cogitando

133 2521 660 2597 consequebatur,
715 2539 919 2597 neque
961 2523 1228 2584 otiosum
1268 2540 1384 2584 nec
1423 2526 1621 2585 solum
1665 2540 1952 2599 umquam
1984 2521 2203 2583 fuisse.

130 2606 256 2667 Nos
302 2610 536 2679 autem,
600 2605 703 2681 qui
747 2622 869 2668 non
920 2613 1149 2668 tantum
1193 2606 1439 2668 roboris
1480 2608 1807 2681 habemuS‚
1863 2614 1931 2668 ut
1975 2604 2203 2681 cogita·

131 2688 299 2751 tione
354 2689 538 2750 tacita
580 2707 617 2749 a
672 2689 1001 2752 solitudine
1055 2690 1507 2765 abstrahamur,
1567 2692 1645 2751 ad
1690 2692 1846 2750 hanc
1890 2686 2203 2751 scribendi

133 2790 383 2849 operam
412 2789 593 2834 omne
625 2774 889 2834 studium
919 2790 1253 2852 curamque
1280 2774 1718 2836 convertimus.
1788 2776 2002 2849 Itaque
2023 2774 2202 2848 plura

133 2856 302 2915 brevi
344 2864 620 2932 tempore
661 2874 883 2919 eversa
922 2873 1103 2933 quarn
1148 2857 1350 2918 multis
1391 2855 1566 2918 annis
1610 2867 1810 2919 stante
1843 2874 1911 2917 re
1956 2855 2204 2932 publica

131 2937 510 3013 scripsimus·

253 3024 324 3083 ll.
370 3022 429 3081 5.
519 3022 644 3083 Sed
681 3040 861 3098 quum
893 3031 1021 3085 tota
1057 3022 1478 3100 philosophia,
1522 3024 1602 3083 mi
1635 3022 1877 3099 Cicero,
1909 3022 2202 3099 frugifera

132 3112 193 3165 et
222 3108 535 3168 fructuosa
581 3122 696 3166 nec
725 3109 845 3167 ulla
885 3123 1029 3183 pars
1069 3105 1205 3166 eius
1251 3107 1476 3168 inculta
1517 3124 1591 3168 ac
1628 3109 1875 3169 deserta
1905 3105 2015 3179 sit,
2071 3113 2199 3167 tum

132 3190 332 3249 nullus
363 3188 624 3249 feracior
652 3188 711 3248 in
753 3206 825 3248 ea
864 3192 1039 3252 locus
1071 3197 1168 3250 cst
1197 3195 1312 3251 nec
1351 3190 1600 3252 uberior
1625 3208 1807 3267 quam
1845 3192 1925 3251 de
1956 3188 2197 3263 officiiS,

134 3286 170 3330 a
202 3269 422 3345 quibus
469 3277 825 3333 constanter
876 3272 1261 3347 honesteque
1307 3272 1552 3335 vivendi
1596 3282 1927 3350 praecepta
1971 3274 2198 3334 ducun-

134 3359 251 3414 tur.
329 3354 458 3426 Qaa
497 3372 562 3413 re
597 3369 963 3429 quamquam
996 3371 1030 3414 a
1068 3356 1352 3431 Cratippo
1397 3365 1647 3432 nostro,
1701 3356 1974 3434 principe
2017 3355 2200 3417 huius
