2381 3723
641 110 784 171 LIB.
816 111 915 170 111.
964 109 1132 170 CAP.
1172 119 1257 174 16.
1291 112 1376 173 17„
1421 118 1473 180 ς.
1505 119 1769 174 66—72.
2132 103 2246 169 «99

178 271 355 341 turpe
394 262 634 325 haberi·
657 278 860 338 neque
896 270 1001 325 aut
1049 264 1185 340 lege
1220 262 1446 324 sanciri
1489 273 1592 324 aut
1633 265 1764 325 iure
1804 263 1992 337 civili,
2040 271 2242 325 tamen

177 356 430 408 naturae
474 349 610 423 lege
644 354 922 408 sanctum
956 353 1071 408 est.
1148 346 1428 409 Societas
1469 356 1566 408 est
1608 347 1766 408 enim
1797 356 1893 391 —'
1921 348 2087 423 quod
2132 348 2243 409 etsi

176 447 366 506 saepe
398 430 625 491 dictum
663 437 787 504 est,
836 430 1162 491 dicendum
1205 438 1530 493 est-tamen
1563 431 1815 509 saepius
1840 466 1924 477 -
1952 430 2244 492 latissime

177 514 424 591 quidem
459 512 618 590 quae
647 522 882 591 pateat,
920 512 1189 576 omnium
1221 514 1379 576 inter
1414 533 1663 588 omneS‚
1718 514 1971 576 interior
2011 532 2242 589 eorum,

177 598 277 675 qui
307 597 587 659 eiusdem
631 597 832 674 gentis
866 597 1016 671 sint,
1065 599 1324 676 propior
1360 614 1617 683 eorum,
1653 599 1755 676 qui
1796 599 2074 661 eiusdem
2098 598 2242 660 civi·

176 682 331 743 tatis.
406 684 621 759 Itaque
650 681 914 744 maiores
945 682 1109 744 aliud
1134 682 1231 744 ius
1261 682 1559 759 gentium,
1589 683 1752 745 aliud
1780 683 1874 745 ius
1899 683 2076 751 civile
2101 700 2244 745 esse

173 769 520 828 voluerunt.
594 767 772 842 Quod
800 765 1007 840 civile,
1049 784 1175 828 non
1209 767 1371 827 idem
1404 767 1693 833 continuo
1729 768 2027 844 gentium,
2075 769 2242 843 quod

173 849 709 928 autem·gentium·‚
760 848 921 910 idem
954 850 1131 912 civile
1162 866 1309 912 esse
1352 851 1554 912 debet.
1629 852 1752 913 Sed
1777 866 1893 914 nos
1928 850 2056 913 veri
2094 850 2242 913 iuris

172 948 629 1011 germanaeque
660 932 924 996 iustitiae
956 934 1216 996 solidam
1244 942 1306 995 et
1334 948 1694 1011 expressam
1724 936 1989 1012 effigiem
2018 937 2242 995 nullam

173 1028 486 1092 tenemuS,
542 1019 760 1079 umbra
801 1028 862 1080 et
910 1017 1274 1095 imaginibus
1324 1017 1568 1080 utimur.
1639 1019 1762 1080 Eas
1803 1019 1974 1096 ipsas
2016 1019 2242 1081 utinam

175 1104 607 1178 sequeremur!
657 1103 936 1178 feruntur
972 1102 1132 1175 enim
1171 1120 1251 1163 ex
1293 1101 1546 1178 optimis
1585 1110 1840 1163 naturae
1870 1112 1934 1163 et
1971 1102 2242 1163 veritatis

174 1185 493 1262 exemplis
586 1185 686 1247 70.
737 1187 886 1246 Nam
931 1184 1155 1262 quanti
1205 1186 1395 1247 verba
1433 1187 1563 1247 illa:
1617 1202 1714 1244 υτι
1757 1201 1832 1245 ΝΕ
1870 1201 2133 1245 ΡιιοΡτΕιι
2174 1203 2241 1244 τε

174 1285 433 1329 mnmvss
469 1285 636 1330 ‘ruam
663 1286 879 1330 CAPTUS
912 1278 1342 1331 FRAUDATUSVE
1377 1272 1512 1332 sm!
1562 1285 1743 1346 quam
1773 1269 1875 1329 illa
1898 1285 2117 1329 aurea:
2173 1285 2245 1328 υτ

174 1369 346 1413 mma
384 1368 581 1414 nouos
627 1370 779 1413 amn:
813 1369 997 1413 Aen-m
1033 1369 1298 1415 opoa‘rssr
1331 1370 1405 1413 m·
1445 1371 1578 1416 suu:
1620 1354 2070 1414 mammons!
2119 1353 2241 1413 Sed

173 1437 275 1513 qui
315 1435 440 1498 sint
479 1437 692 1498 ‘boni’
730 1444 791 1498 et
839 1437 1094 1515 quid-sit
1127 1439 1321 1499 ‘bene
1360 1438 1492 1514 agi’
1543 1455 1767 1514 magna
1803 1436 2082 1514 quaestio
2129 1444 2242 1498 est.

171 1523 240 1597 Q.
277 1519 525 1598 quidem
557 1521 888 1594 Scaevola,
923 1523 1199 1597 pontifex
1230 1522 1558 1596 maximus,
1607 1539 1905 1584 summam
1938 1521 2055 1583 vim
2102 1538 2243 1584 esse

173 1605 417 1666 dicebat
448 1603 517 1665 ·in
564 1604 847 1666 omnibus
892 1603 967 1666 iis
1016 1604 1310 1680 arbitriis,
1370 1607 1429 1666 in
1470 1607 1691 1682 quibus
1732 1607 2092 1668 adderetur:
2165 1616 2239 1666 Ex

170 1705 305 1748 rum
340 1703 537 1762 nona,
590 1687 898 1765 ‘fideique
939 1689 1174 1751 bonae’
1210 1707 1432 1751 nomen
1467 1691 1853 1752 existimabat
1886 1706 2134 1751 manare
2164 1692 2242 1749 la-

170 1771 406 1834 tissime
447 1772 636 1848 idque
678 1772 915 1833 versari
956 1772 1014 1833 in
1062 1773 1269 1835 tutelis
1312 1774 1742 1848 societatibus,
1793 1773 2037 1835 fiduciis
2078 1791 2239 1834 man·

170 1856 362 1933 datis,
424 1857 611 1919 rebus
651 1855 894 1933 emptis·
951 1855 1242 1931 venditis,
1317 1858 1639 1920 conductis
1698 1857 1946 1931 locatis,
2021 1857 2240 1933 quibus

168 1944 334 2003 vitae
375 1940 643 2003 societas
691 1940 1136 2002 contineretur:
1196 1940 1256 2001 in
1300 1941 1396 2004 his
1441 1941 1645 2017 magni
1681 1957 1826 2002 esse
1865 1940 2082 2000 iudicis
2125 1948 2240 2002 sta-

168 2035 374 2100 tuere,
408 2024 768 2101 praesertim
790 2041 976 2100 quum
1001 2024 1059 2085 in
1092 2024 1407 2101 plerisque
1431 2033 1643 2086 essent
1669 2023 1892 2085 iudicia
1919 2023 2240 2095 contraria,

167 2109 320 2186 quid
375 2124 682 2185 quemque
730 2107 952 2184 cuique
983 2116 1303 2185 praestare
1363 2115 1697 2185 oporteret.
1787 2109 1887 2170 71.
1945 2106 2240 2181 Quocirca

166 2191 434 2255 astutiae
479 2193 785 2253 tollendae
815 2198 959 2255 sunt
999 2194 1199 2268 e'aque
1228 2192 1479 2267 malitia,
1511 2210 1672 2271 quae
1705 2194 1836 2254 vult
1864 2192 1966 2252 illa
1997 2191 2241 2267 quidem

164 2275 363 2338 videri
411 2292 482 2337 se
515 2292 658 2337 esse
690 2275 1114 2351 prudentiam,
1168 2278 1284 2337 sed
1332 2278 1510 2339 abest
1549 2279 1624 2339 ab
1653 2294 1728 2338 ea
1769 2276 2079 2352 distatque
2115 2276 2241 2351 plu-

160 2361 409 2422 rimum.
481 2358 810 2421 Prudentia
859 2367 957 2421 est
998 2360 1157 2420 enim
1196 2362 1399 2422 locata
1449 2362 1507 2423 in
1541 2362 1784 2423 delectu
1828 2361 2130 2422 bonorum
2185 2367 2244 2419 et

159 2447 502 2518 malorum,
554 2442 804 2517 malitia,
858 2442 913 2504 si
958 2444 1189 2520 omnia,
1239 2462 1396 2521 quae
1425 2446 1625 2521 turpia
1668 2452 1841 2519 sunt,
1888 2447 2046 2504 mala
2080 2451 2239 2515 sunt,

159 2531 326 2589 mala
384 2526 567 2589 bonis
619 2528 795 2602 ponit
849 2535 1008 2587 ante.
1096 2530 1221 2589 Nec
1271 2545 1421 2588 vero
1469 2528 1529 2588 in
1584 2527 1849 2605 praediis
1900 2530 2100 2588 solum
2145 2527 2241 2588 ius

161 2612 346 2674 civile
377 2613 628 2693 ductum
673 2629 708 2672 a
752 2618 969 2672 natura
1012 2611 1295 2673 malitiam
1341 2613 1742 2687 fraudemque
1772 2609 2065 2683 vindicat,
2129 2612 2240 2671 sed

160 2697 346 2759 etiam
370 2696 436 2756 in
468 2693 911 2791 mancipiorum
945 2694 1297 2757 venditione
1330 2698 1495 2757 fraus
1537 2692 1876 2756 venditoris
1911 2693 2109 2755 omnis
2142 2710 2240 2754 ex-

160 2779 454 2843 cluditur.
529 2777 641 2856 Qui
684 2778 843 2840 enim
878 2777 1037 2839 scire
1077 2779 1289 2840 debuit
1331 2781 1409 2840 de
1450 2778 1740 2852 sanitate,
1803 2777 1880 2837 de
1929 2777 2100 2854 suga,
2166 2779 2242 2838 de

160 2864 375 2938 sunia,
455 2870 728 2939 praestat
798 2861 998 2923 edicto
1079 2863 1384 2924 aedilium.
1483 2864 1794 2924 Heredum
1871 2860 1987 2922 alia
2055 2879 2241 2925 causa

158 2957 278 3010 est.
372 2946 477 3007 72.
533 2949 624 3007 Ex
678 2963 802 3021 quo
858 2945 1235 3022 intelligitur,
1290 2947 1576 3023 quoniam
1632 2945 1780 3008 iuris
1832 2955 2049 3009 natura
2102 2950 2240 3008 fons

161 3033 274 3107 sit,
336 3032 461 3092 hoc
518 3032 861 3091 secundum
918 3037 1194 3090 naturam
1256 3047 1428 3105 esse,
1492 3032 1793 3093 neminem
1835 3031 1895 3092 id
1942 3046 2125 3104 agere
2176 3039 2242 3087 ut

160 3133 240 3177 ex
275 3113 539 3176 alterius
579 3114 909 3189 praedetur
933 3112 1193 3175 inscitia.
1279 3115 1401 3175 Nec
1438 3117 1557 3175 ulla
1595 3114 1899 3192 pernicies
1932 3113 2089 3172 vitae
2123 3127 2240 3169 ma·

159 3200 257 3261 ior
301 3196 567 3259 invenIri
601 3204 806 3273 potest
846 3213 1028 3272 quam
1078 3196 1139 3258 in
1187 3197 1408 3258 malitia
1449 3197 1751 3260 simulatio
1793 3194 2240 3269 intelligentiae,

159 3300 240 3344 ex
271 3300 402 3360 quo
448 3280 567 3343 ista
593 3279 1053 3342 innumerabilia
1080 3288 1445 3355 nascuntur,
1496 3289 1565 3342 ut
1593 3282 1758 3343 utilia
1793 3293 1930 3337 cum
1963 3275 2239 3335 honestis

161 3383 447 3445 pugnare
498 3364 839 3426 videantur.
885 3365 1163 3440 Quotus
1217 3364 1377 3424 enim
1439 3364 1700 3438 quisque
1745 3354 2087 3495 {aperietur
2139 3354 2239 3426 qui
