2381 3723
132 69 216 130 56
945 67 1048 126 DE
1080 66 1400 126 OFFlcsss

139 227 380 296 ceptum
427 217 616 282 officii
656 216 976 292 diligenter
1021 218 1351 278 tenendum
1393 227 1519 288 est,
1572 235 1648 278 ne
1696 235 1876 293 quem
1917 237 2210 294 umquam

136 301 523 365 innocentem
574 300 800 363 iudicio
844 300 1057 376 capitis
1112 318 1431 363 arcessas:
1490 301 1553 360 id
1594 301 1752 361 enim
1796 302 1932 363 sine
1973 305 2213 365 scelere

138 386 270 447 fieri
321 390 487 450 nullo
544 393 722 464 Paeto
774 391 1001 461 potest.
1090 387 1236 445 Nam
1291 385 1436 462 quid
1489 392 1586 444 est
1642 392 1763 446 tam
1815 386 2212 448 inhumanum

140 487 321 546 quam
355 470 769 548 eloquentiam
800 484 839 527 a
863 475 1083 528 natura
1110 470 1189 529 ad
1223 472 1480 530 salutem
1511 468 1822 530 hominum
1852 476 1915 530 et
1943 471 2022 531 ad
2064 486 2214 532 con-

141 555 550 616 servationem
593 555 794 613 datam
836 553 917 612 ad
945 552 1248 617 bonorum
1292 558 1530 627 pestem
1569 551 2030 630 perniciemque
2064 569 2212 614 con·-

139 641 419 699 vertere?
500 640 624 699 Nec
657 644 888 709 tamen,
916 643 983 697 ut
1004 637 1125 696 hoe
1154 636 1504 711 fugiendum
1539 645 1660 711 est,
1692 636 1834 698 item
1866 643 1965 698 est
1983 637 2214 696 haben-

140 724 283 781 dum
323 721 602 797 religioni
641 726 968 781 nocentem
997 719 1359 795 aliquand0,
1413 719 1598 780 modo
1645 737 1723 780 ne
1765 720 2062 780 nefarium
2104 720 2213 780 im-

141 805 448 881 piumque,
476 806 825 867 defendere
870 805 1018 863 Vult
1039 804 1160 864 lioc
1181 803 1524 876 multitude,
1553 803 1776 879 patitur
1799 804 2214 878 consuetudo,

143 889 259 949 fert
300 889 477 950 etiam
522 886 883 949 humanitas.
955 885 1179 947 Iudicis
1223 898 1317 947 est
1358 903 1605 963 semper
1645 886 1705 947 in
1750 887 1953 948 causis
1994 904 2215 948 verum

142 969 352 1047 sequi,
409 972 652 1050 patroni
693 988 816 1032 non
867 987 1198 1046 numquam
1235 969 1363 1030 veri
1415 969 1635 1044 simile,
1688 971 1870 1031 etiam
1909 970 1964 1031 si
2005 969 2211 1031 minus

142 1055 219 1115 sit
250 1073 495 1129 verum,
536 1055 902 1117 defendere.
963 1055 1132 1128 quod
1166 1053 1465 1128 scribere,
1516 1053 1877 1130 praesertim
1909 1070 2095 1130 quum
2130 1054 2213 1113 de

142 1104 529 1217 philosophia
580 1137 941 1212 scriberem,
991 1154 1114 1198 non
1170 1138 1489 1209 auderem,
1556 1137 1675 1199 nisi
1723 1137 1884 1198 idem
1937 1139 2217 1214 placeret

141 1223 504 1298 gravissimo
550 1223 899 1285 Stoicorum
938 1220 1243 1282 Panaetio.
1331 1221 1592 1281 Maxime
1641 1229 1842 1282 autem
1894 1227 1955 1280 et
2010 1220 2216 1295 gloria

142 1307 373 1382 paritur
403 1315 464 1367 et
492 1307 684 1382 gratia
716 1303 1176 1366 defensionibus
1208 1321 1410 1379 eoque
1440 1304 1659 1379 maior,
1688 1303 1744 1366 si
1773 1304 2019 1380 quando
2049 1301 2215 1364 acci-

144 1389 231 1449 dit
256 1397 323 1449 ut
353 1389 408 1450 ei
447 1388 870 1461 subveniatur,
904 1387 1007 1462 qui
1031 1387 1301 1466 potentis
1338 1387 1594 1449 alieuius
1626 1388 1847 1465 opibus
1873 1386 2214 1448 circumve-

143 1471 255 1531 niri
277 1471 648 1548 urguerique
672 1471 966 1544 videatur,
991 1481 1059 1532 ut
1080 1489 1198 1533 nos
1222 1478 1284 1533 et
1302 1488 1495 1548 saepe
1516 1471 1665 1533 alias
1692 1480 1753 1533 et
1774 1472 2213 1532 adolescentes

145 1563 357 1616 contra
397 1557 461 1616 L.
497 1556 702 1615 Sullae
732 1553 1098 1616 dominantis
1132 1573 1287 1631 opes
1332 1573 1444 1632 pro
1480 1555 1623 1615 Sex.
1654 1556 1882 1616 Roscio
1909 1552 2211 1614 Amerino

146 1638 429 1711 fecimuS,
477 1655 668 1714 quae,
704 1645 773 1698 ut
802 1637 959 1712 scis,
1001 1645 1204 1701 exstat
1233 1637 1450 1700 oratio,

264 1723 398 1782 XV.
454 1721 554 1781 52.
646 1721 768 1782 Sed
807 1721 1107 1799 expositis
1138 1721 1620 1783 adolescentium
1654 1719 1873 1783 officiis
1906 1737 2066 1797 quae
2104 1737 2207 1780 va-

144 1807 307 1867 leant
337 1806 412 1866 ad
452 1806 706 1881 gloriam
737 1805 1227 1883 adipiscendam,
1261 1805 1554 1882 deinceps
1587 1806 1665 1866 de
1696 1802 2101 1866 beneficentia
2131 1821 2211 1865 ac

145 1891 222 1950 de
260 1890 614 1953 liberalitate
645 1889 971 1952 dicendum
1019 1898 1143 1951 est:
1203 1888 1376 1951 cuius
1409 1897 1505 1950 est
1544 1888 1697 1951 ratio
1734 1889 1980 1966 duplex.
2053 1890 2209 1948 Nam

142 1981 247 2034 aut
275 1991 465 2052 opera
501 1974 762 2051 benigne
798 1975 866 2034 fit
896 1972 1307 2049 indigentibus
1339 1980 1445 2033 aut
1473 1973 1745 2049 pecunia.
1815 1970 2077 2033 Facilior
2105 1978 2211 2032 est

143 2058 293 2117 haec
343 2058 679 2133 posterior,
744 2058 1028 2134 locupleti
1081 2056 1475 2134 praesertim,
1538 2058 1651 2118 sed
1703 2056 1804 2116 illa
1857 2054 2079 2116 lautior
2128 2069 2212 2116 ae

141 2139 521 2214 splendidior
550 2148 609 2200 et
637 2140 769 2202 viro
802 2140 945 2201 forti
974 2144 1268 2217 claroque
1297 2138 1553 2216 dignior.
1630 2140 2005 2214 Quamquam
2041 2135 2209 2198 enim

140 2222 199 2281 in
232 2232 496 2298 utroque
524 2222 687 2283 inest
713 2222 1092 2299 gratificandi
1124 2224 1386 2285 liberalis
1420 2225 1737 2295 voluntaS,
1782 2229 1978 2283 tamen
2008 2224 2210 2283 altera

143 2322 217 2365 ex
243 2321 414 2378 arca,
449 2306 637 2366 altera
666 2322 746 2366 ex
786 2305 1004 2368 virtute
1044 2307 1440 2384 depromitur,
1491 2306 1881 2381 largitioque,
1936 2322 2098 2381 quae
2138 2302 2210 2365 fit

142 2406 218 2448 ex
250 2404 316 2448 re
349 2388 648 2462 familiari,
700 2391 928 2450 fontem
956 2390 1158 2467 ipsum
1187 2389 1576 2465 benignitatis
1611 2388 1906 2451 exhaurit.
1980 2392 2068 2450 lta
2095 2389 2207 2449 be-

141 2470 429 2547 nignitate
459 2472 800 2548 benignitas
833 2474 1090 2549 tollitur,
1142 2492 1265 2551 qua
1296 2492 1418 2550 quo
1450 2472 1508 2534 in
1539 2476 1749 2551 plures
1779 2490 1932 2534 usus
1960 2471 2078 2545 εἰς,
2122 2488 2202 2535 eo

140 2555 337 2618 minus
380 2558 437 2617 in
478 2560 701 2618 multos
731 2557 817 2618 uti
858 2557 1083 2635 possis.
1171 2559 1271 2619 53.
1318 2557 1534 2633 Atqui
1566 2574 1786 2634 opera,
1821 2557 1883 2617 id
1912 2564 2033 2628 est,
2085 2554 2203 2616 vir-

140 2647 266 2701 tute
298 2648 358 2701 et
395 2641 723 2715 industria,
776 2641 1036 2702 benefici
1076 2651 1134 2702 et
1184 2642 1464 2703 liberales
1507 2648 1714 2714 erunt,
1763 2640 2020 2715 primum
2069 2655 2200 2714 quo

141 2724 415 2799 pluribus
460 2724 822 2799 profuerint,
872 2742 949 2787 eo
994 2726 1202 2801 plures
1234 2726 1309 2784 ad
1354 2724 1617 2799 benigne
1660 2723 1999 2784 faciendum
2029 2722 2201 2783 adiu·

137 2814 306 2867 tores
339 2807 678 2882 habebunt,
727 2808 868 2869 dein
901 2807 1349 2870 consuetudine
1384 2806 1825 2869 beneficentiae
1855 2804 2199 2884 paratiores

139 2897 317 2952 erunt
356 2897 418 2951 et
455 2898 762 2967 tamquam
792 2889 1252 2953 exercitatiores
1297 2893 1377 2953 ad
1410 2892 1568 2952 bene
1608 2893 1685 2952 de
1723 2890 1923 2953 multis
1957 2906 2197 2966 prome·

134 2972 413 3035 rendum.
485 2975 803 3036 Praeclare
844 2975 902 3037 in
942 2975 1205 3051 epistola
1246 2976 1505 3051 quadam
1544 2976 1961 3037 Alexandrum
2009 2973 2197 3034 filium

139 3057 446 3134 Philippus
477 3064 760 3131 accusat,
823 3060 989 3134 quod
1035 3058 1356 3135 largitione
1392 3058 1879 3121 benevolentiam
1909 3058 2195 3119 Macedo·

137 3158 279 3199 num
317 3148 738 3203 consectetur:
789 3144 993 3217 ‘Quae
1021 3150 1101 3215 te,
1133 3145 1425 3204 maluml'
1470 3141 1665 3219 inquit
1695 3143 1884 3203 ‘ratio
1923 3141 1983 3202 in
2014 3140 2196 3202 istam

137 3239 308 3297 spem
339 3223 602 3299 induxit,
640 3231 708 3285 ιιι
729 3241 840 3286 eos
870 3223 973 3284 tibi
1003 3224 1220 3287 fideles
1250 3234 1501 3303 putares
1537 3228 1697 3299 fore,
1743 3243 1901 3303 quos
1935 3222 2196 3301 pecunia

134 3307 566 3381 corrupisses?
637 3310 734 3367 An
780 3316 842 3368 ιιι
889 3305 950 3367 id
1004 3308 1164 3384 agis,
1214 3318 1281 3370 ut
1311 3308 1684 3372 Macedones
1727 3328 1848 3372 non
1892 3317 1952 3371 te
1985 3323 2195 3383 regem
