2381 3723
231 94 357 157 220
1014 92 1514 154 FRAGMENTA.
2228 107 2309 163 ³⁰

234 251 489 321 questus
522 258 622 317 eS,
673 245 752 305 de
782 261 926 305 aere
961 245 1195 318 alien0,
1242 246 1362 323 [de]
1394 244 1479 320 vi,
1524 246 1602 307 de
1635 245 1883 308 ambitu.
1960 247 2093 307 Duo
2126 263 2303 323 prae·

231 326 456 389 teristi:
500 324 643 387 nihil
689 329 766 389 de
796 327 1194 405 religionibus
1233 327 1509 403 violatiS‚
1563 329 1705 390 nihil
1749 330 1827 391 de
1860 330 2135 391 incestus
2175 336 2303 391 stu·

231 411 358 488 pris
391 417 649 486 questus
681 428 769 474 es.

358 578 416 638 3.
462 620 477 635 .
506 620 521 633 .
547 578 731 638 ‚lium
763 578 1027 639 nomina.
1489 619 1526 650 0

355 662 414 720 4.
459 660 569 721 Est
623 664 783 722 enim
844 677 1235 738 quocumque
1297 665 1466 725 venit
1524 672 1586 725 et
1652 680 1898 725 reorum
1961 661 2185 723 crimen
2240 670 2305 723 et

231 744 519 806 iudicum.
1387 812 1392 816 ,

359 828 417 887 5.
463 826 776 904 Tuamque
811 836 1158 905 praeturam
1195 847 1319 891 non
1357 838 1464 893 tuo
1498 847 1669 891 more
1699 829 1969 894 differas,

358 912 460 971 IV.
512 914 564 976 1.
648 913 774 974 Nec
805 912 1098 988 suffragia
1129 912 1333 987 dabis,
1377 915 1600 990 quibus
1630 920 1929 975 ostentas.

248 1069 262 1082 ⁴
358 994 417 1054 2.
461 997 587 1056 Nec
615 1013 764 1057 vero
801 996 961 1056 illam
994 996 1283 1057 nefariam
1315 998 1672 1058 libertatem.

322 1137 325 1140 .
360 1077 420 1139 3.
464 1079 609 1153 Quis
641 1097 763 1141 non
806 1078 1145 1141 meminerit
1174 1080 1494 1156 pueritiam
1521 1082 1728 1142 tuam?

356 1166 415 1222 4.
458 1164 683 1224 Iterum
725 1182 762 1224 a
800 1162 1012 1239 piratis
1056 1164 1461 1240 redemptum.
1533 1164 1663 1237 Quo
1712 1162 1870 1223 enim
1916 1160 2161 1223 nomine
2195 1176 2301 1235 ap·

234 1247 456 1322 pellem
485 1264 627 1321 eoS,
670 1247 772 1323 qui
804 1256 862 1307 te
893 1246 1103 1323 precio
1136 1254 1396 1323 accepto
1427 1247 1879 1310 liberaverunt?

359 1415 437 1473 V.
488 1417 542 1472 1.
758 1421 992 1474 ..turae
1062 1413 1187 1474 Nisi
1210 1430 1358 1474 vero
1384 1413 1745 1475 liniamentis
1776 1411 2041 1473 hominis
2073 1425 2296 1470 nomen

237 1501 299 1555 et
326 1495 538 1570 figuris
576 1496 875 1572 positum,
910 1513 1032 1556 non
1063 1496 1296 1557 naturis
1329 1503 1531 1573 putas.

361 1577 418 1638 2.
462 1579 611 1639 Tum
641 1578 907 1640 habuisti
937 1581 1235 1654 quasdam
1265 1579 1649 1654 formidines,
1681 1598 1833 1656 quae
1864 1578 2040 1656 quasi
2069 1590 2300 1638 cornua

239 1662 540 1735 quaedam
572 1662 931 1723 exciderunt
960 1662 1227 1739 impleta.

363 1743 420 1806 3.
466 1748 597 1807 Non
656 1746 812 1807 enim
868 1745 1181 1819 viderunt,
1236 1763 1394 1822 quos
1446 1746 1563 1822 ipsi
1609 1747 2034 1818 exturbarant,
2092 1758 2202 1803 eos
2239 1740 2297 1802 in

241 1825 542 1891 civitatem
576 1830 913 1892 restitutoS.

363 1914 424 1974 4.
471 1914 581 1989 Qui
612 1914 795 1976 armis
838 1913 1167 1975 cessissem
1217 1916 1317 1973 vel
1352 1912 1472 1975 tuis
1513 1912 1771 1974 urbanis
1811 1914 1939 1988 vel,
1990 1918 2058 1972 ut
2094 1907 2299 1986 opinio

244 2002 366 2056 tum
399 2006 559 2073 erat,
588 1998 820 2060 alienis.

647 2124 725 2172 11.
801 2120 1059 2172 CONTRA
1096 2119 1462 2172 CONTIONEM
1498 2119 1555 2179 Q.
1597 2119 1891 2173 METELLL

381 2219 598 2285 [Contra
632 2202 897 2268 contionem
922 2219 1123 2270 Metelli
1153 2220 1269 2270 trib.
1294 2223 1394 2285 pL,
1432 2236 1483 2272 a.
1532 2219 1584 2273 d.
1623 2217 1737 2269 III.
1771 2217 1902 2273 Non.
1932 2217 2147 2268 Ianuar.
2186 2226 2304 2262 anm

235 2304 288 2352 ρ.
316 2305 364 2340 u.
393 2302 438 2336 c.
472 2286 595 2338 692.
630 2285 846 2335 habitam
882 2288 1056 2338 Cicero
1081 2287 1221 2338 brevi
1246 2296 1361 2351 post
1396 2289 1529 2337 dixit
1563 2289 1723 2338 multis
1754 2287 1907 2336 modis
1932 2279 2233 2344 laces-sim]

365 2384 422 2441 1.
476 2381 578 2442 Sic
628 2380 814 2454 enim,
866 2390 933 2442 ut
963 2383 1211 2458 opinor,
1268 2384 1562 2459 insequar
1593 2382 1951 2458 fugientem,
2016 2379 2303 2456 quoniam

242 2463 536 2540 congredi
564 2480 686 2525 non
731 2463 873 2525 licet
909 2481 1046 2526 cum
1088 2466 1431 2529 resistente
1507 2480 1749 2548 [Chirii
1795 2498 1839 2536 s
1882 2482 2019 2532 Curii
2064 2481 2308 2530 Fortuna

238 2551 363 2598 tiani
384 2548 518 2597 Artis
544 2547 823 2599 rhetoricae
843 2549 1098 2600 scholicae
1124 2551 1214 2600 lib.
1250 2552 1331 2601 111.
1359 2565 1472 2616 cap.
1497 2551 1561 2601 de
1585 2552 1785 2616 Figuris
1804 2550 2277 2601 controversiarum.
2283 2547 2306 2614 J

361 2631 420 2694 2.
460 2632 772 2694 Permulsa
836 2640 1022 2708 atque
1077 2631 1353 2694 recreata
1413 2640 1527 2694 est.
1608 2646 2009 2714 [Priscianus
2064 2646 2152 2696 lib.
2215 2644 2306 2694 lx,

239 2732 317 2770 ω
356 2718 425 2845 ξ’».
447 2718 598 2845 §Nigi
607 2715 837 2845 {eorum
871 2783 1058 2846 exitio
1082 2802 1205 2846 non
1237 2784 1667 2860 requieturam.
1735 2797 2003 2864 [Idemlib.
2026 2797 2092 2846 Χ.
2115 2810 2226 2860 cap.
2253 2796 2309 2846 3.

239 2870 289 2931 §-
331 2867 437 2995 120]
465 2935 733 2997 Escendi
769 2935 830 2995 in
872 2934 1250 2996 contionem:
1310 2951 1651 2996 concursus
1692 2940 1789 2995 est
1829 2933 2040 3010 populi
2085 2933 2306 2991 factus.

246 3017 658 3087 [Gelliuslib.
699 3019 884 3072 XVIII.
915 3034 1024 3084 cap.
1068 3021 1117 3072 7.
1156 3022 1206 3083 §-
1246 3017 1321 3083 7.]

367 3102 426 3162 5.
469 3104 761 3162 Vestrum
803 3099 922 3161 iam
951 3100 1050 3161 hic
1090 3088 1316 3160 factum
1348 3099 1876 3177 deprehenditur,
1910 3103 2116 3173 patres
2164 3112 2309 3155 con

244 3184 475 3261 scripti,
505 3202 629 3245 non
660 3201 892 3256 meum,
924 3199 997 3244 ac
1020 3184 1495 3260 pulcherrimum
1520 3181 1764 3257 quidem
1798 3182 2041 3254 factum,
2071 3195 2311 3262 verum,

244 3273 313 3325 ut
349 3266 505 3409 ὀξεῖς,
556 3285 679 3414 2331
722 3283 954 3338 meum,
1012 3269 1122 3326 sed
1155 3274 1448 3329 vestrum.
1530 3281 2047 3347 [Quinctilianus
2085 3281 2176 3330 lib.
2213 3278 2310 3330 lx.

243 3361 357 3412 cap.
425 3383 437 3397 .
510 3389 522 3400 .
630 3387 640 3398 .
