2381 3723
255 158 322 214 6⁶
408 149 452 209 1.
491 149 657 209 CAP.
692 158 745 210 3.
778 156 940 217 §.14.
970 159 1053 211 15.
1094 148 1166 207 11.
1200 156 1252 216 §-
1282 154 1518 211 16—19.
1554 148 1650 207 111.
1680 148 1843 208 CAP.
1873 160 1921 209 1.
1951 156 2001 220 ς.
2033 158 2120 211 20.
2192 147 2325 210 -181

253 307 354 362 est
401 298 714 359 habitandi
751 299 958 372 locus,
1009 317 1130 360 non
1169 298 1272 371 iis,
1330 297 1433 373 qui
1484 314 1725 361 omnem
1774 298 1987 359 orbem
2034 306 2327 361 terrarum

252 395 437 444 unam
469 383 684 443 urbem
729 399 871 444 esse
913 383 1163 444 ducunt.
1248 384 1332 443 Τε
1364 381 1677 455 miseriae,
1734 389 1795 442 te
1840 399 2167 443 aerumnae
2196 401 2331 460 pre·

254 475 457 540 munt,
503 466 606 543 qui
639 474 699 527 te
729 467 1003 541 beatum,
1042 466 1144 543 qui
1174 466 1494 527 florentem
1532 472 1742 540 putaS,
1790 472 1933 528 tuae
1963 466 2241 530 libidines
2272 476 2330 527 te

254 559 574 627 torquent:
620 557 686 611 tu
710 550 843 612 dies
887 559 1232 626 noctesque
1260 547 1569 623 cruciariS,
1603 550 1699 610 cui
1723 566 1837 611 nec
1864 550 2013 612 satis
2039 559 2137 613 est
2161 553 2327 627 quod

254 644 350 697 est
379 642 440 695 et
471 633 533 694 id
565 633 766 710 ipsum
796 651 875 695 ne
905 652 1029 696 non
1059 633 1139 695 sit
1174 634 1522 695 diuturnum
1549 635 1816 696 futurum
1845 634 2053 697 times:
2103 642 2163 696 te
2188 652 2329 697 con-

253 717 548 780 scientiae
599 718 912 780 stimulant
962 718 1399 780 maleficiorum
1449 724 1722 791 tuorum,
1779 726 1838 779 te
1886 727 2086 781 metus
2129 720 2331 779 exani·

253 812 419 863 mant
473 802 835 864 iudiciorum
889 809 1076 878 atque
1131 803 1368 879 legum,
1436 818 1827 878 quocumque
1882 802 2210 879 aspexisti,
2266 812 2333 865 ut

252 886 446 947 furiae
498 885 589 947 sic
632 893 776 947 tuae
823 884 932 952 tibi
980 894 1312 948 occurrunt
1362 884 1645 959 iniuriae,
1707 902 1866 961 quae
1919 895 1979 947 te
2025 887 2331 964 respirare

253 987 379 1032 non
425 968 651 1031 sinunt.
745 970 843 1030 19.
901 970 1090 1044 Quam
1151 971 1231 1031 ob
1280 987 1410 1030 rem
1463 976 1534 1030 ut
1583 969 1861 1046 improbo
1917 977 1979 1031 et
2032 972 2217 1032 stulto
2271 977 2332 1031 e*

252 1053 432 1115 inerti
460 1052 686 1114 nemini
712 1055 872 1114 bene
901 1070 1044 1115 esse
1088 1061 1326 1130 potest,
1366 1053 1456 1115 sic
1487 1053 1687 1114 bonus
1721 1053 1813 1113 vir
1839 1062 1900 1114 et
1930 1053 2105 1115 fortis
2139 1062 2201 1115 et
2233 1071 2328 1113 sa-

254 1138 433 1214 piens
467 1137 655 1198 miser
685 1154 829 1199 esse
861 1155 984 1199 non
1008 1145 1237 1215 potest.
1305 1140 1428 1198 Nec
1462 1153 1645 1210 vero,
1683 1138 1856 1198 cuius
1883 1137 2073 1198 virtus
2101 1155 2330 1199 mores-

256 1238 377 1297 que
405 1221 696 1283 laudandi
720 1229 893 1296 sunt,
931 1220 1062 1282 eius
1094 1238 1218 1282 non
1253 1222 1560 1282 laudanda
1595 1220 1720 1280 vita
1751 1229 1874 1293 est,
1916 1238 2119 1297 neque
2142 1238 2328 1297 porro

257 1303 546 1380 '‘ugienda
569 1304 692 1366 vita
711 1312 806 1365 est
830 1322 991 1381 quae
1015 1306 1322 1365 laudanda
1343 1312 1459 1365 est.
1517 1306 1701 1366 Esset
1723 1311 1921 1366 autem
1950 1303 2256 1381 fugienda,
2279 1305 2329 1365 si

260 1397 427 1449 esset
458 1388 700 1450 misera.
781 1390 971 1465 Quam
1010 1390 1089 1450 ob
1117 1406 1248 1449 rem
1282 1388 1578 1465 quidquid
1602 1398 1697 1449 est
1726 1389 2054 1463 laudabile,
2083 1388 2244 1449 idem
2272 1396 2331 1447 et

257 1472 501 1533 beatum
534 1479 594 1533 et
623 1473 857 1533 florens
894 1481 954 1533 et
984 1473 1401 1548 expetendum
1430 1472 1626 1533 videri
1657 1474 1858 1533 debet.

933 1661 1510 1728 P'ARADOXON
1555 1670 1653 1730 111.

411 1766 554 1837 Ὅτι
584 1778 695 1837 ἴσα
725 1771 806 1837 τὰ
837 1768 1271 1857 ἁμαρτήματα
1294 1775 1403 1839 καὶ
1439 1773 1519 1839 τὰ
1549 1773 2054 1859 κατορθώματα.

427 1863 745 1939 {Aequalia
771 1880 898 1924 esse
924 1873 1178 1939 peccata
1207 1872 1265 1924 et
1291 1872 1447 1924 recte
1474 1865 1693 1942 factm]

388 1973 434 2033 Ι.
481 1972 581 2033 20.
669 1973 895 2048 Parva,
949 1973 1173 2052 inquit,
1228 1992 1329 2035 res
1378 1981 1503 2035 est:
1553 1982 1615 2033 at
1657 1989 1875 2048 magna
1921 1975 2121 2050 culpa.
2208 1976 2328 2034 Nec

257 2057 416 2117 enim
459 2064 717 2133 peccata
765 2074 969 2118 rerum
1017 2066 1274 2131 eventu,
1332 2058 1444 2118 sed
1474 2056 1635 2118 vitiis
1678 2056 1988 2117 hominum
2026 2057 2332 2117 metienda

260 2148 420 2201 sunt.
495 2140 561 2201 In
593 2158 717 2216 quo
750 2151 1073 2217 peccatur,
1128 2141 1189 2202 id
1221 2148 1429 2218 potest
1464 2140 1627 2203 aliud
1671 2140 1787 2201 aiio
1820 2139 2015 2200 maius
2057 2157 2199 2202 esse
2231 2146 2333 2199 aut

257 2223 490 2298 minuS,
523 2223 723 2299 ipsum
756 2224 999 2300 quidem
1024 2225 1170 2286 illud
1201 2241 1495 2301 peccare,
1541 2242 1793 2301 quoquo
1818 2223 2109 2299 verteriS,
2145 2240 2329 2284 unum

259 2315 373 2368 est.
443 2307 597 2368 Auri
636 2325 855 2368 navem
902 2316 1139 2370 evertat
1180 2308 1558 2384 gubernator
1598 2325 1673 2368 an
1722 2310 1965 2385 paleae,
2018 2307 2080 2368 in
2125 2325 2190 2368 re
2232 2307 2330 2367 ali·

260 2397 582 2466 quantum,
636 2391 695 2452 in
728 2393 1157 2468 gubernatoris
1190 2392 1429 2454 inscitia
1460 2393 1602 2453 nihil
1642 2392 1913 2452 interest.
1993 2393 2195 2469 Lapsa
2240 2399 2333 2452 est

256 2474 443 2535 libido
475 2473 536 2536 in
572 2475 825 2537 muliere
853 2475 1092 2552 ignota,
1135 2477 1317 2538 dolor
1349 2477 1425 2536 ad
1459 2476 1784 2553 pauciores
1823 2475 2114 2551 pertinet,
2152 2492 2331 2552 quam

257 2559 309 2618 si
344 2561 626 2634 petulans
654 2559 875 2621 fuisset
908 2560 967 2621 in
1002 2559 1207 2636 aliqua
1234 2576 1541 2636 generosa
1572 2575 1646 2619 ac
1677 2559 1862 2618 nobili
1887 2559 2151 2635 virgine:
2192 2574 2333 2636 pec·

260 2640 421 2702 cavit
457 2659 608 2704 vero
663 2642 848 2704 nihilo
900 2643 1131 2717 minus,
1185 2643 1239 2705 si
1282 2642 1524 2719 quidem
1575 2648 1672 2702 est
1714 2657 1979 2717 peccare
2024 2650 2333 2717 tamquam

258 2724 519 2786 transire
535 2725 749 2800 lineaS‚
778 2729 947 2803 quod
966 2745 1152 2803 quum
1178 2727 1419 2800 feceriS,
1448 2727 1628 2800 culpa
1653 2723 1980 2786 commissa
2000 2731 2123 2785 est:
2152 2739 2333 2798 quam

258 2813 441 2884 longe
475 2806 905 2886 progrediare,
977 2828 1163 2887 quum
1199 2812 1393 2872 semel
1425 2809 1563 2870 hinc
1600 2806 1947 2883 transieriS,
2002 2809 2079 2868 ad
2110 2824 2333 2883 augen-

256 2895 407 2956 dam
458 2895 698 2968 culpam
757 2893 903 2955 nihil
965 2895 1248 2972 pertinet.
1336 2895 1603 2954 Peccare
1667 2900 1831 2953 certe
1890 2891 2031 2953 licet
2089 2890 2332 2952 nemini.

257 2975 435 3051 Quod
467 2984 671 3039 autem
713 2995 837 3039 non
867 2977 1038 3050 licet,
1090 2977 1152 3038 id
1181 2979 1300 3039 hoc
1330 2995 1454 3039 uno
1489 2985 1756 3050 tenetur,
1810 2977 1860 3037 si
1903 2976 2178 3053 arguitur
2210 2992 2332 3036 non

254 3058 461 3120 licere.
550 3061 620 3121 Id
669 3060 724 3123 si
773 3079 889 3124 nec
936 3060 1131 3123 maius
1183 3078 1299 3122 nec
1345 3061 1550 3122 minus
1588 3078 1875 3138 umquam
1931 3059 2063 3120 fieri
2105 3066 2331 3135 potest,

243 3141 549 3218 >quoniam
593 3143 653 3206 in
695 3160 771 3208 eo
823 3153 919 3207 est
957 3152 1311 3222 peccatum,
1366 3145 1419 3206 si
1461 3163 1584 3207 non
1632 3145 1826 3217 licuit,
1880 3145 2045 3218 quod
2089 3157 2333 3218 semper

256 3244 444 3289 unum
478 3236 541 3290 et
577 3228 741 3291 idem
773 3237 897 3304 est,
941 3248 1099 3307 quae
1130 3248 1209 3292 ex
1252 3247 1324 3291 eo
1359 3239 1613 3306 peccata
1645 3234 2011 3300 nascuntur,
2056 3224 2331 3302 aequalia

259 3309 382 3372 sint
438 3319 702 3389 oportet.
792 3313 892 3374 21.
956 3315 1132 3389 Quod
1183 3313 1236 3374 si
1287 3313 1545 3374 virtutes
1601 3329 1781 3388 pares
1835 3317 1979 3371 sunt
2031 3310 2189 3371 inter
2244 3325 2330 3377 se,

258 3394 430 3467 paria
460 3413 605 3458 esse
635 3396 815 3459 etiam
848 3396 994 3459 vitia
1035 3415 1297 3460 necesse
1333 3403 1448 3458 est.
1521 3395 1710 3470 Atqui
1749 3410 1934 3470 pares
1967 3411 2111 3455 esse
2153 3391 2328 3451 virtu-

260 3484 354 3539 tes
389 3495 504 3540 nec
535 3481 702 3543 bono
741 3481 870 3543 viro
903 3482 1215 3544 meliorem
1247 3498 1362 3541 nec
1388 3485 1763 3555 temperante
1798 3473 2327 3552 temperantiorem
