<?xml version="1.0" encoding="UTF-8"?>
<!DOCTYPE html PUBLIC "-//W3C//DTD XHTML 1.0 Transitional//EN"
    "http://www.w3.org/TR/xhtml1/DTD/xhtml1-transitional.dtd">
<html xmlns="http://www.w3.org/1999/xhtml" xml:lang="en" lang="en">
 <head>
  <title>
</title>
<meta http-equiv="Content-Type" content="text/html;charset=utf-8" />
  <meta name='ocr-system' content='tesseract 3.04.00' />
  <meta name='ocr-capabilities' content='ocr_page ocr_carea ocr_par ocr_line ocrx_word'/>
</head>
<body>
  <div class='ocr_page' id='page_1' title='image "./scriptaquaemans01wesegoog_0023.png"; bbox 0 0 2381 3723; ppageno 0'>
   <div class='ocr_carea' id='block_1_1' title="bbox 368 630 2029 924">
    <p class='ocr_par' dir='ltr' id='par_1_1' title="bbox 368 630 2029 924">
     <span class='ocr_line' id='line_1_1' title="bbox 754 630 1656 759; baseline 0.002 -2"><span class='ocrx_word' id='word_1_1' title='bbox 754 676 841 757; x_wconf 78' lang='lat' dir='ltr'><strong>M.</strong></span> <span class='ocrx_word' id='word_1_2' title='bbox 897 675 1169 759; x_wconf 66' lang='lat' dir='ltr'><strong>Tutin</strong></span> <span class='ocrx_word' id='word_1_3' title='bbox 1227 630 1656 759; x_wconf 72' lang='lat' dir='ltr'><strong>cicssnoms</strong></span> 
     </span>
     <span class='ocr_line' id='line_1_2' title="bbox 368 821 2029 924; baseline -0.001 -8"><span class='ocrx_word' id='word_1_4' title='bbox 368 821 497 916; x_wconf 73' lang='lat' dir='ltr'><strong>DE</strong></span> <span class='ocrx_word' id='word_1_5' title='bbox 560 821 967 919; x_wconf 75' lang='lat' dir='ltr'><strong>oFFwnS</strong></span> <span class='ocrx_word' id='word_1_6' title='bbox 1027 824 1156 917; x_wconf 84' lang='lat' dir='ltr'><strong>Al)</strong></span> <span class='ocrx_word' id='word_1_7' title='bbox 1218 823 1635 921; x_wconf 85' lang='lat' dir='ltr'><strong>MARCUM</strong></span> <span class='ocrx_word' id='word_1_8' title='bbox 1697 823 2029 924; x_wconf 74' lang='lat' dir='ltr'><strong>FILIUM</strong></span> 
     </span>
    </p>
   </div>
   <div class='ocr_carea' id='block_1_2' title="bbox 910 988 1485 1052">
    <p class='ocr_par' dir='ltr' id='par_1_2' title="bbox 910 988 1485 1052">
     <span class='ocr_line' id='line_1_3' title="bbox 910 988 1485 1052; baseline 0 -4"><span class='ocrx_word' id='word_1_9' title='bbox 910 990 1140 1052; x_wconf 88' lang='lat' dir='ltr'><strong>LIBER</strong></span> <span class='ocrx_word' id='word_1_10' title='bbox 1179 988 1485 1052; x_wconf 89' lang='lat' dir='ltr'>PRIMUS.</span> 
     </span>
    </p>
   </div>
   <div class='ocr_carea' id='block_1_3' title="bbox 1043 1151 1362 1161">
    <p class='ocr_par' dir='ltr' id='par_1_3' title="bbox 1043 1151 1362 1161">
     <span class='ocr_line' id='line_1_4' title="bbox 1043 1151 1362 1161; baseline 0 2562"><span class='ocrx_word' id='word_1_11' title='bbox 1043 1151 1362 1161; x_wconf 95' lang='lat' dir='ltr'><strong> </strong></span> 
     </span>
    </p>
   </div>
   <div class='ocr_carea' id='block_1_4' title="bbox 798 1239 1628 1368">
    <p class='ocr_par' dir='ltr' id='par_1_4' title="bbox 798 1239 1628 1368">
     <span class='ocr_line' id='line_1_5' title="bbox 798 1239 1628 1368; baseline -0.002 -40"><span class='ocrx_word' id='word_1_12' title='bbox 798 1239 1628 1368; x_wconf 21' lang='lat' dir='ltr'><strong>ARGUMENTUM·</strong></span> 
     </span>
    </p>
   </div>
   <div class='ocr_carea' id='block_1_5' title="bbox 165 1401 2246 3456">
    <p class='ocr_par' dir='ltr' id='par_1_5' title="bbox 165 1401 2246 3456">
     <span class='ocr_line' id='line_1_6' title="bbox 308 1401 2237 1468; baseline 0.001 -18"><span class='ocrx_word' id='word_1_13' title='bbox 308 1401 473 1461; x_wconf 86' lang='lat' dir='ltr'><strong>Quum</strong></span> <span class='ocrx_word' id='word_1_14' title='bbox 509 1401 579 1451; x_wconf 90' lang='lat' dir='ltr'><strong>M.</strong></span> <span class='ocrx_word' id='word_1_15' title='bbox 615 1401 816 1452; x_wconf 88' lang='lat' dir='ltr'><strong>Tullius</strong></span> <span class='ocrx_word' id='word_1_16' title='bbox 853 1409 1134 1468; x_wconf 87' lang='lat' dir='ltr'><strong>temporum</strong></span> <span class='ocrx_word' id='word_1_17' title='bbox 1172 1404 1434 1466; x_wconf 77' lang='lat' dir='ltr'><strong>iniquitate</strong></span> <span class='ocrx_word' id='word_1_18' title='bbox 1468 1403 1531 1452; x_wconf 90' lang='lat' dir='ltr'><strong>ab</strong></span> <span class='ocrx_word' id='word_1_19' title='bbox 1569 1403 2003 1454; x_wconf 76' lang='lat' dir='ltr'><strong>administratione</strong></span> <span class='ocrx_word' id='word_1_20' title='bbox 2033 1403 2107 1453; x_wconf 90' lang='lat' dir='ltr'><strong>rei</strong></span> <span class='ocrx_word' id='word_1_21' title='bbox 2142 1418 2237 1468; x_wconf 86' lang='lat' dir='ltr'><strong>pu·</strong></span> 
     </span>
     <span class='ocr_line' id='line_1_7' title="bbox 165 1469 2238 1537; baseline 0 -17"><span class='ocrx_word' id='word_1_22' title='bbox 165 1471 331 1520; x_wconf 78' lang='lat' dir='ltr'><strong>blicae</strong></span> <span class='ocrx_word' id='word_1_23' title='bbox 365 1469 601 1520; x_wconf 83' lang='lat' dir='ltr'><strong>exclusus</strong></span> <span class='ocrx_word' id='word_1_24' title='bbox 635 1469 703 1520; x_wconf 83' lang='lat' dir='ltr'><strong>ad</strong></span> <span class='ocrx_word' id='word_1_25' title='bbox 733 1470 1092 1537; x_wconf 70' lang='lat' dir='ltr'><strong>philosophiae</strong></span> <span class='ocrx_word' id='word_1_26' title='bbox 1127 1471 1430 1536; x_wconf 73' lang='lat' dir='ltr'><strong>scriptiones</strong></span> <span class='ocrx_word' id='word_1_27' title='bbox 1471 1486 1620 1522; x_wconf 87' lang='lat' dir='ltr'><strong>snum</strong></span> <span class='ocrx_word' id='word_1_28' title='bbox 1654 1471 1877 1522; x_wconf 85' lang='lat' dir='ltr'><strong>studium</strong></span> <span class='ocrx_word' id='word_1_29' title='bbox 1905 1474 2238 1524; x_wconf 80' lang='lat' dir='ltr'><strong>convertisset</strong></span> 
     </span>
     <span class='ocr_line' id='line_1_8' title="bbox 171 1537 2236 1606; baseline 0 -16"><span class='ocrx_word' id='word_1_30' title='bbox 171 1545 218 1590; x_wconf 83' lang='lat' dir='ltr'><strong>et</strong></span> <span class='ocrx_word' id='word_1_31' title='bbox 266 1539 453 1589; x_wconf 85' lang='lat' dir='ltr'><strong>multas</strong></span> <span class='ocrx_word' id='word_1_32' title='bbox 506 1539 607 1588; x_wconf 89' lang='lat' dir='ltr'><strong>iam</strong></span> <span class='ocrx_word' id='word_1_33' title='bbox 659 1537 988 1590; x_wconf 81' lang='lat' dir='ltr'><strong>difficillimas</strong></span> <span class='ocrx_word' id='word_1_34' title='bbox 1042 1539 1107 1590; x_wconf 86' lang='lat' dir='ltr'><strong>de</strong></span> <span class='ocrx_word' id='word_1_35' title='bbox 1160 1539 1490 1606; x_wconf 80' lang='lat' dir='ltr'><strong>philosophia</strong></span> <span class='ocrx_word' id='word_1_36' title='bbox 1538 1541 1859 1604; x_wconf 83' lang='lat' dir='ltr'><strong>quaestiones</strong></span> <span class='ocrx_word' id='word_1_37' title='bbox 1913 1541 2236 1601; x_wconf 83' lang='lat' dir='ltr'><strong>absolvisset,</strong></span> 
     </span>
     <span class='ocr_line' id='line_1_9' title="bbox 171 1607 2238 1672; baseline 0 -15"><span class='ocrx_word' id='word_1_38' title='bbox 171 1608 326 1658; x_wconf 88' lang='lat' dir='ltr'><strong>altera</strong></span> <span class='ocrx_word' id='word_1_39' title='bbox 363 1614 509 1672; x_wconf 86' lang='lat' dir='ltr'><strong>parte</strong></span> <span class='ocrx_word' id='word_1_40' title='bbox 547 1607 665 1656; x_wconf 88' lang='lat' dir='ltr'><strong>anni</strong></span> <span class='ocrx_word' id='word_1_41' title='bbox 701 1614 816 1672; x_wconf 91' lang='lat' dir='ltr'><strong>post</strong></span> <span class='ocrx_word' id='word_1_42' title='bbox 849 1608 963 1657; x_wconf 85' lang='lat' dir='ltr'><strong>urb.</strong></span> <span class='ocrx_word' id='word_1_43' title='bbox 996 1609 1143 1658; x_wconf 85' lang='lat' dir='ltr'><strong>cond.</strong></span> <span class='ocrx_word' id='word_1_44' title='bbox 1182 1607 1300 1659; x_wconf 88' lang='lat'><strong>710.</strong></span> <span class='ocrx_word' id='word_1_45' title='bbox 1336 1610 1401 1658; x_wconf 85' lang='lat' dir='ltr'><strong>de</strong></span> <span class='ocrx_word' id='word_1_46' title='bbox 1437 1607 1619 1660; x_wconf 78' lang='lat' dir='ltr'><strong>officiis</strong></span> <span class='ocrx_word' id='word_1_47' title='bbox 1656 1624 1784 1672; x_wconf 88' lang='lat' dir='ltr'><strong>qnae</strong></span> <span class='ocrx_word' id='word_1_48' title='bbox 1820 1623 1914 1658; x_wconf 87' lang='lat' dir='ltr'><strong>sua</strong></span> <span class='ocrx_word' id='word_1_49' title='bbox 1954 1617 2089 1659; x_wconf 88' lang='lat' dir='ltr'><strong>esset</strong></span> <span class='ocrx_word' id='word_1_50' title='bbox 2123 1624 2238 1659; x_wconf 85' lang='lat' dir='ltr'><strong>sen-</strong></span> 
     </span>
     <span class='ocr_line' id='line_1_10' title="bbox 168 1673 2238 1742; baseline 0 -16"><span class='ocrx_word' id='word_1_51' title='bbox 168 1677 324 1726; x_wconf 86' lang='lat' dir='ltr'><strong>tentia</strong></span> <span class='ocrx_word' id='word_1_52' title='bbox 373 1673 592 1726; x_wconf 88' lang='lat' dir='ltr'><strong>Graecos</strong></span> <span class='ocrx_word' id='word_1_53' title='bbox 629 1682 860 1726; x_wconf 81' lang='lat' dir='ltr'><strong>auctores</strong></span> <span class='ocrx_word' id='word_1_54' title='bbox 907 1686 956 1727; x_wconf 87' lang='lat' dir='ltr'><strong>et</strong></span> <span class='ocrx_word' id='word_1_55' title='bbox 991 1677 1313 1742; x_wconf 85' lang='lat' dir='ltr'><strong>potissimum</strong></span> <span class='ocrx_word' id='word_1_56' title='bbox 1338 1677 1630 1726; x_wconf 88' lang='lat' dir='ltr'><strong>Panaetium</strong></span> <span class='ocrx_word' id='word_1_57' title='bbox 1669 1684 1871 1728; x_wconf 84' lang='lat' dir='ltr'><strong>secutus</strong></span> <span class='ocrx_word' id='word_1_58' title='bbox 1919 1678 2238 1729; x_wconf 74' lang='lat' dir='ltr'><strong>conscribere</strong></span> 
     </span>
     <span class='ocr_line' id='line_1_11' title="bbox 166 1743 2240 1810; baseline 0 -15"><span class='ocrx_word' id='word_1_59' title='bbox 166 1745 338 1810; x_wconf 85' lang='lat' dir='ltr'><strong>coepit.</strong></span> <span class='ocrx_word' id='word_1_60' title='bbox 395 1751 444 1794; x_wconf 90' lang='lat' dir='ltr'><strong>et</strong></span> <span class='ocrx_word' id='word_1_61' title='bbox 496 1743 551 1793; x_wconf 82' lang='lat' dir='ltr'><strong>id</strong></span> <span class='ocrx_word' id='word_1_62' title='bbox 594 1753 946 1810; x_wconf 79' lang='lat' dir='ltr'><strong>argumentum</strong></span> <span class='ocrx_word' id='word_1_63' title='bbox 996 1745 1158 1794; x_wconf 89' lang='lat' dir='ltr'><strong>tribus</strong></span> <span class='ocrx_word' id='word_1_64' title='bbox 1208 1746 1351 1795; x_wconf 88' lang='lat' dir='ltr'><strong>libris</strong></span> <span class='ocrx_word' id='word_1_65' title='bbox 1402 1746 1749 1810; x_wconf 84' lang='lat' dir='ltr'><strong>pertractavit,</strong></span> <span class='ocrx_word' id='word_1_66' title='bbox 1807 1762 1934 1810; x_wconf 84' lang='lat' dir='ltr'><strong>quos</strong></span> <span class='ocrx_word' id='word_1_67' title='bbox 1982 1746 2120 1796; x_wconf 86' lang='lat' dir='ltr'><strong>misit</strong></span> <span class='ocrx_word' id='word_1_68' title='bbox 2172 1747 2240 1796; x_wconf 85' lang='lat' dir='ltr'><strong>ad</strong></span> 
     </span>
     <span class='ocr_line' id='line_1_12' title="bbox 171 1812 2240 1882; baseline 0 -19"><span class='ocrx_word' id='word_1_69' title='bbox 171 1813 236 1863; x_wconf 80' lang='lat' dir='ltr'><strong>M.</strong></span> <span class='ocrx_word' id='word_1_70' title='bbox 278 1812 470 1874; x_wconf 85' lang='lat' dir='ltr'><strong>fllium,</strong></span> <span class='ocrx_word' id='word_1_71' title='bbox 507 1813 595 1876; x_wconf 91' lang='lat' dir='ltr'><strong>qui</strong></span> <span class='ocrx_word' id='word_1_72' title='bbox 622 1820 730 1864; x_wconf 88' lang='lat' dir='ltr'><strong>tum</strong></span> <span class='ocrx_word' id='word_1_73' title='bbox 765 1812 980 1865; x_wconf 82' lang='lat' dir='ltr'><strong>Athenis</strong></span> <span class='ocrx_word' id='word_1_74' title='bbox 1013 1813 1374 1882; x_wconf 83' lang='lat' dir='ltr'><strong>philosophiae</strong></span> <span class='ocrx_word' id='word_1_75' title='bbox 1410 1814 1631 1866; x_wconf 78' lang='lat' dir='ltr'><strong>studium</strong></span> <span class='ocrx_word' id='word_1_76' title='bbox 1671 1814 1896 1875; x_wconf 85' lang='lat' dir='ltr'><strong>colebat,</strong></span> <span class='ocrx_word' id='word_1_77' title='bbox 1930 1814 1984 1864; x_wconf 83' lang='lat' dir='ltr'><strong>id</strong></span> <span class='ocrx_word' id='word_1_78' title='bbox 2019 1813 2155 1878; x_wconf 87' lang='lat' dir='ltr'><strong>quod</strong></span> <span class='ocrx_word' id='word_1_79' title='bbox 2191 1821 2240 1865; x_wconf 91' lang='lat' dir='ltr'><strong>et</strong></span> 
     </span>
     <span class='ocr_line' id='line_1_13' title="bbox 169 1882 2239 1950; baseline -0 -19"><span class='ocrx_word' id='word_1_80' title='bbox 169 1883 220 1931; x_wconf 82' lang='lat' dir='ltr'><strong>lu</strong></span> <span class='ocrx_word' id='word_1_81' title='bbox 260 1883 375 1947; x_wconf 88' lang='lat' dir='ltr'><strong>ipso</strong></span> <span class='ocrx_word' id='word_1_82' title='bbox 411 1882 673 1950; x_wconf 59' lang='lat' dir='ltr'><strong>prpemio</strong></span> <span class='ocrx_word' id='word_1_83' title='bbox 708 1882 889 1933; x_wconf 88' lang='lat' dir='ltr'><strong>horum</strong></span> <span class='ocrx_word' id='word_1_84' title='bbox 925 1883 1168 1935; x_wconf 88' lang='lat' dir='ltr'><strong>librorum</strong></span> <span class='ocrx_word' id='word_1_85' title='bbox 1207 1884 1446 1950; x_wconf 85' lang='lat' dir='ltr'><strong>exposuit</strong></span> <span class='ocrx_word' id='word_1_86' title='bbox 1481 1883 1594 1948; x_wconf 88' lang='lat' dir='ltr'><strong>ipse</strong></span> <span class='ocrx_word' id='word_1_87' title='bbox 1626 1890 1676 1934; x_wconf 89' lang='lat' dir='ltr'><strong>et</strong></span> <span class='ocrx_word' id='word_1_88' title='bbox 1718 1885 1885 1949; x_wconf 85' lang='lat' dir='ltr'><strong>attigit</strong></span> <span class='ocrx_word' id='word_1_89' title='bbox 1919 1884 1971 1932; x_wconf 88' lang='lat' dir='ltr'><strong>in</strong></span> <span class='ocrx_word' id='word_1_90' title='bbox 2008 1883 2239 1948; x_wconf 84' lang='lat' dir='ltr'><strong>epistolis</strong></span> 
     </span>
     <span class='ocr_line' id='line_1_14' title="bbox 170 1951 2241 2017; baseline -0 -17"><span class='ocrx_word' id='word_1_91' title='bbox 170 1951 497 2009; x_wconf 77' lang='lat' dir='ltr'><strong>adAttieum,</strong></span> <span class='ocrx_word' id='word_1_92' title='bbox 534 1965 743 2013; x_wconf 83' lang='lat' dir='ltr'><strong>quarum</strong></span> <span class='ocrx_word' id='word_1_93' title='bbox 768 1951 901 2001; x_wconf 77' lang='lat' dir='ltr'><strong>conf.</strong></span> <span class='ocrx_word' id='word_1_94' title='bbox 931 1952 1047 2001; x_wconf 89' lang='lat' dir='ltr'><strong>libri</strong></span> <span class='ocrx_word' id='word_1_95' title='bbox 1083 1952 1222 2002; x_wconf 90' lang='lat' dir='ltr'><strong>XVI.</strong></span> <span class='ocrx_word' id='word_1_96' title='bbox 1259 1966 1340 2017; x_wconf 89' lang='lat' dir='ltr'><strong>ep.</strong></span> <span class='ocrx_word' id='word_1_97' title='bbox 1372 1952 1455 2002; x_wconf 89' lang='grc'><strong>11.</strong></span> <span class='ocrx_word' id='word_1_98' title='bbox 1482 1953 1532 2013; x_wconf 90' lang='grc'><strong>5.</strong></span> <span class='ocrx_word' id='word_1_99' title='bbox 1570 1952 1624 2001; x_wconf 87' lang='grc'><strong>4.</strong></span> <span class='ocrx_word' id='word_1_100' title='bbox 1664 1958 1713 2000; x_wconf 89' lang='lat' dir='ltr'><strong>et</strong></span> <span class='ocrx_word' id='word_1_101' title='bbox 1733 1966 1815 2016; x_wconf 89' lang='lat' dir='ltr'><strong>ep.</strong></span> <span class='ocrx_word' id='word_1_102' title='bbox 1847 1952 1931 2001; x_wconf 84' lang='lat'><strong>14.</strong></span> <span class='ocrx_word' id='word_1_103' title='bbox 1971 1952 2019 2012; x_wconf 87' lang='grc'><strong>5.</strong></span> <span class='ocrx_word' id='word_1_104' title='bbox 2045 1952 2094 2001; x_wconf 88' lang='grc'><strong>3.</strong></span> <span class='ocrx_word' id='word_1_105' title='bbox 2166 1952 2241 2000; x_wconf 88' lang='lat' dir='ltr'><strong>Ac</strong></span> 
     </span>
     <span class='ocr_line' id='line_1_15' title="bbox 172 2017 2241 2086; baseline 0 -19"><span class='ocrx_word' id='word_1_106' title='bbox 172 2021 225 2068; x_wconf 84' lang='lat' dir='ltr'><strong>in</strong></span> <span class='ocrx_word' id='word_1_107' title='bbox 262 2017 360 2068; x_wconf 89' lang='lat' dir='ltr'><strong>hoc</strong></span> <span class='ocrx_word' id='word_1_108' title='bbox 392 2017 522 2069; x_wconf 86' lang='lat' dir='ltr'><strong>libro</strong></span> <span class='ocrx_word' id='word_1_109' title='bbox 554 2018 758 2081; x_wconf 87' lang='lat' dir='ltr'><strong>quidem</strong></span> <span class='ocrx_word' id='word_1_110' title='bbox 791 2021 955 2086; x_wconf 88' lang='lat' dir='ltr'><strong>primo</strong></span> <span class='ocrx_word' id='word_1_111' title='bbox 990 2020 1274 2086; x_wconf 88' lang='lat' dir='ltr'><strong>praemisso</strong></span> <span class='ocrx_word' id='word_1_112' title='bbox 1309 2021 1598 2084; x_wconf 88' lang='lat' dir='ltr'><strong>prooemio,</strong></span> <span class='ocrx_word' id='word_1_113' title='bbox 1642 2019 1696 2067; x_wconf 89' lang='lat' dir='ltr'><strong>in</strong></span> <span class='ocrx_word' id='word_1_114' title='bbox 1733 2034 1832 2081; x_wconf 87' lang='lat' dir='ltr'><strong>quo</strong></span> <span class='ocrx_word' id='word_1_115' title='bbox 1865 2018 2025 2068; x_wconf 82' lang='lat' dir='ltr'><strong>fllium</strong></span> <span class='ocrx_word' id='word_1_116' title='bbox 2062 2018 2241 2069; x_wconf 88' lang='lat' dir='ltr'><strong>cohor—</strong></span> 
     </span>
     <span class='ocr_line' id='line_1_16' title="bbox 168 2086 2239 2154; baseline -0 -17"><span class='ocrx_word' id='word_1_117' title='bbox 168 2094 308 2137; x_wconf 83' lang='lat' dir='ltr'><strong>tatur</strong></span> <span class='ocrx_word' id='word_1_118' title='bbox 325 2122 339 2146; x_wconf 96' lang='lat'><strong>,</strong></span> <span class='ocrx_word' id='word_1_119' title='bbox 373 2094 429 2135; x_wconf 87' lang='lat' dir='ltr'><strong>ut</strong></span> <span class='ocrx_word' id='word_1_120' title='bbox 462 2101 562 2136; x_wconf 90' lang='lat' dir='ltr'><strong>non</strong></span> <span class='ocrx_word' id='word_1_121' title='bbox 598 2088 765 2138; x_wconf 87' lang='lat' dir='ltr'><strong>solnm</strong></span> <span class='ocrx_word' id='word_1_122' title='bbox 798 2090 849 2137; x_wconf 89' lang='lat' dir='ltr'><strong>iu</strong></span> <span class='ocrx_word' id='word_1_123' title='bbox 885 2087 1245 2154; x_wconf 87' lang='lat' dir='ltr'><strong>philosophia,</strong></span> <span class='ocrx_word' id='word_1_124' title='bbox 1297 2102 1474 2137; x_wconf 83' lang='lat' dir='ltr'><strong>verum</strong></span> <span class='ocrx_word' id='word_1_125' title='bbox 1504 2088 1658 2136; x_wconf 85' lang='lat' dir='ltr'><strong>etiam</strong></span> <span class='ocrx_word' id='word_1_126' title='bbox 1695 2087 1750 2135; x_wconf 90' lang='lat' dir='ltr'><strong>in</strong></span> <span class='ocrx_word' id='word_1_127' title='bbox 1792 2086 1995 2137; x_wconf 83' lang='lat' dir='ltr'><strong>dicendi</strong></span> <span class='ocrx_word' id='word_1_128' title='bbox 2046 2087 2239 2137; x_wconf 85' lang='lat' dir='ltr'><strong>exerci-</strong></span> 
     </span>
     <span class='ocr_line' id='line_1_17' title="bbox 166 2154 2240 2223; baseline 0 -18"><span class='ocrx_word' id='word_1_129' title='bbox 166 2156 364 2205; x_wconf 88' lang='lat' dir='ltr'><strong>tatione</strong></span> <span class='ocrx_word' id='word_1_130' title='bbox 402 2170 512 2204; x_wconf 89' lang='lat' dir='ltr'><strong>cum</strong></span> <span class='ocrx_word' id='word_1_131' title='bbox 557 2154 763 2207; x_wconf 89' lang='lat' dir='ltr'><strong>Graecis</strong></span> <span class='ocrx_word' id='word_1_132' title='bbox 804 2155 983 2206; x_wconf 89' lang='lat' dir='ltr'><strong>Latina</strong></span> <span class='ocrx_word' id='word_1_133' title='bbox 1027 2171 1230 2223; x_wconf 85' lang='lat' dir='ltr'><strong>semper</strong></span> <span class='ocrx_word' id='word_1_134' title='bbox 1274 2155 1545 2222; x_wconf 78' lang='lat' dir='ltr'><strong>coniungat</strong></span> <span class='ocrx_word' id='word_1_135' title='bbox 1582 2163 1632 2206; x_wconf 88' lang='lat' dir='ltr'><strong>et</strong></span> <span class='ocrx_word' id='word_1_136' title='bbox 1674 2170 1821 2206; x_wconf 89' lang='lat' dir='ltr'><strong>sunm</strong></span> <span class='ocrx_word' id='word_1_137' title='bbox 1871 2156 2031 2221; x_wconf 90' lang='lat' dir='ltr'><strong>patris</strong></span> <span class='ocrx_word' id='word_1_138' title='bbox 2066 2170 2240 2207; x_wconf 87' lang='lat' dir='ltr'><strong>exem-</strong></span> 
     </span>
     <span class='ocr_line' id='line_1_18' title="bbox 166 2223 2238 2291; baseline 0.001 -18"><span class='ocrx_word' id='word_1_139' title='bbox 166 2223 316 2290; x_wconf 88' lang='lat' dir='ltr'><strong>plum</strong></span> <span class='ocrx_word' id='word_1_140' title='bbox 343 2231 606 2287; x_wconf 87' lang='lat' dir='ltr'><strong>sequatur,</strong></span> <span class='ocrx_word' id='word_1_141' title='bbox 655 2231 711 2274; x_wconf 89' lang='lat' dir='ltr'><strong>ut</strong></span> <span class='ocrx_word' id='word_1_142' title='bbox 736 2239 911 2290; x_wconf 87' lang='lat' dir='ltr'><strong>parem</strong></span> <span class='ocrx_word' id='word_1_143' title='bbox 947 2225 1150 2275; x_wconf 84' lang='lat' dir='ltr'><strong>dicendi</strong></span> <span class='ocrx_word' id='word_1_144' title='bbox 1192 2226 1389 2290; x_wconf 84' lang='lat' dir='ltr'><strong>copiam</strong></span> <span class='ocrx_word' id='word_1_145' title='bbox 1427 2225 1479 2273; x_wconf 92' lang='lat' dir='ltr'><strong>in</strong></span> <span class='ocrx_word' id='word_1_146' title='bbox 1511 2232 1725 2288; x_wconf 87' lang='lat' dir='ltr'><strong>utroque</strong></span> <span class='ocrx_word' id='word_1_147' title='bbox 1759 2239 1946 2291; x_wconf 82' lang='lat' dir='ltr'><strong>genere</strong></span> <span class='ocrx_word' id='word_1_148' title='bbox 1982 2226 2238 2283; x_wconf 86' lang='lat' dir='ltr'><strong>orationis,</strong></span> 
     </span>
     <span class='ocr_line' id='line_1_19' title="bbox 167 2292 2237 2359; baseline 0 -17"><span class='ocrx_word' id='word_1_149' title='bbox 167 2299 219 2343; x_wconf 81' lang='lat' dir='ltr'><strong>et</strong></span> <span class='ocrx_word' id='word_1_150' title='bbox 255 2292 355 2343; x_wconf 87' lang='lat' dir='ltr'><strong>hoc</strong></span> <span class='ocrx_word' id='word_1_151' title='bbox 392 2293 569 2345; x_wconf 78' lang='lat' dir='ltr'><strong>sedato</strong></span> <span class='ocrx_word' id='word_1_152' title='bbox 616 2292 911 2359; x_wconf 82' lang='lat' dir='ltr'><strong>disputandi</strong></span> <span class='ocrx_word' id='word_1_153' title='bbox 959 2301 1008 2344; x_wconf 89' lang='lat' dir='ltr'><strong>et</strong></span> <span class='ocrx_word' id='word_1_154' title='bbox 1050 2293 1140 2343; x_wconf 90' lang='lat' dir='ltr'><strong>illo</strong></span> <span class='ocrx_word' id='word_1_155' title='bbox 1186 2292 1378 2345; x_wconf 78' lang='lat' dir='ltr'><strong>forensi</strong></span> <span class='ocrx_word' id='word_1_156' title='bbox 1414 2294 1765 2354; x_wconf 88' lang='lat' dir='ltr'><strong>commotiore,</strong></span> <span class='ocrx_word' id='word_1_157' title='bbox 1819 2294 1919 2343; x_wconf 90' lang='lat' dir='ltr'><strong>sibi</strong></span> <span class='ocrx_word' id='word_1_158' title='bbox 1962 2301 2237 2359; x_wconf 88' lang='lat' dir='ltr'><strong>comparet,</strong></span> 
     </span>
     <span class='ocr_line' id='line_1_20' title="bbox 166 2361 2236 2428; baseline 0 -17"><span class='ocrx_word' id='word_1_159' title='bbox 166 2377 283 2427; x_wconf 88' lang='lat' dir='ltr'><strong>cap.</strong></span> <span class='ocrx_word' id='word_1_160' title='bbox 324 2362 373 2412; x_wconf 87' lang='lat'><strong>1.</strong></span> <span class='ocrx_word' id='word_1_161' title='bbox 419 2362 469 2424; x_wconf 95' lang='grc'><strong>5.</strong></span> <span class='ocrx_word' id='word_1_162' title='bbox 514 2362 712 2427; x_wconf 86' lang='grc'><strong>1-4.,</strong></span> <span class='ocrx_word' id='word_1_163' title='bbox 750 2363 970 2428; x_wconf 86' lang='lat' dir='ltr'><strong>primum</strong></span> <span class='ocrx_word' id='word_1_164' title='bbox 1020 2363 1336 2428; x_wconf 88' lang='lat' dir='ltr'><strong>propositum</strong></span> <span class='ocrx_word' id='word_1_165' title='bbox 1380 2377 1556 2422; x_wconf 88' lang='lat' dir='ltr'><strong>suum,</strong></span> <span class='ocrx_word' id='word_1_166' title='bbox 1616 2370 1670 2413; x_wconf 90' lang='lat' dir='ltr'><strong>ut</strong></span> <span class='ocrx_word' id='word_1_167' title='bbox 1715 2362 1778 2413; x_wconf 87' lang='lat' dir='ltr'><strong>de</strong></span> <span class='ocrx_word' id='word_1_168' title='bbox 1824 2362 2007 2414; x_wconf 84' lang='lat' dir='ltr'><strong>officiis</strong></span> <span class='ocrx_word' id='word_1_169' title='bbox 2054 2362 2121 2412; x_wconf 82' lang='lat' dir='ltr'><strong>ad</strong></span> <span class='ocrx_word' id='word_1_170' title='bbox 2145 2361 2236 2412; x_wconf 81' lang='lat' dir='ltr'><strong>M.</strong></span> 
     </span>
     <span class='ocr_line' id='line_1_21' title="bbox 166 2429 2239 2496; baseline -0 -17"><span class='ocrx_word' id='word_1_171' title='bbox 166 2430 334 2479; x_wconf 82' lang='lat' dir='ltr'><strong>filium</strong></span> <span class='ocrx_word' id='word_1_172' title='bbox 380 2430 575 2493; x_wconf 83' lang='lat' dir='ltr'><strong>aliquid</strong></span> <span class='ocrx_word' id='word_1_173' title='bbox 612 2432 973 2491; x_wconf 87' lang='lat' dir='ltr'><strong>conscriberet,</strong></span> <span class='ocrx_word' id='word_1_174' title='bbox 1029 2432 1268 2496; x_wconf 86' lang='lat' dir='ltr'><strong>exponit,</strong></span> <span class='ocrx_word' id='word_1_175' title='bbox 1324 2433 1376 2481; x_wconf 88' lang='lat' dir='ltr'><strong>in</strong></span> <span class='ocrx_word' id='word_1_176' title='bbox 1413 2447 1510 2495; x_wconf 87' lang='lat' dir='ltr'><strong>quo</strong></span> <span class='ocrx_word' id='word_1_177' title='bbox 1544 2430 1870 2494; x_wconf 81' lang='lat' dir='ltr'><strong>exsequendo</strong></span> <span class='ocrx_word' id='word_1_178' title='bbox 1918 2429 2130 2481; x_wconf 87' lang='lat' dir='ltr'><strong>consilio</strong></span> <span class='ocrx_word' id='word_1_179' title='bbox 2183 2446 2239 2481; x_wconf 87' lang='lat' dir='ltr'><strong>se</strong></span> 
     </span>
     <span class='ocr_line' id='line_1_22' title="bbox 167 2497 2240 2565; baseline -0.001 -16"><span class='ocrx_word' id='word_1_180' title='bbox 167 2497 374 2550; x_wconf 82' lang='lat' dir='ltr'><strong>Stoicos</strong></span> <span class='ocrx_word' id='word_1_181' title='bbox 403 2499 726 2564; x_wconf 87' lang='lat' dir='ltr'><strong>potissimum</strong></span> <span class='ocrx_word' id='word_1_182' title='bbox 766 2506 1055 2550; x_wconf 86' lang='lat' dir='ltr'><strong>secuturum</strong></span> <span class='ocrx_word' id='word_1_183' title='bbox 1093 2514 1208 2551; x_wconf 86' lang='lat' dir='ltr'><strong>esse</strong></span> <span class='ocrx_word' id='word_1_184' title='bbox 1244 2501 1343 2560; x_wconf 86' lang='lat' dir='ltr'><strong>ait,</strong></span> <span class='ocrx_word' id='word_1_185' title='bbox 1398 2514 1512 2565; x_wconf 86' lang='lat' dir='ltr'><strong>cap.</strong></span> <span class='ocrx_word' id='word_1_186' title='bbox 1554 2502 1605 2552; x_wconf 84' lang='lat'><strong>2.</strong></span> <span class='ocrx_word' id='word_1_187' title='bbox 1644 2500 1693 2561; x_wconf 87' lang='grc'><strong>5.</strong></span> <span class='ocrx_word' id='word_1_188' title='bbox 1721 2501 1928 2561; x_wconf 88' lang='grc'><strong>4-7.,</strong></span> <span class='ocrx_word' id='word_1_189' title='bbox 1986 2506 2035 2549; x_wconf 92' lang='lat' dir='ltr'><strong>et</strong></span> <span class='ocrx_word' id='word_1_190' title='bbox 2066 2497 2240 2549; x_wconf 84' lang='lat' dir='ltr'><strong>defini-</strong></span> 
     </span>
     <span class='ocr_line' id='line_1_23' title="bbox 166 2566 2239 2633; baseline -0 -17"><span class='ocrx_word' id='word_1_191' title='bbox 166 2568 359 2617; x_wconf 84' lang='lat' dir='ltr'><strong>tionem</strong></span> <span class='ocrx_word' id='word_1_192' title='bbox 408 2566 566 2618; x_wconf 83' lang='lat' dir='ltr'><strong>offlcii</strong></span> <span class='ocrx_word' id='word_1_193' title='bbox 609 2568 910 2632; x_wconf 86' lang='lat' dir='ltr'><strong>praemittit,</strong></span> <span class='ocrx_word' id='word_1_194' title='bbox 961 2583 1074 2633; x_wconf 87' lang='lat' dir='ltr'><strong>cap.</strong></span> <span class='ocrx_word' id='word_1_195' title='bbox 1108 2570 1159 2621; x_wconf 82' lang='lat'><strong>2.</strong></span> <span class='ocrx_word' id='word_1_196' title='bbox 1200 2568 1251 2621; x_wconf 89' lang='grc'><strong>3.</strong></span> <span class='ocrx_word' id='word_1_197' title='bbox 1291 2570 1342 2632; x_wconf 94' lang='grc'><strong>5.</strong></span> <span class='ocrx_word' id='word_1_198' title='bbox 1380 2569 1431 2617; x_wconf 81' lang='grc'><strong>7.</strong></span> <span class='ocrx_word' id='word_1_199' title='bbox 1470 2567 1522 2619; x_wconf 89' lang='grc'><strong>8.</strong></span> <span class='ocrx_word' id='word_1_200' title='bbox 1596 2568 1727 2617; x_wconf 88' lang='lat' dir='ltr'><strong>Dein</strong></span> <span class='ocrx_word' id='word_1_201' title='bbox 1760 2569 1900 2619; x_wconf 89' lang='lat' dir='ltr'><strong>omni</strong></span> <span class='ocrx_word' id='word_1_202' title='bbox 1946 2568 2239 2631; x_wconf 88' lang='lat' dir='ltr'><strong>quaestione</strong></span> 
     </span>
     <span class='ocr_line' id='line_1_24' title="bbox 167 2634 2239 2702; baseline -0.001 -17"><span class='ocrx_word' id='word_1_203' title='bbox 167 2635 222 2685; x_wconf 90' lang='lat' dir='ltr'><strong>in</strong></span> <span class='ocrx_word' id='word_1_204' title='bbox 269 2638 493 2698; x_wconf 86' lang='lat' dir='ltr'><strong>quinque</strong></span> <span class='ocrx_word' id='word_1_205' title='bbox 545 2641 717 2701; x_wconf 85' lang='lat' dir='ltr'><strong>partes</strong></span> <span class='ocrx_word' id='word_1_206' title='bbox 760 2637 933 2686; x_wconf 84' lang='lat' dir='ltr'><strong>divisa</strong></span> <span class='ocrx_word' id='word_1_207' title='bbox 971 2638 1190 2702; x_wconf 89' lang='lat' dir='ltr'><strong>primum</strong></span> <span class='ocrx_word' id='word_1_208' title='bbox 1248 2636 1312 2685; x_wconf 86' lang='lat' dir='ltr'><strong>de</strong></span> <span class='ocrx_word' id='word_1_209' title='bbox 1353 2634 1593 2695; x_wconf 88' lang='lat' dir='ltr'><strong>honesto,</strong></span> <span class='ocrx_word' id='word_1_210' title='bbox 1652 2642 1758 2684; x_wconf 90' lang='lat' dir='ltr'><strong>tum</strong></span> <span class='ocrx_word' id='word_1_211' title='bbox 1806 2635 1869 2686; x_wconf 86' lang='lat' dir='ltr'><strong>de</strong></span> <span class='ocrx_word' id='word_1_212' title='bbox 1913 2634 2239 2686; x_wconf 85' lang='lat' dir='ltr'><strong>honestorum</strong></span> 
     </span>
     <span class='ocr_line' id='line_1_25' title="bbox 169 2704 2240 2770; baseline -0 -17"><span class='ocrx_word' id='word_1_213' title='bbox 169 2705 577 2770; x_wconf 85' lang='lat' dir='ltr'><strong>comparatione,</strong></span> <span class='ocrx_word' id='word_1_214' title='bbox 626 2704 743 2754; x_wconf 84' lang='lat' dir='ltr'><strong>dein</strong></span> <span class='ocrx_word' id='word_1_215' title='bbox 779 2704 842 2754; x_wconf 81' lang='lat' dir='ltr'><strong>de</strong></span> <span class='ocrx_word' id='word_1_216' title='bbox 877 2704 1016 2765; x_wconf 88' lang='lat' dir='ltr'><strong>utili,</strong></span> <span class='ocrx_word' id='word_1_217' title='bbox 1063 2720 1215 2770; x_wconf 92' lang='lat' dir='ltr'><strong>porro</strong></span> <span class='ocrx_word' id='word_1_218' title='bbox 1250 2704 1313 2754; x_wconf 83' lang='lat' dir='ltr'><strong>de</strong></span> <span class='ocrx_word' id='word_1_219' title='bbox 1349 2704 1545 2766; x_wconf 72' lang='lat' dir='ltr'><strong>utilium</strong></span> <span class='ocrx_word' id='word_1_220' title='bbox 1585 2706 1985 2770; x_wconf 83' lang='lat' dir='ltr'><strong>comparatione,</strong></span> <span class='ocrx_word' id='word_1_221' title='bbox 2022 2705 2240 2766; x_wconf 83' lang='lat' dir='ltr'><strong>denique</strong></span> 
     </span>
     <span class='ocr_line' id='line_1_26' title="bbox 170 2772 2241 2836; baseline 0 -15"><span class='ocrx_word' id='word_1_222' title='bbox 170 2773 236 2822; x_wconf 80' lang='lat' dir='ltr'><strong>de</strong></span> <span class='ocrx_word' id='word_1_223' title='bbox 290 2772 493 2823; x_wconf 88' lang='lat' dir='ltr'><strong>honesti</strong></span> <span class='ocrx_word' id='word_1_224' title='bbox 547 2779 597 2822; x_wconf 91' lang='lat' dir='ltr'><strong>et</strong></span> <span class='ocrx_word' id='word_1_225' title='bbox 652 2773 792 2823; x_wconf 88' lang='lat' dir='ltr'><strong>utilis</strong></span> <span class='ocrx_word' id='word_1_226' title='bbox 843 2788 972 2836; x_wconf 84' lang='lat' dir='ltr'><strong>qnae</strong></span> <span class='ocrx_word' id='word_1_227' title='bbox 1007 2774 1241 2824; x_wconf 83' lang='lat' dir='ltr'><strong>videatur</strong></span> <span class='ocrx_word' id='word_1_228' title='bbox 1287 2787 1400 2823; x_wconf 87' lang='lat' dir='ltr'><strong>esse</strong></span> <span class='ocrx_word' id='word_1_229' title='bbox 1445 2773 1763 2824; x_wconf 88' lang='lat' dir='ltr'><strong>contentione</strong></span> <span class='ocrx_word' id='word_1_230' title='bbox 1809 2772 2080 2823; x_wconf 85' lang='lat' dir='ltr'><strong>dicendum</strong></span> <span class='ocrx_word' id='word_1_231' title='bbox 2128 2787 2241 2822; x_wconf 86' lang='lat' dir='ltr'><strong>esse</strong></span> 
     </span>
     <span class='ocr_line' id='line_1_27' title="bbox 171 2840 2241 2907; baseline -0.001 -16"><span class='ocrx_word' id='word_1_232' title='bbox 171 2841 320 2901; x_wconf 83' lang='lat' dir='ltr'><strong>dicit,</strong></span> <span class='ocrx_word' id='word_1_233' title='bbox 365 2855 480 2906; x_wconf 87' lang='lat' dir='ltr'><strong>cap.</strong></span> <span class='ocrx_word' id='word_1_234' title='bbox 521 2840 572 2895; x_wconf 89' lang='grc'><strong>3.</strong></span> <span class='ocrx_word' id='word_1_235' title='bbox 611 2840 662 2891; x_wconf 82' lang='grc'><strong>4.</strong></span> <span class='ocrx_word' id='word_1_236' title='bbox 700 2843 749 2903; x_wconf 90' lang='grc'><strong>5.</strong></span> <span class='ocrx_word' id='word_1_237' title='bbox 787 2840 839 2892; x_wconf 86' lang='grc'><strong>9.</strong></span> <span class='ocrx_word' id='word_1_238' title='bbox 881 2840 964 2893; x_wconf 89' lang='grc'><strong>10.</strong></span> <span class='ocrx_word' id='word_1_239' title='bbox 1038 2842 1164 2892; x_wconf 88' lang='lat' dir='ltr'><strong>Tum</strong></span> <span class='ocrx_word' id='word_1_240' title='bbox 1212 2841 1310 2892; x_wconf 89' lang='lat' dir='ltr'><strong>hoc</strong></span> <span class='ocrx_word' id='word_1_241' title='bbox 1345 2841 1475 2891; x_wconf 85' lang='lat' dir='ltr'><strong>libro</strong></span> <span class='ocrx_word' id='word_1_242' title='bbox 1521 2842 1742 2907; x_wconf 88' lang='lat' dir='ltr'><strong>primum</strong></span> <span class='ocrx_word' id='word_1_243' title='bbox 1784 2840 1849 2891; x_wconf 81' lang='lat' dir='ltr'><strong>de</strong></span> <span class='ocrx_word' id='word_1_244' title='bbox 1891 2841 2103 2893; x_wconf 89' lang='lat' dir='ltr'><strong>honesto</strong></span> <span class='ocrx_word' id='word_1_245' title='bbox 2133 2841 2241 2907; x_wconf 78' lang='lat' dir='ltr'><strong>agit</strong></span> 
     </span>
     <span class='ocr_line' id='line_1_28' title="bbox 169 2910 2241 2976; baseline 0 -17"><span class='ocrx_word' id='word_1_246' title='bbox 169 2924 282 2973; x_wconf 78' lang='lat' dir='ltr'><strong>cap.</strong></span> <span class='ocrx_word' id='word_1_247' title='bbox 322 2910 537 2960; x_wconf 84' lang='lat'><strong>4-42.</strong></span> <span class='ocrx_word' id='word_1_248' title='bbox 577 2912 627 2974; x_wconf 93' lang='grc'><strong>5.</strong></span> <span class='ocrx_word' id='word_1_249' title='bbox 667 2910 974 2975; x_wconf 84' lang='grc'><strong>14-151,,</strong></span> <span class='ocrx_word' id='word_1_250' title='bbox 1026 2917 1075 2960; x_wconf 87' lang='lat' dir='ltr'><strong>et</strong></span> <span class='ocrx_word' id='word_1_251' title='bbox 1110 2910 1361 2976; x_wconf 85' lang='lat' dir='ltr'><strong>explicata</strong></span> <span class='ocrx_word' id='word_1_252' title='bbox 1409 2910 1615 2973; x_wconf 82' lang='lat' dir='ltr'><strong>quidem</strong></span> <span class='ocrx_word' id='word_1_253' title='bbox 1649 2910 1889 2962; x_wconf 85' lang='lat' dir='ltr'><strong>universa</strong></span> <span class='ocrx_word' id='word_1_254' title='bbox 1918 2910 2118 2961; x_wconf 87' lang='lat' dir='ltr'><strong>honesti</strong></span> <span class='ocrx_word' id='word_1_255' title='bbox 2152 2924 2241 2959; x_wconf 91' lang='lat' dir='ltr'><strong>na-</strong></span> 
     </span>
     <span class='ocr_line' id='line_1_29' title="bbox 167 2978 2239 3045; baseline -0 -18"><span class='ocrx_word' id='word_1_256' title='bbox 167 2985 309 3039; x_wconf 87' lang='lat' dir='ltr'><strong>tura,</strong></span> <span class='ocrx_word' id='word_1_257' title='bbox 366 2992 482 3043; x_wconf 84' lang='lat' dir='ltr'><strong>cap.</strong></span> <span class='ocrx_word' id='word_1_258' title='bbox 520 2979 574 3031; x_wconf 88' lang='lat'><strong>4.</strong></span> <span class='ocrx_word' id='word_1_259' title='bbox 608 2980 657 3042; x_wconf 89' lang='grc'><strong>5.</strong></span> <span class='ocrx_word' id='word_1_260' title='bbox 699 2978 966 3039; x_wconf 83' lang='lat'>11-14„</span> <span class='ocrx_word' id='word_1_261' title='bbox 1014 2994 1126 3030; x_wconf 87' lang='lat' dir='ltr'><strong>eam</strong></span> <span class='ocrx_word' id='word_1_262' title='bbox 1160 2978 1424 3029; x_wconf 86' lang='lat' dir='ltr'><strong>materiam</strong></span> <span class='ocrx_word' id='word_1_263' title='bbox 1463 2980 1515 3028; x_wconf 90' lang='lat' dir='ltr'><strong>in</strong></span> <span class='ocrx_word' id='word_1_264' title='bbox 1551 2984 1784 3042; x_wconf 88' lang='lat' dir='ltr'><strong>quattuor</strong></span> <span class='ocrx_word' id='word_1_265' title='bbox 1833 2986 2000 3045; x_wconf 85' lang='lat' dir='ltr'><strong>partes</strong></span> <span class='ocrx_word' id='word_1_266' title='bbox 2038 2978 2239 3038; x_wconf 83' lang='lat' dir='ltr'><strong>dividit,</strong></span> 
     </span>
     <span class='ocr_line' id='line_1_30' title="bbox 169 3046 2239 3114; baseline -0.001 -18"><span class='ocrx_word' id='word_1_267' title='bbox 169 3061 301 3110; x_wconf 85' lang='lat' dir='ltr'><strong>quae</strong></span> <span class='ocrx_word' id='word_1_268' title='bbox 355 3047 411 3095; x_wconf 87' lang='lat' dir='ltr'><strong>in</strong></span> <span class='ocrx_word' id='word_1_269' title='bbox 461 3048 745 3114; x_wconf 89' lang='lat' dir='ltr'><strong>sapientia,</strong></span> <span class='ocrx_word' id='word_1_270' title='bbox 803 3048 1022 3109; x_wconf 89' lang='lat' dir='ltr'><strong>iustitia,</strong></span> <span class='ocrx_word' id='word_1_271' title='bbox 1089 3046 1410 3108; x_wconf 77' lang='lat' dir='ltr'><strong>fortitudine,</strong></span> <span class='ocrx_word' id='word_1_272' title='bbox 1481 3049 1819 3113; x_wconf 84' lang='lat' dir='ltr'><strong>temperantia</strong></span> <span class='ocrx_word' id='word_1_273' title='bbox 1866 3050 2065 3114; x_wconf 88' lang='lat' dir='ltr'><strong>positae</strong></span> <span class='ocrx_word' id='word_1_274' title='bbox 2122 3047 2239 3105; x_wconf 88' lang='lat' dir='ltr'><strong>sint,</strong></span> 
     </span>
     <span class='ocr_line' id='line_1_31' title="bbox 171 3114 2239 3181; baseline -0.001 -17"><span class='ocrx_word' id='word_1_275' title='bbox 171 3130 285 3181; x_wconf 87' lang='lat' dir='ltr'><strong>cap.</strong></span> <span class='ocrx_word' id='word_1_276' title='bbox 331 3114 383 3166; x_wconf 83' lang='lat'><strong>6.</strong></span> <span class='ocrx_word' id='word_1_277' title='bbox 427 3116 474 3176; x_wconf 86' lang='grc'><strong>5.</strong></span> <span class='ocrx_word' id='word_1_278' title='bbox 515 3115 755 3170; x_wconf 81' lang='lat'><strong>14—17.</strong></span> <span class='ocrx_word' id='word_1_279' title='bbox 826 3116 900 3167; x_wconf 91' lang='lat' dir='ltr'><strong>De</strong></span> <span class='ocrx_word' id='word_1_280' title='bbox 945 3115 1028 3166; x_wconf 91' lang='lat' dir='ltr'><strong>his</strong></span> <span class='ocrx_word' id='word_1_281' title='bbox 1076 3116 1233 3181; x_wconf 82' lang='lat' dir='ltr'><strong>igitur</strong></span> <span class='ocrx_word' id='word_1_282' title='bbox 1280 3116 1382 3166; x_wconf 85' lang='lat' dir='ltr'><strong>iam</strong></span> <span class='ocrx_word' id='word_1_283' title='bbox 1423 3116 1727 3181; x_wconf 86' lang='lat' dir='ltr'><strong>explicatius</strong></span> <span class='ocrx_word' id='word_1_284' title='bbox 1774 3116 1913 3176; x_wconf 81' lang='lat' dir='ltr'><strong>dicit,</strong></span> <span class='ocrx_word' id='word_1_285' title='bbox 1967 3123 2015 3165; x_wconf 88' lang='lat' dir='ltr'><strong>et</strong></span> <span class='ocrx_word' id='word_1_286' title='bbox 2055 3115 2117 3163; x_wconf 87' lang='lat' dir='ltr'><strong>de</strong></span> <span class='ocrx_word' id='word_1_287' title='bbox 2159 3127 2239 3163; x_wconf 84' lang='lat' dir='ltr'><strong>sa-</strong></span> 
     </span>
     <span class='ocr_line' id='line_1_32' title="bbox 168 3181 2241 3250; baseline -0.001 -18"><span class='ocrx_word' id='word_1_288' title='bbox 168 3184 365 3248; x_wconf 89' lang='lat' dir='ltr'><strong>pientia</strong></span> <span class='ocrx_word' id='word_1_289' title='bbox 406 3184 518 3234; x_wconf 86' lang='lat' dir='ltr'><strong>sive</strong></span> <span class='ocrx_word' id='word_1_290' title='bbox 568 3185 860 3235; x_wconf 78' lang='lat' dir='ltr'><strong>inveniendi</strong></span> <span class='ocrx_word' id='word_1_291' title='bbox 903 3185 1009 3234; x_wconf 87' lang='lat' dir='ltr'><strong>veri</strong></span> <span class='ocrx_word' id='word_1_292' title='bbox 1066 3184 1336 3249; x_wconf 85' lang='lat' dir='ltr'><strong>prudentia</strong></span> <span class='ocrx_word' id='word_1_293' title='bbox 1382 3184 1604 3235; x_wconf 86' lang='lat' dir='ltr'><strong>breviter</strong></span> <span class='ocrx_word' id='word_1_294' title='bbox 1644 3200 1759 3250; x_wconf 85' lang='lat' dir='ltr'><strong>cap.</strong></span> <span class='ocrx_word' id='word_1_295' title='bbox 1800 3183 1851 3234; x_wconf 85' lang='lat'><strong>6.</strong></span> <span class='ocrx_word' id='word_1_296' title='bbox 1902 3186 1951 3246; x_wconf 72' lang='grc'><strong>5,</strong></span> <span class='ocrx_word' id='word_1_297' title='bbox 2004 3181 2087 3233; x_wconf 87' lang='grc'><strong>18.</strong></span> <span class='ocrx_word' id='word_1_298' title='bbox 2137 3181 2241 3239; x_wconf 78' lang='grc'><strong>19.,</strong></span> 
     </span>
     <span class='ocr_line' id='line_1_33' title="bbox 169 3249 2244 3316; baseline -0.004 -14"><span class='ocrx_word' id='word_1_299' title='bbox 169 3259 278 3302; x_wconf 87' lang='lat' dir='ltr'><strong>tum</strong></span> <span class='ocrx_word' id='word_1_300' title='bbox 311 3253 378 3302; x_wconf 84' lang='lat' dir='ltr'><strong>de</strong></span> <span class='ocrx_word' id='word_1_301' title='bbox 424 3252 617 3303; x_wconf 85' lang='lat' dir='ltr'><strong>institia</strong></span> <span class='ocrx_word' id='word_1_302' title='bbox 648 3261 697 3304; x_wconf 88' lang='lat' dir='ltr'><strong>et</strong></span> <span class='ocrx_word' id='word_1_303' title='bbox 744 3253 1099 3314; x_wconf 84' lang='lat' dir='ltr'><strong>beneficentia,</strong></span> <span class='ocrx_word' id='word_1_304' title='bbox 1159 3267 1289 3316; x_wconf 90' lang='lat' dir='ltr'><strong>quae</strong></span> <span class='ocrx_word' id='word_1_305' title='bbox 1336 3267 1450 3303; x_wconf 88' lang='lat' dir='ltr'><strong>cum</strong></span> <span class='ocrx_word' id='word_1_306' title='bbox 1483 3269 1545 3303; x_wconf 92' lang='lat' dir='ltr'><strong>ea</strong></span> <span class='ocrx_word' id='word_1_307' title='bbox 1588 3254 1855 3303; x_wconf 87' lang='lat' dir='ltr'><strong>coniuncta</strong></span> <span class='ocrx_word' id='word_1_308' title='bbox 1889 3252 1989 3313; x_wconf 90' lang='lat' dir='ltr'><strong>sit,</strong></span> <span class='ocrx_word' id='word_1_309' title='bbox 2034 3249 2244 3312; x_wconf 87' lang='lat' dir='ltr'><strong>exponit</strong></span> 
     </span>
     <span class='ocr_line' id='line_1_34' title="bbox 170 3312 2240 3387; baseline -0.005 -16"><span class='ocrx_word' id='word_1_310' title='bbox 170 3335 285 3387; x_wconf 78' lang='lat' dir='ltr'><strong>cap.</strong></span> <span class='ocrx_word' id='word_1_311' title='bbox 318 3321 529 3373; x_wconf 86' lang='lat'><strong>7—18.</strong></span> <span class='ocrx_word' id='word_1_312' title='bbox 579 3324 629 3384; x_wconf 82' lang='grc'><strong>5.</strong></span> <span class='ocrx_word' id='word_1_313' title='bbox 665 3323 940 3385; x_wconf 83' lang='lat'><strong>20—60.‚</strong></span> <span class='ocrx_word' id='word_1_314' title='bbox 991 3320 1175 3372; x_wconf 83' lang='lat' dir='ltr'><strong>deinde</strong></span> <span class='ocrx_word' id='word_1_315' title='bbox 1221 3320 1285 3370; x_wconf 81' lang='lat' dir='ltr'><strong>de</strong></span> <span class='ocrx_word' id='word_1_316' title='bbox 1321 3320 1613 3371; x_wconf 80' lang='lat' dir='ltr'><strong>fortitudine</strong></span> <span class='ocrx_word' id='word_1_317' title='bbox 1646 3318 1800 3367; x_wconf 85' lang='lat' dir='ltr'><strong>tradit</strong></span> <span class='ocrx_word' id='word_1_318' title='bbox 1843 3330 1951 3378; x_wconf 88' lang='lat' dir='ltr'><strong>cap.</strong></span> <span class='ocrx_word' id='word_1_319' title='bbox 1994 3314 2060 3366; x_wconf 89' lang='lat'><strong>18</strong></span> <span class='ocrx_word' id='word_1_320' title='bbox 2083 3312 2240 3361; x_wconf 84' lang='lat'><strong>-26.</strong></span> 
     </span>
     <span class='ocr_line' id='line_1_35' title="bbox 170 3383 2246 3456; baseline -0.009 -13"><span class='ocrx_word' id='word_1_321' title='bbox 170 3391 221 3453; x_wconf 75' lang='lat' dir='ltr'><strong>S.</strong></span> <span class='ocrx_word' id='word_1_322' title='bbox 261 3390 327 3443; x_wconf 84' lang='lat'><strong>61</strong></span> <span class='ocrx_word' id='word_1_323' title='bbox 343 3389 540 3450; x_wconf 86' lang='lat'><strong>—92.‚</strong></span> <span class='ocrx_word' id='word_1_324' title='bbox 605 3391 821 3455; x_wconf 85' lang='lat' dir='ltr'><strong>denique</strong></span> <span class='ocrx_word' id='word_1_325' title='bbox 857 3392 919 3441; x_wconf 81' lang='lat' dir='ltr'><strong>de</strong></span> <span class='ocrx_word' id='word_1_326' title='bbox 956 3390 1290 3456; x_wconf 88' lang='lat' dir='ltr'><strong>temperantia</strong></span> <span class='ocrx_word' id='word_1_327' title='bbox 1335 3396 1384 3437; x_wconf 86' lang='lat' dir='ltr'><strong>et</strong></span> <span class='ocrx_word' id='word_1_328' title='bbox 1426 3389 1637 3445; x_wconf 85' lang='lat' dir='ltr'><strong>decoro,</strong></span> <span class='ocrx_word' id='word_1_329' title='bbox 1694 3383 1831 3443; x_wconf 79' lang='lat' dir='ltr'><strong>quod</strong></span> <span class='ocrx_word' id='word_1_330' title='bbox 1864 3396 1978 3430; x_wconf 85' lang='lat' dir='ltr'><strong>cnm</strong></span> <span class='ocrx_word' id='word_1_331' title='bbox 2023 3394 2081 3428; x_wconf 85' lang='lat' dir='ltr'><strong>ea</strong></span> <span class='ocrx_word' id='word_1_332' title='bbox 2122 3388 2246 3424; x_wconf 87' lang='lat' dir='ltr'><strong>con-</strong></span> 
     </span>
    </p>
   </div>
   <div class='ocr_carea' id='block_1_6' title="bbox 184 3447 1828 3536">
    <p class='ocr_par' dir='ltr' id='par_1_6' title="bbox 184 3447 1828 3536">
     <span class='ocr_line' id='line_1_36' title="bbox 184 3447 1828 3536; baseline 0.001 -20"><span class='ocrx_word' id='word_1_333' title='bbox 184 3463 189 3466; x_wconf 82' lang='grc'><em>“</em></span> <span class='ocrx_word' id='word_1_334' title='bbox 258 3473 370 3519; x_wconf 92' lang='lat' dir='ltr'><strong>c1c.</strong></span> <span class='ocrx_word' id='word_1_335' title='bbox 402 3459 508 3519; x_wconf 85' lang='lat' dir='ltr'><strong>IV.</strong></span> <span class='ocrx_word' id='word_1_336' title='bbox 540 3467 637 3536; x_wconf 71' lang='grc'><strong>3.,</strong></span> <span class='ocrx_word' id='word_1_337' title='bbox 1805 3447 1828 3504; x_wconf 71' lang='grc'><strong>1</strong></span> 
     </span>
    </p>
   </div>
  </div>
 </body>
</html>
