2381 3723
184 103 313 166 316
982 103 1466 165 FRAGMENTA
2185 113 2292 167 126

192 257 648 317 Andromedam
682 264 882 316 tamen
914 257 1251 331 explorans
1285 257 1415 314 fera
1448 268 1750 329 quaerere
1780 252 2072 314 Pistrix
2122 259 2292 330 (140)

185 339 392 416 Pergit
419 348 482 401 et
511 356 708 415 usque
739 338 917 400 sitam
952 338 1185 399 validas
1220 336 1549 412 Aquilonis
1576 336 1658 396 ad
1687 352 1869 397 auras
2178 347 2294 403 385

188 424 444 485 Caerula
473 423 739 498 vestigat
767 421 937 482 finita
974 421 1033 482 in
1065 421 1340 498 partibus
1371 419 1604 482 Austri.

184 508 358 567 Hanc
388 506 570 567 Aries
601 505 752 582 tegit
783 513 845 567 et
874 522 1216 580 squamoso
1250 520 1517 581 corpore
1548 505 1760 566 Pisces

185 589 481 651 Fluminis
513 589 730 650 illustri
758 596 1112 664 tangentem
1144 596 1396 665 pectore
1426 589 1615 664 ripas.

312 674 588 748 Namque
619 672 801 733 etiam
832 672 1244 733 Eridanum
1278 689 1498 733 cernes
1527 673 1586 733 in
1614 679 1788 748 parte
1810 674 2082 734 locatum
2118 678 2289 749 (145)
2369 674 2370 751 ᾖ

189 756 377 828 Caeli,
410 759 720 818 funestum
749 756 986 832 magnis
1018 773 1156 817 cum
1185 756 1421 818 viribus
1456 773 1728 829 amnem,
2173 766 2294 822 390
2369 772 2370 803 ³

188 843 377 916 Quem
412 840 676 902 lacrimis
705 848 978 902 maestae
1009 840 1404 902 Phaethontis
1423 857 1630 916 saepe
1668 855 1924 902 sorores

189 924 593 999 Sparserunt,
625 927 810 985 letum
840 922 1135 985 maerenti
1165 941 1321 985 voce
1347 930 1663 985 canentes,

189 1009 365 1069 Hunc
395 1007 636 1070 Orionis
672 1009 787 1070 sub
818 1009 995 1069 laeva
1027 1023 1282 1069 cernere
1317 1010 1521 1084 planta

191 1091 549 1168 Serpentem
588 1092 824 1169 poteris
856 1107 1245 1168 proceraque
1282 1090 1481 1152 vincla
1511 1091 1785 1163 videbiS,
2120 1096 2283 1164 (150)
2369 1168 2370 1171 ¹

190 1176 356 1250 Quae
388 1175 654 1237 retinent
682 1176 893 1236 Pisces
911 1223 925 1246 ,
959 1176 1297 1236 caudarum
1325 1192 1363 1235 a
1393 1182 1571 1251 parte
1601 1177 1803 1236 locata
2173 1184 2288 1239 39⁵

187 1259 463 1320 Flumine
493 1259 681 1322 mixta
710 1267 874 1322 retro
908 1260 987 1319 ad
1016 1258 1288 1321 Pistricis
1320 1267 1493 1334 terga
1517 1258 1764 1320 reverti.

187 1344 356 1404 Haec
385 1360 511 1405 una
541 1345 720 1405 stella
747 1350 1107 1415 nectuntur,
1147 1359 1331 1416 quarn
1373 1342 1516 1403 iacit
1543 1359 1723 1404 exse

188 1426 459 1488 Pistricis
490 1427 670 1503 spina
702 1427 943 1487 evalida
972 1443 1110 1489 cum
1142 1428 1281 1486 luce
1316 1427 1650 1501 refulgens,

310 1509 548 1570 Exinde
578 1509 838 1585 exiguae
869 1510 1033 1571 tenui
1064 1526 1203 1571 cum
1237 1509 1460 1570 lumine
1484 1512 1708 1570 multae
2122 1513 2281 1581 (155)

187 1595 353 1652 Inter
379 1591 696 1653 Pistricem
734 1595 909 1654 fusae
939 1609 1324 1669 sparsaeque
1353 1593 1641 1654 videntur
1718 1641 1724 1646 .
2172 1602 2284 1656 400

187 1679 394 1750 Atque
431 1675 878 1737 Gubernaclum
913 1678 1157 1749 stellae,
1200 1693 1357 1753 quas
1386 1679 1656 1752 contegit
1694 1693 1940 1750 omneS‚

187 1758 552 1820 Formidans
581 1774 784 1820 acrem
824 1777 1094 1822 morsum
1114 1807 1129 1834 ,
1161 1761 1399 1837 Lepus:
1426 1761 1524 1822 his
1553 1777 1757 1837 neque
1793 1775 2017 1821 nomen

183 1843 311 1904 Nec
342 1842 599 1904 formam
638 1850 880 1907 veteres
913 1852 1138 1906 certam
1171 1844 1463 1908 statuisse
1492 1843 1796 1907 videntur.

188 1928 337 1987 Nam
369 1943 530 2003 quae
559 1925 863 1991 sideribus
897 1929 1075 1991 claris
1106 1937 1328 1990 natura
1357 1928 1572 2005 polivit
2119 1935 2278 2002 (160)

186 2011 264 2070 Et
294 2011 465 2072 vario
496 2011 693 2087 pinxit
721 2013 1109 2090 distinguens
1139 2012 1366 2090 lumige
1397 2014 1656 2085 formaS,
2171 2020 2276 2074 405

186 2095 356 2155 Haec
386 2094 484 2155 ille
525 2104 832 2157 astrorum
868 2106 1078 2158 custos
1109 2095 1349 2158 ratione
1381 2096 1614 2157 notavit

192 2177 505 2254 Signaque
534 2178 799 2254 signavit
825 2180 1114 2243 caelestia
1144 2180 1390 2241 nornine
1424 2196 1607 2241 vero:

189 2262 317 2322 llas
351 2270 586 2335 autem,
620 2271 958 2336 quaesunt
987 2281 1179 2340 parvo
1216 2266 1332 2325 sub
1366 2263 1629 2324 culmine
1664 2265 1867 2331 susae,

188 2344 498 2406 Consimili
530 2345 742 2420 specie
778 2348 989 2408 stellas
1016 2347 1317 2423 parilique
1345 2346 1573 2420 nitore,
2124 2354 2275 2420 (165)

184 2429 317 2488 Non
354 2428 554 2503 potuit
580 2428 759 2491 nobis
787 2437 935 2490 nota
966 2432 1200 2492 clarare
1228 2432 1445 2507 figura.
2174 2439 2279 2492 410

314 2511 582 2583 Exinde,
614 2514 945 2575 australem
979 2514 1145 2576 soliti
1175 2527 1358 2590 quem
1400 2514 1608 2576 dicere
1636 2513 1903 2587 Piscem,

188 2594 475 2657 Volvitur
504 2595 757 2659 inferior
786 2597 1159 2674 Capricorno
1195 2615 1418 2661 versus
1449 2600 1527 2658 ad
1558 2601 1883 2667 Austrum,

185 2678 503 2740 Pistricem
533 2681 907 2754 observans,
942 2684 1156 2757 procul
1192 2681 1308 2743 illis
1334 2682 1457 2744 Pis
1477 2681 1651 2743 cibu
1670 2700 1702 2743 s
1733 2682 2016 2743 haerens.

182 2765 268 2823 At
298 2779 494 2839 prope
527 2765 907 2841 conspicies,
939 2774 1228 2842 expertes
1259 2766 1525 2842 nominis
1553 2782 1803 2836 omneS,
2114 2770 2268 2839 (170)

184 2846 349 2905 Inter
375 2846 692 2908 Pistricem
725 2857 788 2909 et
815 2848 1084 2920 Piscem,
1120 2866 1304 2925 quem
1333 2849 1629 2922 diximus,
1664 2847 1940 2910 Austri
2174 2858 2278 2911 415

187 2926 440 3003 Stellas,
474 2931 591 2991 sub
626 2932 888 3008 pedibus
921 2940 1147 2995 stratas
1180 2933 1473 2996 radiantis
1511 2932 1768 3009 Aquari.
2249 2959 2254 2964 ·

309 3012 569 3090 Propter
601 3015 916 3091 Aquarius
944 3017 1280 3078 obscurum
1310 3019 1525 3079 dextra
1556 3017 1713 3094 rigat
1748 3032 2017 3088 amnem,

181 3095 421 3171 Exiguo
457 3097 562 3173 qui
591 3101 906 3161 stellarum
940 3101 1212 3163 candore
1248 3101 1512 3163 nitescit.

189 3177 237 3233 E
271 3181 474 3241 multis
504 3189 708 3243 tamen
743 3182 837 3245 his
869 3184 994 3246 duo
1025 3186 1147 3246 late
1178 3185 1407 3246 lumina
1437 3187 1700 3259 tulgent:
2123 3188 2273 3255 (175)

180 3258 381 3318 Unum
416 3264 533 3323 sub
569 3266 774 3340 magni
804 3268 1067 3340 pedibus
1109 3276 1397 3330 cernetur
1429 3265 1686 3343 Aquari.
2171 3275 2274 3329 42⁰

183 3338 358 3410 Quod
393 3354 709 3419 superest,
743 3348 949 3423 gelido
987 3354 1307 3428 delapsum
1339 3350 1590 3412 flumine
1622 3350 1838 3427 sontiS,
