2381 3723
157 152 284 216 322
954 150 1434 212 FRAGMENTA
2140 164 2256 219 132

160 307 357 383 Quum
387 319 616 379 supera
645 319 790 363 sese
821 301 1064 364 satiavit
1091 303 1260 377 luce,
1295 302 1547 375 recedit,
2140 312 2257 370 610

160 391 313 450 Post
342 388 600 449 mediam
632 387 846 447 labens
881 387 1045 448 claro
1083 402 1225 448 cum
1253 401 1518 461 corpore
1547 392 1813 446 noctem.
2089 393 2256 462 (365)

156 475 325 534 Haec
357 472 621 533 obscura
653 478 871 531 tenens
904 471 1215 531 convestit
1247 469 1452 530 sidera
1479 470 1696 530 tellus:

156 561 243 619 At
270 564 444 632 parte
473 572 552 614 ex
583 553 699 614 alia
731 553 911 615 claris
944 571 1083 615 cum
1112 554 1353 615 lucibus
1385 560 1549 614 errat

163 639 378 711 Orion,
423 637 692 699 humeris
726 644 789 697 et
816 638 939 698 lato
970 645 1225 714 pectore
1255 638 1518 714 fulgens,

159 725 236 783 Et
270 724 489 783 dextra
518 719 791 781 retinens
823 738 948 781 non
984 737 1232 783 cassum
1262 720 1507 782 luminis
1538 737 1768 782 ensem.
2141 731 2255 785 615

202 806 213 815 “
285 806 408 867 Sed
443 821 629 881 quum
665 805 744 865 de
781 804 956 866 terris
991 805 1084 864 vis
1121 804 1221 866 est
1251 806 1555 881 patefacta
1584 802 1899 876 Leonis,
2088 808 2256 879 (370)

58 966 71 979 ι
163 889 405 964 Omnia,
452 905 611 965 quae
647 890 879 950 Cancer
913 889 1237 966 praeclaro
1272 887 1491 949 detulit
1524 896 1682 960 ortu,

163 976 399 1037 Cedunt
428 974 790 1045 obscurata,
830 973 1012 1033 simul
1048 972 1141 1032 vis
1174 989 1399 1048 magna
1433 973 1683 1048 Aquilai

161 1059 410 1121 Pellitur
440 1074 512 1117 ac
546 1055 713 1118 flexo
743 1056 1077 1118 considens
1110 1071 1374 1131 corpore
1403 1054 1595 1117 Nixus

160 1147 284 1204 Iam
319 1158 547 1217 supero
592 1142 783 1201 ferme
819 1141 1118 1217 depulsus
1153 1138 1379 1200 lumine
1412 1141 1604 1200 cedit:
2146 1148 2256 1202 620

164 1227 286 1288 Sed
319 1230 556 1287 laevum
590 1239 789 1301 genus
821 1233 1006 1300 atque
1033 1224 1327 1286 illustrem
1357 1222 1572 1298 linquit
1598 1221 1658 1283 in
1687 1223 1874 1282 altum
2043 1244 2048 1245 ff
2091 1226 2252 1296 (3⁷5)

161 1312 453 1371 Plantam.
517 1309 670 1371 Tum
707 1315 921 1370 contra
951 1308 1227 1370 exoritur
1257 1309 1490 1369 clarum
1520 1313 1704 1381 caput
1731 1306 1982 1383 Hydrae

160 1396 237 1456 Et
265 1395 471 1471 Lepus
502 1401 564 1454 et
589 1393 877 1471 Procyon
896 1440 910 1465 ,
947 1393 1051 1467 qui
1082 1408 1227 1454 sese
1255 1391 1528 1452 fervidus
1557 1391 1741 1450 insert

163 1482 327 1539 Ante
359 1480 614 1538 Canem=
660 1475 802 1536 inde
835 1476 1014 1536 Canis
1047 1473 1307 1549 vestigia
1338 1475 1532 1550 prima
1559 1474 1862 1534 videntur.

286 1562 424 1621 Non
456 1575 655 1636 pauca
687 1576 722 1620 e
759 1560 930 1620 caelo
969 1560 1287 1634 depellens
1315 1558 1521 1635 signa,
1566 1565 1823 1633 repente
2146 1567 2258 1621 625

161 1644 452 1705 Exoritur
483 1644 764 1719 pandens
795 1641 1051 1703 illustria
1082 1641 1312 1703 lumina
1339 1643 1596 1718 Virgo.
2094 1645 2256 1717 (380)

168 1726 341 1788 Cedit
369 1727 533 1787 clara
559 1726 744 1787 Fides
779 1725 1077 1805 Cyllenia,
1125 1726 1418 1802 mergitur
1449 1727 1615 1787 unda

165 1811 533 1888 Delphinus,
581 1810 761 1874 simul
797 1809 1105 1887 obtegitur
1139 1811 1403 1887 depulsa
1432 1809 1684 1887 Sagitta,

164 1901 370 1973 Atque
399 1895 552 1957 Avis
582 1897 662 1957 ad
694 1913 994 1957 summam
1029 1896 1285 1957 caudam
1318 1898 1672 1972 primasque
1701 1892 1935 1954 recedit

165 1981 389 2042 Pinnas
418 1988 480 2041 et
514 1996 774 2056 magnus
811 1980 1039 2057 pariter
1073 1979 1375 2040 delabitur
1400 1977 1639 2040 Amnis.
2151 1985 2258 2039 630

164 2064 279 2126 Hic
306 2066 523 2140 Equus
555 2082 592 2124 a
622 2064 820 2141 capite
850 2071 912 2126 et
945 2066 1130 2139 longa
1159 2063 1403 2125 cervice
1436 2060 1708 2124 latescit=
1785 2085 1792 2089 ·
2102 2066 2256 2133 (385)

166 2148 439 2224 Longius
472 2148 748 2210 exoritur
777 2148 896 2208 iarn
929 2149 1096 2209 claro
1133 2164 1398 2224 corpore
1434 2162 1693 2221 serpens

173 2235 576 2307 Craterraque
609 2239 791 2292 tenus
821 2234 988 2293 lucet
1015 2232 1375 2293 mortalibus
1402 2231 1634 2307 Hydra.

168 2317 320 2377 Inde
350 2315 546 2391 pedes
585 2315 765 2375 Canis
797 2315 1066 2376 ostendit
1098 2314 1217 2375 iam
1248 2314 1647 2390 posteriores,

168 2401 247 2461 Et
278 2407 424 2476 post
458 2398 592 2474 ipse
624 2397 806 2458 trahit
842 2401 1007 2460 claro
1042 2413 1180 2458 cum
1211 2398 1438 2460 lumine
1469 2398 1761 2473 Puppim:
2152 2403 2256 2458 635

170 2481 524 2557 Insequitur
559 2480 773 2542 labens
811 2498 923 2558 per
953 2482 1105 2543 caeli
1136 2480 1364 2556 lumina
1397 2481 1606 2555 NaviS,
2103 2481 2255 2550 (390)

172 2567 248 2627 Et
279 2582 467 2641 quum
496 2564 616 2626 iam
650 2572 779 2627 toto
815 2566 1124 2643 processit
1152 2582 1421 2642 corpore
1447 2564 1664 2641 Virg0,

170 2652 340 2711 Haec
370 2649 639 2711 medium
676 2650 946 2712 ostendit
971 2649 1209 2711 radiato
1240 2650 1447 2726 stipite
1478 2649 1725 2710 Malum.

295 2737 382 2795 At
410 2751 596 2810 quum
632 2736 982 2810 procedunt
1013 2734 1281 2796 obscuro
1315 2749 1580 2809 corpore
1616 2733 1926 2804 Chelae,

169 2817 425 2879 Exsistit
459 2818 688 2895 pariter
720 2821 889 2895 larga
919 2835 1054 2879 cum
1090 2820 1227 2879 luce
1252 2818 1508 2891 BooteS,
2155 2820 2262 2875 64⁰

177 2903 362 2964 Cuius
391 2900 448 2961 in
485 2904 815 2964 adversum
847 2910 945 2963 est
973 2905 1276 2963 Arcturus
1307 2917 1569 2977 corpore
1602 2900 1788 2973 fixuS,
2101 2900 2257 2968 (395)

170 2985 448 3060 Totaque
476 2986 596 3047 iam
627 3002 856 3062 supera
886 2988 1126 3062 fulgens
1163 2985 1501 3061 prolabitur
1531 2987 1730 3060 Argo:

173 3072 546 3149 Hydraque,
595 3072 764 3148 quod
794 3073 914 3132 late
947 3072 1118 3132 caelo
1152 3070 1436 3146 dispersa
1464 3076 1723 3139 tenetur,
1745 3106 1771 3125 ,

174 3156 456 3216 Nondum
485 3162 619 3217 tota
651 3164 848 3231 patet:
895 3171 1034 3215 nam
1066 3155 1326 3215 caudam
1357 3152 1629 3228 contegit
1656 3151 1889 3213 umbra.

176 3241 577 3314 Anquitenens
607 3247 800 3300 autem
832 3246 1113 3301 renovata
1143 3243 1274 3300 luce
1309 3238 1587 3312 resumet.
2155 3238 2256 3294 645

176 3321 302 3379 Iam
339 3321 623 3385 dextrum
657 3338 853 3399 genus
886 3332 947 3383 et
976 3323 1329 3384 decoratam
1357 3319 1585 3382 lumine
1614 3336 1817 3382 suram

178 3401 370 3476 Erigit
397 3403 499 3462 ille
530 3420 755 3465 vacans
785 3405 1035 3480 vulgato
1065 3406 1312 3468 nomine
1337 3404 1551 3481 NixuS,
2102 3402 2252 3475 (4⁰⁰)
