2381 3723
120 117 248 181 310
913 119 1395 180 FRAGMENTA

119 272 410 347 Explicat
435 272 533 331 hic
561 287 812 331 summos
841 271 1092 331 ardores
1122 275 1330 331 semita
1358 272 1590 334 Phoebi.

129 356 294 416 Tune
322 358 524 415 nullae
551 362 851 429 apparent
874 373 989 432 per
1014 357 1174 416 culta
1207 360 1445 415 novalia
1472 360 1691 433 spicae,

119 441 540 515 Principioque
566 440 721 499 adeo
745 438 898 500 Solis
916 457 1033 514 per
1063 443 1312 500 caerula
1340 444 1497 501 caeti

122 525 258 583 Hoc
285 530 456 582 motu
487 521 779 583 radiantis
810 522 1054 583 Etesiae
1083 522 1139 582 in
1173 524 1334 583 vada
1366 523 1538 585 Ponti

119 607 519 667 Procumbunt
539 610 858 680 alomerati
881 613 941 667 et
965 610 1138 683 lonqo
1158 611 1408 682 flamine
1431 613 1683 685 spirant.

127 690 292 751 Tune
317 692 465 750 milti
487 707 604 751 non
630 693 809 751 remis
823 695 1074 766 placeat
1093 694 1246 751 ratis
1271 694 1482 767 indiqa
1496 740 1511 767 ‚
1555 710 1758 755 verum

118 774 328 849 Larqa
355 778 501 836 satis
531 781 805 851 rectoque
830 776 918 834 ad
945 779 1101 836 venti
1127 777 1432 837 commoda
1459 781 1643 838 clavo,

242 858 315 918 Si
336 862 506 935 cupis
541 860 727 919 Auri
730 876 827 934 aa
840 876 898 919 m
935 867 1111 935 atque
1136 859 1405 936 Auriqae
1429 878 1672 924 noscere
1697 864 1913 936 stellas,

128 942 376 1018 Ullaque
397 943 576 1017 fama
608 951 742 1004 tuas
777 945 1067 1020 Caprae
1090 948 1362 1019 pervenit
1386 947 1474 1005 ad
1499 962 1694 1017 aures,

119 1028 678 1103 Haedorumque
705 1031 908 1101 simul,
951 1044 1200 1104 quorum
1229 1030 1348 1089 duo
1373 1032 1600 1090 lumina
1626 1038 1880 1091 cernunt

118 1112 313 1187 Saepe
340 1129 456 1188 per
481 1115 701 1173 iratum
727 1115 949 1174 iactata
980 1113 1285 1174 cadavera
1302 1120 1583 1189 pontum:

123 1194 251 1255 Sub
282 1196 460 1255 laeva
492 1199 543 1257 is
572 1195 964 1257 Geminorum
1000 1196 1308 1257 obductus
1339 1203 1513 1271 parte
1539 1199 1783 1271 feretur,

117 1279 473 1341 Adversum
507 1288 690 1356 caput
716 1280 858 1341 huie
886 1279 1134 1340 Helicae
1168 1281 1516 1341 truculenta
1544 1289 1766 1342 tuetur.

117 1365 203 1424 At
233 1364 432 1437 Capra
464 1365 704 1425 laevum
736 1364 1052 1424 humerum
1083 1365 1246 1424 clara
1277 1364 1541 1426 obtinet:
1583 1368 1692 1426 illa
1713 1372 1962 1441 putatur

126 1446 321 1508 Ubera
350 1449 550 1509 adhue
573 1464 768 1524 parvo
795 1450 1071 1509 iacienda
1103 1449 1336 1509 dedisse
1370 1449 1638 1527 Tonanti,

117 1532 299 1591 Hanc
325 1531 484 1591 Iovis
516 1531 781 1592 Olenium
813 1549 1064 1607 capram
1093 1533 1307 1592 dixere
1331 1536 1602 1594 ministri.

118 1616 350 1673 Verum
384 1614 538 1674 haee
568 1622 666 1674 est
695 1631 915 1690 magno
944 1623 1130 1690 atque
1160 1615 1377 1676 illustri
1408 1615 1687 1692 praedita
1718 1615 1914 1691 signo.
1967 1620 1970 1621 ’

247 1697 472 1757 Contra
499 1698 695 1758 Haedi
724 1698 1009 1774 exiguum
1037 1698 1266 1759 iaciunt
1297 1701 1657 1762 mortalibus
1685 1699 1885 1775 ignem

116 1782 384 1856 Auriqae
411 1785 474 1842 in
502 1785 772 1843 manibus
785 1829 799 1857 ‚
844 1786 1012 1843 cuius
1038 1786 1283 1858 vestiqia
1309 1801 1569 1857 servans,

119 1865 416 1943 Corniger
444 1876 542 1930 est
568 1868 772 1928 valido
809 1868 1112 1929 connixus
1144 1869 1410 1944 corpore
1440 1869 1686 1929 Tauru
1703 1885 1753 1940 S,

118 1952 300 2024 Quem
326 1968 442 2012 non
469 1953 712 2027 difficili
737 1955 968 2013 ratione
993 1969 1317 2027 aanoseere
1333 1957 1547 2028 possis.

114 2036 384 2112 Namque
413 2040 578 2098 illum
605 2044 903 2097 exornant
922 2040 1165 2097 externi
1193 2037 1364 2096 haud
1388 2038 1597 2112 indiqa
1629 2036 1787 2110 siqni

117 2118 365 2193 Sidera,
409 2138 565 2196 quae
590 2124 782 2181 vivum
810 2129 996 2197 eaput
1018 2124 1124 2181 olli
1146 2123 1440 2195 utrimque
1456 2124 1739 2195 liquerant,

114 2204 356 2264 Ineluta
370 2222 494 2280 per
522 2212 698 2265 totam
724 2209 1072 2280 sparqentia
1096 2207 1326 2265 lumina
1345 2204 1608 2278 frontem
1622 2224 1642 2261 .·

117 2287 246 2348 Has
282 2287 497 2348 Graeci
529 2288 739 2348 stellas
767 2287 1070 2363 Hyadas
1101 2287 1376 2348 vocitare
1404 2292 1678 2347 suerunt.

118 2369 245 2430 Sed
264 2387 373 2448 pes
397 2371 666 2445 Auriyae
693 2373 905 2431 dexter
933 2388 1235 2446 cornuque
1264 2374 1566 2432 sinistrum

125 2453 318 2516 Tauri
339 2472 456 2516 uno
488 2457 626 2530 iqne
652 2458 896 2527 micant,
927 2458 1286 2530 pariterque
1305 2455 1594 2529 feruntur
1620 2460 1864 2529 uterque
1877 2473 1897 2511 .-

117 2540 197 2599 At
211 2541 389 2615 prior
415 2540 650 2614 Auriqa
679 2543 863 2601 latum
879 2543 1036 2615 petit
1056 2555 1343 2599 oceanum
1372 2538 1513 2612 Bos,

120 2623 310 2695 Quum
339 2631 534 2685 tamen
561 2642 596 2685 e
609 2624 879 2699 placidis
904 2630 1158 2697 surqant
1180 2625 1359 2683 simul
1388 2625 1665 2699 aequoris
1692 2621 1886 2681 undis.

247 2709 401 2781 Quin
427 2713 604 2770 etiam
626 2708 873 2770 Iasidae
900 2709 1104 2767 domus
1129 2709 1538 2781 antiquissima
1569 2707 1784 2782 Cephei

117 2793 433 2853 Aerumnis
457 2801 545 2853 est
568 2798 706 2853 nota
734 2795 857 2852 suis
870 2838 885 2865 ,
926 2807 1104 2867 quam
1131 2791 1406 2866 Iuppiter
1437 2798 1646 2852 auctor

116 2877 403 2951 Proqenii
423 2878 607 2937 subito
633 2878 976 2953 praeclaris
1004 2878 1201 2936 intulit
1225 2876 1404 2935 asm‘s
1417 2895 1438 2933 .-

118 2960 396 3036 Namque
423 2959 625 3035 ipsum
660 2960 740 3020 ad
763 2966 1002 3035 tergum
1036 2961 1398 3036 Cynosurae
1431 2957 1684 3018 vertitur
1705 2952 1876 3015 Arcti

117 3043 378 3120 Iasides,
422 3047 621 3121 passis
649 3045 985 3104 distendens
1012 3044 1264 3105 brachia
1282 3044 1524 3117 palmis,

128 3127 436 3206 Tantaque
466 3130 543 3189 ab
579 3134 850 3189 extrema
877 3129 1080 3189 cauda
1109 3129 1484 3188 disterminat
1508 3125 1676 3185 Arcti

121 3211 357 3285 Requla
370 3219 697 3287 ,utrumque
716 3213 933 3289 pedem
948 3259 962 3285 ,
1005 3220 1232 3287 quanta
1257 3227 1365 3287 pes
1388 3226 1428 3269 a
1449 3208 1608 3284 pede
1635 3207 1831 3267 distat.

124 3293 299 3362 Quod
321 3298 375 3354 si
398 3311 438 3370 a
472 3296 698 3371 Cepheo
714 3299 988 3372 paullum
1020 3303 1123 3356 tua
1153 3298 1381 3357 lumina
1411 3294 1600 3353 balteo

124 3374 460 3450 Dimoveas‚
499 3396 702 3440 versus
733 3381 900 3439 saevi
924 3383 1168 3452 aqmina
1197 3382 1400 3455 prima
1428 3377 1720 3437 Draconis
1733 3395 1753 3432 .-

2101 138 2205 193 120

2101 374 2200 426 155

2096 788 2199 842 160

2094 1206 2196 1261 165

2091 1623 2194 1679 170

2092 2041 2189 2097 175

2092 2461 2193 2516 180

2096 2876 2195 2930 185

2100 3290 2203 3346 190
