2381 3723
72 122 147 174 49
705 109 871 171 GAP.
912 118 1148 175 17—19.
1192 118 1243 177 s.
1278 118 1532 174 (ει-68.
1783 77 1788 81 ’
2029 111 2148 173 165

211 262 313 323 65.
368 260 838 320 Firmamentum
879 267 1082 320 autem
1127 260 1468 321 stabilitatis
1512 262 2017 337 constantiaeque
2056 270 2149 323 est

71 347 238 417 eiuS,
276 359 458 419 quam
489 343 548 403 in
580 342 840 404 amicitia
871 342 1249 419 quaerimus,
1282 346 1460 405 fides.
1529 344 1682 404 Nihil
1717 353 1812 404 est
1842 346 1999 405 enim
2031 354 2144 405 sta-

69 429 236 501 bile,
273 428 438 503 quod
473 425 727 488 infidum
752 433 864 486 est.
939 424 1287 501 Simplicem
1320 435 1640 504 praeterea
1670 437 1731 488 et
1763 444 2147 489 communem

73 520 139 573 et
180 510 694 582 consentientem,
738 510 800 569 id
831 520 956 583 est,
1001 510 1104 585 qui
1140 511 1326 571 rebus
1363 511 1595 592 eisdem
1626 519 1976 585 moveatur,
2011 511 2147 587 eligi

73 612 196 673 par
232 601 354 666 est,
403 611 562 670 quae
596 593 800 656 omnia
832 595 1136 669 pertinent
1165 596 1245 654 ad
1278 595 1651 657 fidelitatem.
1728 597 1941 671 Neque
1990 594 2148 655 enim

73 680 271 741 fidum
307 685 514 754 potest
556 693 700 739 esse
739 678 1056 753 multiplex
1094 677 1402 754 ingenium
1432 688 1494 740 et
1521 685 1897 753 tortuosum,
1949 695 2152 755 neque

74 779 266 835 vere,
320 766 425 838 qui
470 777 594 822 non
629 760 859 822 eisdem
896 762 1083 822 rebus
1127 769 1410 823 movetur
1445 769 1783 837 naturaque
1822 763 2151 837 consentit,

74 853 189 907 aut
228 847 390 906 fidus
448 852 553 906 aut
598 844 829 906 stabilis
874 853 1079 921 potest
1120 862 1282 906 esse.
1356 847 1727 907 Addendum
1778 848 1995 908 eodem
2034 858 2149 919 est,

73 937 146 991 ut
176 946 255 991 ne
281 928 629 991 criminibus
665 935 769 989 aut
794 928 1125 989 inferendis
1162 930 1500 997 delectetur
1531 937 1637 990 aut
1670 931 1879 990 credat
1909 930 2148 1001 oblatis,

77 1030 243 1091 quae
269 1013 573 1089 pertinent
601 1012 803 1074 omnia
833 1013 909 1073 ad
935 1028 1097 1085 eam,
1135 1029 1317 1089 quam
1356 1012 1475 1073 iam
1499 1014 1731 1073 dudum
1761 1020 1975 1087 tract0,
2005 1030 2149 1074 con-

79 1097 388 1158 stantiam.
478 1100 566 1157 lta
605 1097 673 1156 fit
706 1114 919 1156 verum
967 1095 1146 1169 illud,
1199 1098 1367 1173 quod
1406 1096 1573 1157 initio
1621 1096 1774 1169 dixi,
1829 1095 2151 1156 amicitiam

81 1181 200 1242 nisi
228 1181 387 1241 inter
415 1180 619 1242 bonos
658 1197 798 1241 esse
833 1196 957 1241 non
992 1196 1203 1255 posse.
1273 1180 1384 1241 Est
1411 1179 1569 1240 enim
1600 1178 1923 1253 boni-viri,
1968 1196 2148 1255 quem

80 1266 364 1326 eumdem
399 1263 735 1339 sapientem
767 1262 909 1323 licet
929 1263 1161 1336 dicere,
1192 1264 1345 1324 haec
1375 1265 1497 1325 duo
1532 1270 1742 1324 tenere
1769 1262 1829 1323 in
1860 1262 2147 1323 amicitia:

80 1349 377 1425 primum,
431 1365 508 1408 ne
553 1348 700 1423 quid
746 1348 952 1407 fictum
997 1348 1076 1407 sit
1125 1364 1283 1408 neve
1330 1347 1708 1409 simulatumt
1748 1355 1958 1423 aperte
1988 1344 2148 1406 enim

79 1434 180 1493 vel
215 1432 426 1492 odisse
465 1431 655 1507 magis
692 1430 940 1507 ingenui
970 1438 1068 1491 est
1108 1447 1287 1506 quam
1322 1432 1520 1492 fronte
1566 1432 1878 1492 occultare
1909 1438 2150 1491 senten·

79 1516 261 1576 tiam:
318 1514 539 1576 deinde
601 1531 724 1575 non
778 1516 978 1576 solum
1036 1516 1112 1575 ab
1153 1515 1357 1591 aliquo
1411 1516 1646 1576 adlatas
1700 1513 2149 1575 criminationes

83 1600 416 1674 repellere,
470 1599 584 1660 sed
614 1614 691 1658 ne
721 1597 919 1673 ipsum
953 1598 1198 1673 quidem
1230 1614 1374 1659 esse
1414 1598 1859 1673 suspiciosum,
1905 1613 2151 1673 semper

83 1682 316 1758 aliquid
347 1680 794 1743 existimantem
825 1682 901 1741 ab
933 1682 1126 1743 amieo
1159 1697 1304 1743 esse
1336 1681 1644 1743 violatum.
1732 1682 1832 1743 66.
1874 1682 2153 1743 Accedat

85 1766 204 1825 huc
227 1764 500 1826 suavitas
527 1766 823 1841 quaedam
853 1771 1096 1841 oportet
1119 1782 1470 1826 sermonum
1492 1773 1676 1841 atque
1700 1781 1955 1837 morum,
1987 1764 2149 1823 haud

85 1865 395 1926 quaquam
436 1848 744 1910 mediocre
797 1849 1249 1910 condimentum
1292 1848 1619 1909 amicitiae:
1667 1847 1908 1909 tristitia
1950 1853 2149 1908 autem

86 1940 148 1992 et
188 1932 247 1991 in
293 1931 456 1992 omni
496 1950 563 1992 re
605 1932 903 1993 severitas
945 1933 1126 1993 habet
1154 1933 1256 1992 illa
1309 1932 1555 2007 quidem
1599 1931 1987 2005 gravitatem,
2039 1930 2149 1989 sed

88 2014 350 2075 amicitia
399 2015 715 2077 remissior
762 2033 905 2077 esse
953 2016 1138 2076 debet
1166 2023 1231 2076 et
1279 2014 1525 2076 liberior
1579 2021 1640 2074 et
1686 2013 1922 2074 dulcior
1962 2020 2024 2071 et
2071 2012 2148 2071 ad

89 2115 333 2160 omnem
367 2099 709 2161 comitatem
744 2099 1213 2174 facilitatemque
1248 2097 1596 2174 proclivior.

215 2183 372 2242 XIX.
420 2183 520 2243 67.
608 2182 862 2244 Exsistit
912 2189 1114 2243 autem
1164 2182 1284 2242 hoc
1326 2184 1465 2243 loco
1509 2182 1809 2256 quaedam
1871 2178 2151 2254 quaestio

89 2264 502 2338 subdifficilis,
533 2282 677 2326 num
709 2267 956 2342 quando
992 2265 1166 2326 amici
1202 2263 1378 2338 novi,
1411 2263 1576 2341 digni
1607 2261 1896 2335 amicitia,
1940 2260 2154 2322 veteri·

90 2350 205 2408 bus
240 2348 361 2409 sint
402 2349 847 2425 anteponendi,
898 2358 966 2409 ut
1011 2349 1187 2425 equis
1222 2349 1437 2419 vetulis
1482 2355 1734 2410 teneros
1778 2353 2154 2422 anteponere

91 2434 385 2494 solemus.
460 2432 711 2508 Indigna
743 2433 1034 2494 dubitatio
1065 2432 1339 2493 homine!
1411 2434 1542 2493 Non
1569 2432 1729 2494 enim
1752 2431 1981 2491 debent
2011 2445 2155 2490 esse

91 2515 481 2576 amicitiarum
500 2565 514 2589 ,
548 2517 706 2577 sicut
725 2516 974 2576 aliarum
1007 2533 1209 2577 rerum
1239 2515 1583 2576 satietates:
1629 2514 1953 2575 veterrima
1975 2530 2155 2588 quaec

93 2615 243 2674 que,
289 2606 356 2660 ut
388 2616 461 2659 ea
491 2600 669 2673 vina,
713 2617 871 2675 quae
906 2606 1268 2660 vetustatem
1313 2600 1543 2670 ferunt,
1587 2613 1732 2659 esse
1761 2597 1989 2656 debent
2019 2611 2157 2655 sua-

94 2682 372 2755 vissima,
413 2700 751 2758 verumque
784 2683 932 2743 illud
961 2691 1087 2753 est,
1134 2684 1302 2758 quod
1333 2680 1583 2755 dicitur,
1622 2680 1884 2739 ‘multos
1916 2677 2157 2738 modios

92 2764 240 2827 salis
273 2765 449 2827 simul
480 2767 759 2828 edendos
791 2783 960 2840 esse,
1001 2775 1069 2827 ut
1098 2766 1394 2827 amicitiae
1426 2781 1647 2825 munus
1678 2764 1990 2838 expletum
2032 2759 2155 2821 sit.’

92 2849 190 2911 68.
235 2850 548 2911 Novitates
574 2858 777 2911 autem
802 2850 855 2911 si
886 2867 1058 2925 spem
1091 2852 1401 2921 adfemnt,
1435 2856 1503 2909 ut
1530 2855 1839 2924 tamquam
1868 2846 1929 2906 in
1951 2843 2157 2906 herbis

94 2949 212 2994 non
250 2932 564 2995 fallacibus
605 2936 839 2995 fructus
879 2941 1204 3010 appareat,
1258 2950 1381 2995 non
1424 2938 1568 2994 sunt
1604 2931 1743 2992 illae
1788 2930 2037 3008 quidem
2068 2945 2159 2989 re·

96 3016 468 3092 pudiandae,
514 3024 789 3078 vetustas
821 3026 1023 3078 tamen
1058 3035 1173 3078 suo
1214 3019 1351 3078 loco
1395 3017 1853 3078 conservanda:
1899 3010 2161 3072 maxima

95 3105 189 3161 est
214 3098 377 3160 enim
408 3100 503 3162 vis
536 3101 855 3162 vetustatis
880 3108 940 3161 et
973 3100 1457 3162 consuetudinis.
1530 3100 1683 3175 Quin
1716 3097 1897 3160 etiam
1923 3093 1985 3155 in
2018 3093 2159 3170 ipso

96 3200 286 3259 equo,
345 3185 519 3244 cuius
561 3185 747 3245 modo
785 3184 901 3245 feci
947 3186 1348 3256 mentionem,
1401 3183 1453 3244 si
1497 3185 1665 3245 nulla
1702 3197 1806 3242 res
1851 3174 2159 3254 impediat,

94 3281 273 3328 nemo
304 3276 403 3328 est
434 3267 580 3342 quin
612 3284 687 3328 eo
707 3314 722 3340 ,
760 3285 882 3344 quo
917 3267 1270 3340 consuevit,
1315 3266 1599 3328 libentius
1631 3272 1832 3326 utatur
1863 3279 2047 3338 quam
2078 3267 2161 3322 in-

94 3358 349 3412 tractato
385 3359 645 3412 et-novo
667 3398 682 3425 ‚
721 3368 836 3412 nec
865 3369 1016 3413 vero
1049 3350 1104 3411 in
1139 3352 1289 3423 hoc,
1328 3351 1495 3426 quod
1528 3357 1624 3419 est
1656 3345 1900 3410 animal.
1954 3344 2066 3403 sed
2102 3347 2162 3402 in
