2381 3723
72 57 192 119 170
541 52 871 115 LAELmS
904 54 1005 114 DE
1036 53 1390 115 AMICITIA
1419 54 1650 115 LIBER
2065 65 2134 114 54

72 210 217 270 dum
238 215 336 270 est
363 206 529 278 enim,
544 206 792 281 saepius
814 242 917 278 --‚
950 223 1133 281 quum
1163 204 1530 269 indicaveris
1547 254 1563 279 ,
1596 204 1846 282 diligere
1870 213 2140 284 oportet,

72 308 226 365 non,
282 309 466 367 quum
500 290 817 363 dilexeris,
861 288 1154 351 iudicare.
1225 290 1350 351 Sed
1386 307 1572 365 quum
1615 288 1818 351 multis
1852 288 1913 349 in
1947 292 2136 351 rebus

73 374 439 452 negligentia
472 373 791 449 plectimur
831 382 958 434 tum
991 372 1253 433 maxime
1293 373 1352 434 in
1389 373 1596 435 amicis
1630 380 1691 434 et
1721 372 2042 449 diligendis
2075 390 2139 434 et

71 458 381 521 colendis:
402 465 404 470 ’
425 456 844 535 praeposteris
880 456 1036 518 enim
1073 456 1294 517 utimur
1324 456 1593 520 consiliis
1624 464 1686 517 et
1717 465 1851 518 acta
1877 455 2134 533 agimus.

73 543 240 618 quod
273 549 551 602 vetamur
570 547 780 601 vetere
805 541 1155 616 proverbio,
1224 543 1375 601 Nam
1403 540 1688 618 implicati
1716 542 1874 602 ultro
1902 549 1963 601 et
1982 540 2135 601 citro

72 628 168 686 vel
192 644 310 686 usu
334 625 616 686 diuturno
637 627 731 684 vel
748 624 927 684 etiam
953 624 1171 687 officiis
1189 631 1446 701 repente
1468 625 1526 685 in
1552 623 1752 685 medio
1780 640 1966 686 cursu
1990 623 2136 685 ami-

69 708 242 769 citias
271 717 486 769 exorta
508 707 709 784 aliqua
734 707 1078 769 offensione
1102 708 1557 785 disrumpimus.
1621 709 1831 769 XXIII.
1859 706 1959 769 86.
2000 709 2134 783 Quo

70 791 250 853 etiam
293 792 486 869 magis
531 791 934 867 vituperanda
973 799 1073 853 est
1113 792 1203 853 rei
1244 791 1506 853 maxime-
1539 792 1928 853 necessariae
1970 798 2132 853 tanta

69 875 322 936 incuria.
398 877 533 937 Una
569 884 664 937 est
701 876 857 936 enim
889 875 1147 936 amicitia
1175 876 1234 936 in
1268 876 1453 937 rebus
1485 874 1795 950 humanis,
1848 876 1925 936 de
1961 876 2134 936 cuias

68 958 322 1019 utilitate
365 976 580 1021 omnes
622 977 746 1021 uno
792 976 901 1021 ore
943 962 1361 1022 consentiunt:
1424 976 1793 1037 quamquam
1846 976 1883 1020 a
1934 962 2134 1019 multis

69 1043 263 1104 virtus
293 1042 430 1117 ipsa
476 1042 878 1105 contemnitur
916 1053 974 1104 et
1004 1044 1335 1105 venditatio
1382 1045 1682 1120 quaedam
1719 1051 1905 1118 atque
1930 1053 2134 1105 osten-

68 1127 214 1188 tatio
272 1144 413 1188 esse
466 1126 713 1189 dicitur:
772 1128 938 1188 multi
993 1126 1237 1189 divitias
1293 1127 1664 1204 despiciunt,
1727 1144 1886 1202 quos
1937 1143 2133 1203 parvo

68 1218 393 1272 contentos
441 1212 641 1273 tenuis
686 1211 883 1273 victus
921 1213 1245 1287 cultusque
1293 1212 1587 1285 delectat,
1642 1212 1914 1273 honores
1965 1228 2132 1274 vero.

71 1312 332 1371 quorum
357 1295 686 1372 cupiditate
710 1295 955 1372 quidam
979 1295 1448 1369 inflammantur,
1483 1312 1663 1371 quam
1686 1294 1856 1355 multi
1885 1292 1967 1354 ita
1991 1309 2133 1354 con-

69 1386 374 1452 temnunt,
403 1386 472 1440 ut
500 1378 644 1438 nihil
673 1378 944 1453 inanius,
978 1379 1121 1439 nihil
1152 1395 1297 1440 esse
1319 1378 1513 1440 levius
1544 1378 1919 1439 existiment!
1968 1378 2134 1438 item·

70 1478 192 1541 que
224 1470 492 1535 caetera,
526 1478 684 1536 quae
717 1462 1082 1537 quibusdam
1111 1462 1484 1523 admirabilia
1509 1462 1817 1535 videntur,
1849 1459 2131 1538 permulti

69 1551 213 1605 sunt
263 1544 366 1618 qui
410 1562 521 1620 pro
570 1544 755 1607 nihilo
795 1553 1039 1622 putent:
1102 1546 1180 1607 de
1232 1546 1492 1608 amicitia
1541 1561 1757 1608 omnes
1811 1546 1889 1605 ad
1944 1562 2131 1606 unum

68 1628 228 1687 idem
259 1628 556 1701 sentiunt,
610 1628 766 1702 etii,
820 1630 924 1702 qui
969 1631 1050 1689 ad
1090 1646 1218 1690 rem
1259 1630 1563 1705 publicam
1610 1647 1680 1691 se
1727 1630 2131 1700 contulerunt,

67 1709 224 1784 etii,
284 1710 388 1787 qui
430 1728 633 1774 rerum
678 1711 1028 1788 cognitione
1062 1714 1465 1789 doctrinaque
1507 1714 1915 1785 delectantur,
1971 1719 2034 1772 et
2071 1710 2130 1784 ii,

68 1792 174 1871 qui
205 1811 380 1855 suum
414 1796 722 1872 negotium
757 1804 979 1873 gerunt
1009 1796 1221 1872 otiosi»,
1273 1806 1587 1876 postremo
1620 1796 1683 1871 ii,
1732 1796 1835 1872 qui
1869 1812 1939 1857 se
1969 1803 2130 1856 totos

66 1879 446 1940 tradiderunt
489 1881 932 1957 voluptatibuS,
987 1882 1121 1943 sine
1164 1883 1423 1944 amicitia
1468 1883 1645 1943 vitam
1697 1898 1841 1943 esse
1890 1882 2130 1948 nullam,

68 1961 120 2021 si
151 1963 335 2024 modo
368 1963 556 2026 velint
578 1965 780 2041 aliqua
814 1981 891 2025 ex
919 1973 1093 2043 parte
1119 1967 1447 2028 liberaliter
1469 1966 1696 2026 vivere.
1784 1964 1882 2026 87.
1928 1961 2131 2038 Serpit

67 2047 227 2108 enim
256 2049 623 2126 nescioquo
657 2052 841 2112 modo
874 2068 987 2127 per
1020 2050 1288 2112 omnium
1319 2050 1475 2111 vitas
1516 2049 1775 2110 amicitia
1804 2064 1917 2109 nec
1947 2049 2127 2107 ullam

66 2131 283 2193 aetatis
331 2134 650 2207 degendae
695 2135 992 2195 rationem
1034 2133 1261 2211 patitur
1291 2151 1433 2196 esse
1464 2134 1779 2209 expertem
1814 2131 1929 2192 sui.
1978 2129 2126 2204 Quin

68 2213 249 2275 etiam
279 2216 332 2275 si
372 2215 509 2291 quis
550 2217 880 2292 asperitate
911 2234 986 2278 ea
1014 2226 1112 2280 est
1153 2225 1215 2279 et
1254 2217 1621 2279 immanitate
1655 2224 1937 2288 naturae,
1988 2231 2129 2275 con·

62 2314 323 2372 gressus
353 2306 420 2360 ut
448 2299 761 2362 hominum
791 2300 980 2375 fugiat
1002 2309 1186 2377 atque
1211 2300 1435 2373 oderit,
1468 2302 1709 2376 qualem
1731 2300 1924 2360 luisse
1946 2299 2131 2359 Athe·

71 2380 162 2442 nis
207 2383 520 2443 Timonem
563 2385 775 2445 nescio
822 2402 1002 2460 quem
1056 2385 1439 2462 accepimus,
1492 2393 1692 2446 tamen
1735 2383 1787 2444 is
1831 2382 1957 2459 pati
2006 2398 2130 2442 non

67 2465 297 2541 possit,
347 2474 416 2528 ut
452 2485 575 2529 non
618 2467 901 2544 anquirat
939 2467 1200 2545 aliquem
1254 2471 1418 2546 apud
1460 2485 1641 2544 quem
1673 2475 1919 2529 evomat
1964 2447 2129 2525 virus

68 2548 414 2611 acerbitatis
464 2568 632 2613 suae.
707 2555 909 2630 Atque
959 2554 1078 2614 hoc
1125 2553 1386 2614 maxime
1430 2551 1824 2623 iudicaretur,
1877 2549 1930 2610 si
1984 2548 2129 2623 quid

68 2635 186 2693 tale
219 2642 438 2710 posset
471 2636 856 2712 contingere,
890 2644 957 2697 ut
986 2635 1204 2712 aliquis
1235 2655 1350 2698 nos
1382 2637 1536 2697 deus
1567 2652 1646 2696 ex
1677 2635 1792 2695 hac
1817 2633 2127 2695 hominum

68 2718 408 2794 frequentia
450 2722 689 2782 tolleret
730 2728 792 2781 et
827 2720 885 2781 in
929 2720 1256 2782 solitudine
1296 2719 1532 2797 uspiam
1577 2721 1909 2780 collocaret
1945 2724 2131 2791 atque

65 2799 146 2860 ibi
171 2802 572 2878 suppeditans
597 2802 864 2865 omnium
890 2821 1121 2877 rerum,
1155 2820 1311 2878 quas
1332 2812 1544 2864 natura
1570 2801 1911 2875 desiderat,
1944 2800 2132 2859 abun·

67 2883 332 2944 dantiam
388 2892 450 2945 et
489 2887 727 2963 copiam
769 2887 1030 2949 hominis
1081 2888 1327 2949 omnino
1369 2886 1708 2963 aspiciendi
1759 2889 2131 2961 potestatem

66 2966 348 3043 eriperet.
419 2969 563 3043 Quis
594 2978 715 3031 tam
751 2978 920 3032 esset
948 2973 1185 3032 ferreus
1219 2971 1322 3047 qui
1354 2988 1488 3031 eam
1520 2971 1696 3031 vitam
1723 2971 1881 3030 ferre
1913 2976 2133 3044 posset

64 3051 286 3127 cuique
319 3069 442 3114 non
476 3055 743 3115 auferret
784 3056 1044 3116 fructum
1086 3056 1465 3131 voluptatum
1511 3052 1779 3116 omnium
1819 3050 2132 3113 solitudo?

65 3131 166 3194 88.
210 3137 440 3197 Verum
485 3153 633 3213 ergo
677 3139 824 3199 illud
868 3150 994 3212 est,
1052 3140 1218 3214 quod
1261 3156 1298 3198 a
1340 3138 1665 3198 Tarentino
1708 3136 2015 3213 Archyta,
2066 3143 2132 3195 ul.

66 3215 312 3291 opinor,
355 3219 473 3281 dici
503 3219 748 3282 solitum
795 3232 1044 3284 nostros
1086 3239 1271 3284 senes
1303 3237 1786 3283 commemorare
1815 3217 2021 3279 audivi
2052 3217 2129 3276 ab

63 3295 194 3356 aliis
225 3299 473 3363 senibus
507 3296 809 3364 auditum:
853 3305 1108 3382 ‘siquis
1149 3306 1210 3367 in
1256 3307 1490 3367 caelum
1530 3304 1917 3367 ascendisset
1958 3315 2137 3363 natu-

211 3572 251 3592 h-
