2381 3723
94 191 164 248 49
878 181 1378 243 FRAGMENTA.
2043 183 2169 245 239

96 342 229 395 vent
267 337 394 395 eius
418 352 610 408 yemis
649 338 862 396 tutelae
888 352 1034 395 suae
1072 338 1566 396 commendatum.
1653 338 1869 397 XXIV.
1912 336 2013 396 49.
2084 336 2169 396 Te

94 434 279 490 vero,
318 417 399 478 M.
433 417 696 491 Scaure,
725 418 1005 493 equidem
1032 418 1230 493 video,
1264 419 1475 494 video,
1507 419 1784 495 inquam,
1816 438 1937 481 non
1963 419 2166 496 cogito

97 504 317 563 solum.
406 503 530 561 Nec
581 519 729 562 vero
780 502 914 562 sine
961 518 1181 577 magno
1239 501 1420 588 animi
1471 520 1748 564 maerore
1806 520 1879 564 ac
1934 504 2169 571 dolore.

99 603 286 662 quum
322 586 418 646 ‘tui
465 583 569 643 filii
622 587 978 660 squalorem
1032 586 1277 662 aspexi,
1343 587 1421 647 de
1462 594 1525 646 te
1575 590 1890 649 recordor.
1965 590 2173 661 Atque

97 670 324 730 utinam
343 717 357 743 ,
391 668 549 730 sicut
579 668 723 728 mihi
752 676 882 730 tota
907 669 967 729 in
998 670 1331 730 hac‘causa
1359 678 1643 732 versatus
1675 678 1816 732 ante
1850 672 2066 732 oculos
2089 689 2169 743 es,

97 754 189 815 sic
218 770 382 814 nunc
414 754 628 817 horum
674 762 736 814 te
768 753 996 814 offeras
1033 754 1340 815 mentibus
1386 751 1449 814 et
1477 754 1534 814 in
1569 756 1786 816 horum
1820 755 2035 816 animis
2068 756 2171 814 ad-

97 841 448 899 haerescas.
523 837 779 915 Species
811 837 1049 899 medius
1072 841 1257 911 fidius
1280 842 1423 912 viri,
1469 843 1571 900 cui
1603 844 1891 900 neminem
1921 841 2173 901 vidimus

90 939 305 999 parem
343 925 610 995 consilia,
658 925 981 997 gravitate,
1033 927 1365 984 constantia
1378 970 1392 997 ,
1445 927 1698 984 caeteris
1740 926 2043 985 virtutibus
2056 971 2071 997 ‚
2119 926 2176 983 si

86 1016 288 1085 posset
309 1010 656 1067 reviviscere
671 1052 685 1080 ,
714 1009 803 1067 sie
827 1023 1023 1067 omnes
1047 1014 1450 1080 commoveret,
1481 1015 1570 1080 ut,
1613 1010 1876 1083 quisquis
1904 1011 2173 1069 intuere-

97 1099 224 1164 tur,
264 1095 316 1152 is
344 1089 523 1150 etiam
562 1090 616 1150 si
648 1091 803 1150 sorte
831 1107 952 1151 non
987 1098 1234 1164 nosset,
1282 1100 1482 1151 tamen
1530 1089 1865 1167 principem
1911 1089 2171 1152 civitatis

100 1190 244 1235 esse
274 1173 522 1233 diceret.

227 1273 327 1331 50.
374 1273 506 1346 Quo
532 1281 591 1331 te
627 1289 789 1332 nuuc
820 1274 1004 1334 modo
1026 1274 1374 1350 appellem?
1424 1275 1505 1336 Ut
1532 1274 1880 1335 hominem?
1933 1274 2015 1332 At
2045 1289 2169 1333 non

101 1373 171 1416 es
194 1355 351 1415 inter
381 1370 516 1414 nos,
588 1356 668 1416 Ut
690 1359 1035 1418 mortuum?
1098 1358 1183 1418 At
1215 1356 1369 1419 vivis
1400 1366 1460 1417 et
1490 1356 1694 1434 viges:
1732 1365 1795 1418 at
1816 1357 1876 1416 in
1901 1354 2170 1418 omnium

99 1438 316 1500 animis
368 1448 552 1514 atque
606 1456 713 1500 ore
766 1440 1034 1502 versaris
1088 1449 1275 1516 atque
1327 1440 1568 1503 divinus
1626 1442 1863 1502 animus
1914 1441 2173 1515 mortale

100 1522 248 1583 nihil
291 1523 501 1582 habuit
544 1540 747 1598 neque
787 1532 1032 1585 tuorum
1078 1525 1415 1600 quidquam
1458 1525 1655 1602 potuit
1692 1524 1885 1587 emori
1929 1531 2173 1600 praeter

103 1623 364 1683 corpus:
410 1624 801 1683 quocumque
830 1607 1013 1683 igitur
1044 1616 1100 1669 te
1131 1610 1318 1670 modo
1346 1614 1652 1686 appellari
1675 1628 1876 1671 verum
1903 1616 2016 1682 est,
2048 1610 2153 1668 ad-

99 1695 183 1752 sis
209 1692 372 1752 nobis
397 1698 573 1766 atque
600 1694 768 1752 istam
805 1694 1383 1754 mendacissimorum
1410 1701 1469 1755 et
1494 1698 1915 1756 levissimorum
1945 1696 2170 1753 testium

100 1777 414 1836 vanitatem
465 1777 998 1851 impudentiamque
1045 1781 1205 1837 vultu
1247 1779 1375 1853 ipso
1419 1786 1774 1854 aspectuque
1814 1785 2169 1847 conterreas,

100 1860 268 1920 adsis
287 1866 345 1921 et
368 1859 588 1921 civibus
615 1864 704 1921 tui
726 1864 960 1922 consilii
970 1907 986 1934 ‚
1024 1864 1193 1922 euius
1222 1865 1588 1923 auctoritates
1615 1879 1934 1937 numquam
1949 1863 2172 1937 poeni-

101 1948 214 2004 tuit
226 1990 240 2017 ,
275 1944 600 2019 praeferas
620 1948 815 2005 lumen
828 1993 843 2019 ,
885 1951 950 2005 ut
969 1963 1043 2005 ne
1066 1962 1257 2019 oenus
1286 1953 1447 2005 tuum
1473 1949 1795 2019 ionominia
1832 1952 1890 2005 et
1913 1945 2172 2005 calami·-

100 2035 222 2088 tate
263 2029 638 2089 dehonestent
677 2046 820 2089 neve
856 2032 1043 2101 filium
1081 2036 1243 2088 tuum
1257 2075 1291 2105 ‚q
1324 2030 1495 2089 haud
1541 2029 1885 2103 deffenerem
1929 2028 2178 2103 paterni

99 2115 353 2172 nominis
380 2114 654 2175 heredem
669 2159 683 2186 ,
727 2115 1026 2173 sententiis
1054 2115 1175 2172 suis
1205 2114 1515 2187 adflioant.
1953 2122 1954 2125 ’

231 2210 330 2270 51.
375 2213 442 2270 In
475 2209 809 2271 Scauriana
836 2210 1180 2270 invenimus
1220 2208 1398 2269 istam
1433 2209 1866 2270 discretionem
1908 2207 1987 2268 de
2012 2208 2170 2267 Sar-

102 2297 201 2356 dis
233 2302 294 2354 et
320 2295 829 2369 Sardiniensibus,
872 2301 942 2355 ut
970 2294 1106 2355 illos
1143 2293 1410 2368 incolas,
1455 2293 1592 2354 illos
1623 2292 1897 2355 advenas
1933 2293 2171 2353 doceat.

105 2377 421 2445 [Pompeii
461 2379 808 2430 commentum
845 2378 983 2428 Artis
1019 2379 1200 2428 Donati
1237 2394 1293 2444 p.
1335 2377 1451 2445 108.
1490 2376 1746 2443 Lindem.]

270 2518 352 2568 17.
426 2516 666 2568 oaAT1o
702 2516 768 2567 ιΝ
802 2514 1060 2566 semro
1098 2499 1165 2587 mJ
1196 2513 1374 2565 “roca
1412 2514 1706 2566 cimmo».
1752 2514 2015 2566 cosma
2094 2484 2098 2488 ’

338 2598 394 2652 c.
433 2597 781 2650 amomum
816 2598 899 2647 Er
936 2597 995 2646 L.
1036 2595 1396 2646 οΑΤιιιΝΑΜ
1435 2595 1942 2648 COMPETITORES.

242 2696 323 2746 De
353 2695 451 2745 hae
484 2697 711 2746 oratione
746 2695 996 2745 Asconius
1027 2693 1153 2743 haee
1186 2692 1332 2742 dicit.-

242 2778 381 2829 Haec
416 2780 581 2847 oratio¹
613 2779 747 2830 dicta
784 2786 861 2828 est
898 2776 954 2825 L.
990 2775 1208 2826 Caesare
1245 2773 1297 2823 C.
1335 2773 1511 2841 Figulo
1546 2787 1679 2824 coss.
1723 2770 1802 2836 [a.
1842 2788 1893 2821 u.
1930 2787 1973 2823 c.
2017 2769 2176 2838 690.]

102 2857 227 2916 post
263 2862 448 2898 annum
482 2862 633 2911 quam
672 2862 764 2912 pro
801 2845 1032 2898 Cornelio
1071 2845 1286 2894 dixerat.

952 2962 1060 3002 Aac
1066 2960 1209 2999 mn·
1215 2959 1344 2998 TUM.

250 3040 353 3091 Sex
389 3043 743 3107 competitores
766 3043 827 3090 ‘in
865 3039 1164 3092 consulatus
1201 3040 1441 3108 petitione
1480 3036 1654 3086 Cicero
1691 3035 1886 3097 habuit,
1927 3035 2053 3085 duos
2088 3051 2177 3100 pa-

103 3111 317 3170 tricios,
354 3111 407 3159 P.
436 3110 719 3176 Sulpicium
748 3109 987 3170 Galbam,
1019 3109 1075 3160 L.
1101 3108 1338 3175 Sergium
1357 3105 1653 3158 Catilinam:
1683 3112 1916 3167 quattuor
1931 3103 2177 3168 plebeios,

104 3197 175 3232 ex
212 3180 396 3244 quibus
434 3181 534 3230 duo
568 3179 799 3238 nobiles,
850 3179 905 3229 G.
944 3179 1249 3237 Antonium,
1298 3177 1365 3226 Μ.
1406 3174 1611 3224 Antonii
1649 3173 1860 3222 oratoris
1896 3171 2084 3232 fllium,
2122 3170 2176 3220 L.

105 3250 344 3301 Cassium
373 3247 691 3315 Longinum,
730 3249 886 3308 duoS,
919 3248 1006 3310 qui
1042 3254 1236 3297 tantum
1270 3260 1369 3295 non
1404 3243 1556 3310 primi
1595 3257 1659 3292 ex
1692 3241 1901 3291 familiis
1932 3241 2039 3292 suis
2071 3255 2180 3290 ma·

142 3321 374 3369 ‘stratum
423 3318 596 3386 adepti
646 3325 818 3379 erant,
867 3316 925 3375 Q.
981 3315 1303 3366 Cornificium
1359 3322 1408 3362 et
1456 3312 1509 3366 C.
1550 3311 1800 3362 Licinium
1838 3310 2176 3360 Sacerdotem.

144 3389 260 3438 olus
299 3386 477 3438 Cicero
514 3402 580 3438 ex
617 3385 1027 3451 competitoribus
1064 3383 1286 3446 equestri
1331 3389 1436 3431 erat
1473 3381 1581 3431 loco
1619 3390 1767 3430 natus
1814 3386 1963 3441 atque
2001 3379 2052 3427 in
2089 3392 2178 3442 pe-

103 3459 286 3510 titione
331 3464 522 3523 patrem
571 3455 757 3506 amisit.
834 3453 1026 3504 Caeteri
1072 3453 1182 3502 eius
1230 3453 1583 3516 competitores
1621 3449 1844 3501 modeste
1882 3463 1939 3498 se
1973 3459 2175 3513 gessere

2357 1120 2381 1137 t
2354 710 2381 1091 annuunt-x·
