2381 3723
713 115 856 174 LIB.
888 118 929 173 Ι.
969 115 1144 176 *CAR
1181 128 1229 178 1.
1260 127 1313 178 2.
1360 127 1411 185 §-
1448 127 1637 180 1—6.
2175 119 2214 179 3

150 265 326 328 cium.
362 272 696 341 utrumque
724 273 894 326 certe
926 265 1126 327 secuti
1155 285 1390 328 sumus.
1477 271 1537 328 4.
1582 269 1881 342 Equidem
1927 277 1990 328 et
2013 270 2217 330 *Plato-

149 365 278 409 nem
305 348 627 421 existimo,
680 348 734 409 si
768 366 973 424 ¹genus
1012 352 1265 412 forense
1306 350 1549 411 dicendi
1583 359 1851 413 tractare
1893 352 2214 425 voluisset,

149 431 501 508 gravissime
551 439 613 492 et
662 432 1094 508 copiosissime
1135 435 1426 508 potuisse
1477 435 1686 495 dicere
1742 443 1806 496 et
1855 437 2215 497 Demosthe-

152 531 307 589 nem,
353 515 408 576 si
445 514 577 589 illa,
616 533 777 592 quae
807 533 843 575 a
868 516 1123 578 Platone
1158 516 1488 592 didicerat,
1522 519 1828 581 tenuisset
1856 526 1917 580 et
1945 536 2215 596 pronun·

155 598 297 659 ciare
320 597 640 674 voluisset,
669 606 887 661 ornate
908 599 1360 677 splendideque
1384 604 1587 664 saccne
1609 601 1909 679 potuisse.
1954 604 2214 664 Eodem-

155 700 259 758 que
290 684 477 757 modo
509 685 598 743 de'
620 682 954 745 Aristotele
984 692 1045 745 et
1084 686 1358 746 Isocrate
1380 685 1614 761 iudico,
1651 703 1923 762 quorum
1947 695 2214 762 uterque

154 782 253 826 suo
286 765 490 828 studio
529 767 873 833 delectatus
901 769 1276 844 contempsit
1302 771 1584 830 alterum.

254 851 326 909 Π.
417 849 543 911 Sed
592 869 782 925 quum
835 851 1188 915 statuissem
1245 852 1517 915 scribere
1562 855 1647 914 ad
1696 863 1756 915 te
1805 853 2037 930 aliquid
2091 855 2213 912 noc

153 938 445 1009 tempore,
492 937 683 997 multa
704 937 1004 1011 posthac,
1055 937 1132 996 ab
1168 954 1243 997 eo
1275 936 1473 998 ordiri
1507 938 1672 998 volui
1707 939 2008 1010 maxime,
2042 937 2211 1012 quod

155 1023 208 1076 et
242 1017 423 1078 aetati
452 1025 604 1078 tuae
654 1025 828 1080 esset
866 1018 1255 1095 aptissimum
1303 1029 1366 1081 et
1404 1020 1749 1082 auctoritati
1794 1037 1987 1082 meae.
2060 1020 2211 1079 Nam

154 1118 321 1176 quum
353 1104 544 1163 multa
583 1101 707 1165 sint
740 1102 800 1163 in
826 1102 1230 1179 philosophia
1264 1112 1326 1165 et
1365 1104 1575 1179 gravia
1616 1112 1682 1165 et
1719 1105 1887 1165 utilia
1921 1106 2211 1164 accurate

147 1185 519 1262 copioseque
557 1203 598 1249 a
639 1185 1024 1263 philosophis
1050 1187 1392 1264 disputata,
1434 1187 1731 1249 latissime
1761 1196 1974 1262 patere
2001 1187 2211 1246 viden-

146 1276 236 1328 tur
264 1286 381 1342 ea,
429 1286 597 1345 quac
639 1271 716 1330 de
761 1270 982 1331 officiis
1026 1271 1247 1333 tradita
1288 1273 1364 1331 ab
1409 1271 1527 1332 illis
1559 1279 1625 1332 et
1667 1278 1999 1347 praecepta
2049 1277 2210 1330 sunt.

144 1353 304 1415 Nulla
344 1353 512 1415 enim
556 1352 720 1415 vitae
748 1371 897 1430 pars
943 1371 1147 1430 neque
1178 1352 1440 1431 puhlicis
1471 1373 1676 1432 neque
1712 1355 1966 1432 privatis
2008 1370 2213 1429 neque

144 1437 486 1501 forensibus
518 1455 723 1513 neque
753 1437 1109 1501 domesticis
1148 1439 1211 1500 in
1240 1440 1427 1500 rebus
1459 1456 1692 1515 neque,
1740 1439 1791 1500 si
1822 1447 2024 1500 tecum
2060 1454 2209 1513 agas

141 1520 312 1597 quid,
342 1539 581 1597 neque,
613 1521 666 1585 si
701 1538 836 1585 cum
864 1525 1061 1583 altero
1098 1524 1459 1597 contrahaS,
1493 1539 1715 1585 vacare
1744 1523 1950 1584 officio
1982 1529 2209 1598 potest,

139 1604 192 1664 in
222 1621 427 1682 eoque
462 1612 527 1666 et
553 1607 816 1669 colendo
866 1605 983 1673 sita
1012 1607 1177 1667 vitae
1230 1615 1327 1667 est
1361 1609 1654 1668 honestas
1688 1607 1885 1668 omnis
1926 1614 1989 1667 et
2015 1605 2207 1682 negli-

137 1691 333 1764 gendo
368 1688 706 1765 turpitudo.
797 1691 856 1750 5.
897 1691 1109 1764 Atque
1140 1691 1295 1751 haec
1330 1690 1578 1766 quidem
1620 1691 1901 1767 quaestio
1941 1706 2209 1751 commu-

138 1772 223 1833 nis
270 1781 370 1835 est
409 1773 684 1836 omnium
730 1773 1263 1850 philosophorum.
1337 1774 1481 1849 Quis
1526 1783 1626 1836 est
1666 1776 1826 1836 enim
1879 1774 1985 1850 qui
2024 1773 2207 1833 nullis

139 1855 317 1918 officii
345 1857 702 1935 praeceptis
744 1857 1063 1924 tradendis
1099 1859 1538 1937 philosophum
1584 1877 1656 1921 se
1700 1860 1924 1920 audeat
1966 1856 2209 1918 dicere?

137 1940 257 2002 Sed
287 1948 435 2004 sunt
476 1959 603 2003 non
639 1944 841 2020 nullae
872 1941 1262 2018 disciplinae,
1317 1961 1482 2019 quae
1524 1942 1861 2018 propositis
1903 1942 2208 2002 bonorum

136 2033 191 2086 et
248 2027 549 2087 malorum
603 2024 828 2088 finibus
881 2026 1151 2087 officium
1228 2043 1410 2087 omne
1464 2031 1843 2102 pervertant.
1923 2026 2074 2084 Nam
2107 2023 2208 2097 qui

135 2125 440 2171 summum
472 2111 709 2172 bonum
763 2108 854 2170 sic
893 2108 1178 2183 instituit,
1239 2118 1309 2171 ut
1354 2108 1500 2170 nihil
1542 2108 1767 2169 habeat
1808 2125 1946 2169 oum
1986 2105 2209 2167 virtute

135 2190 525 2256 coniunctum
548 2190 739 2269 idque
761 2192 891 2254 suis
917 2192 1279 2269 commodiS,
1309 2210 1432 2254 non
1455 2194 1780 2255 honestate
1800 2192 2065 2265 metitur,
2088 2188 2207 2263 hic,

134 2274 182 2335 si
209 2275 330 2339 sibi
364 2276 503 2352 ipse
531 2276 879 2338 consentiat
911 2283 972 2338 et
998 2295 1127 2340 non
1157 2276 1461 2339 interdum
1488 2283 1746 2338 naturae
1776 2275 2049 2338 bonitate
2084 2274 2208 2334 viu-

135 2366 335 2434 catur‚
378 2377 583 2436 neque
613 2359 935 2424 amicitiam
965 2362 1174 2422 colere
1215 2361 1418 2440 possit
1448 2378 1565 2423 nec
1592 2359 1885 2422 iustitiam
1918 2375 2034 2421 nec
2061 2357 2209 2418 libe-

131 2443 464 2520 ralitatem,
496 2444 672 2508 fortis
710 2462 859 2506 vero
893 2445 1172 2506 dolorem
1205 2462 1507 2507 summum
1537 2447 1763 2505 malum
1790 2442 2211 2523 iudicansaut

134 2535 483 2605 temperans
515 2530 892 2605 voluptatem
927 2545 1230 2590 summum
1260 2530 1491 2591 bonum
1527 2535 1807 2589 statuens
1854 2545 1998 2590 esse
2042 2532 2209 2585 certe

133 2614 296 2673 nullo
323 2614 512 2696 modo
534 2620 768 2689 potest.
859 2612 918 2673 6.
957 2614 1124 2688 Quae
1156 2628 1529 2689 quamquam
1550 2610 1635 2671 ita
1659 2610 1864 2672 sintin
1897 2616 2208 2686 promptu,

132 2703 195 2755 ut
224 2714 330 2759 res
367 2695 786 2773 disputatione
816 2713 941 2758 non
975 2704 1180 2772 egeat,
1219 2704 1422 2758 tamen
1452 2701 1596 2757 sunt
1628 2712 1665 2755 a
1694 2693 1875 2755 nobis
1910 2693 2029 2755 alio
2065 2695 2206 2753 loco

135 2779 460 2858 disputata.
541 2782 674 2844 Hae
700 2779 1061 2855 disciplinae
1080 2779 1285 2856 igitur,
1309 2779 1371 2842 -si
1399 2777 1516 2841 sibi
1539 2785 1996 2840 consentaneae
2020 2775 2210 2838 velint

134 2878 302 2939 esse,
349 2865 427 2925 de
459 2863 667 2930 officio
699 2862 843 2926 nihil
881 2871 1109 2940 queant
1140 2864 1377 2938 dicere,
1420 2880 1625 2940 neque
1654 2864 1780 2926 ulla
1810 2861 2001 2925 officii
2035 2878 2210 2939 prae-

134 2956 307 3025 cepta
337 2948 551 3022 firma,
596 2946 865 3022 stabilia,
911 2947 1239 3011 coniuncta
1277 2955 1532 3009 naturae
1576 2946 1739 3008 tradi
1778 2954 2049 3025 possunt
2091 2944 2211 3006 nisi

134 3039 228 3093 aut
250 3034 339 3093 ab
368 3031 474 3107 iis,
531 3030 636 3108 qui
658 3034 894 3105 solam,
949 3039 1055 3092 aut
1095 3031 1172 3091 ab
1211 3030 1313 3106 iis,
1376 3030 1483 3109 qui
1522 3030 1784 3093 maxime
1824 3034 2210 3095 honestatem

136 3125 385 3192 propter
435 3134 506 3180 se
558 3114 764 3181 dicant
821 3117 1256 3194 expetendam.
1328 3118 1418 3178 Ita
1467 3116 1719 3193 propria
1766 3123 1866 3177 est
1914 3131 1987 3176 ea
2038 3126 2210 3188 prae-

139 3201 333 3276 ceptio
366 3198 754 3276 Stoicorum‚
798 3198 1344 3273 Academicorum,
1396 3199 1965 3276 Peripateticorum,
2018 3211 2211 3269 quon-

138 3281 243 3347 iam
272 3284 624 3360 AristoniS,
678 3282 1048 3364 PyrrhoniS,
1099 3282 1309 3345 Herilli
1348 3282 1467 3344 iam
1498 3281 1737 3358 pridem
1782 3281 2042 3351 explosa
2069 3291 2207 3334 sen-

140 3367 319 3431 tentia
348 3377 474 3443 est,
509 3369 614 3446 qui
634 3377 835 3431 tamen
857 3369 1156 3431 haberent
1177 3366 1273 3428 ius
1298 3384 1477 3426 suum
1497 3356 1857 3488 1(ἰίεριιιείιιὲιῃᾱί
1877 3359 1957 3415 de
1980 3352 2208 3421 officio,
