2381 3723
705 118 926 177 LlB.1.
972 117 1357 182 CAP.4—-6.
1404 128 1456 188 s.
1499 127 1759 182 13—19.
2227 116 2280 183 7·

183 269 374 332 simus
405 270 523 329 rite
551 267 761 330 haberi
794 271 972 330 solet.
1047 268 1352 344 Quocirca
1378 270 1522 331 huic
1550 270 1724 347 quasi
1756 269 2036 343 materia,
2086 289 2267 346 quam

185 360 400 415 tractet
425 361 490 413 et
518 353 574 415 in
611 369 734 428 qua
761 361 1061 426 versetur,
1093 353 1372 415 subiecta
1395 363 1492 416 est
1515 353 1767 415 veritas.
1861 356 1954 414 17.
1995 355 2268 429 Reliquis

187 446 389 499 autem
424 435 625 499 tribus
665 435 995 498 virtitutibus
1024 437 1430 499 necessitates
1471 438 1832 514 propositae
1879 445 2022 497 sunt
2052 439 2130 498 ad
2163 455 2270 499 eas

187 539 285 582 rcs
332 523 646 598 parandas
679 522 1100 598 tuendasque,
1152 521 1375 598 quibus
1421 521 1581 583 actio
1613 521 1775 582 vitae
1805 521 2171 595 continetur,
2204 530 2272 584 ut

188 614 247 665 et
286 605 561 667 societas
604 604 919 666 hominum
973 605 1453 682 coniunctioque
1504 613 1789 668 servetur
1832 613 1894 666 et
1943 605 2125 666 animi
2168 623 2271 666 ex·

187 690 470 750 cellentia
507 687 994 766 magnitudoque
1039 707 1225 766 quum
1280 689 1340 749 in
1392 689 1690 772 augendis
1743 690 1966 766 opibus
2007 688 2271 751 utilitati·

184 774 441 848 busque
477 781 539 834 et
577 772 697 834 sibi
736 781 801 834 et
840 773 972 835 suis
1003 771 1441 851 comparandis
1480 784 1602 835 tum
1634 775 1825 835 multo
1858 772 2051 849 magis
2082 773 2143 834 in
2174 773 2269 834 his

182 856 345 933 ipsis
393 856 807 934 despiciendis
863 859 1119 918 eluceat.
1211 859 1375 920 Ordo
1426 864 1630 919 autem
1688 865 1750 918 et
1804 856 2150 920 constantia
2211 865 2272 917 et

184 941 533 1003 moderatio
564 948 628 1002 et
658 958 762 1014 ea,
817 958 978 1017 quae
1016 949 1158 1002 sunt
1188 941 1285 1003 his
1326 941 1575 1015 similia,
1613 949 1940 1003 versantur
1966 940 2026 1001 in
2059 957 2134 1002 eo
2169 957 2270 1019 ge-

182 1041 372 1097 nere,
437 1026 517 1085 ad
558 1027 727 1101 quod
770 1032 868 1086 est·
907 1026 1258 1087 adhibenda
1302 1025 1461 1087 actio
1497 1026 1831 1100 quaedam,
1888 1040 2013 1086 nou
2068 1026 2272 1087 solum

186 1107 413 1173 mentis
446 1108 716 1184 agitatio.
791 1108 903 1170 His
949 1107 1110 1170 enim
1159 1111 1381 1183 rebuS,
1443 1125 1605 1185 quae
1634 1116 1974 1170 tractantur
2021 1107 2079 1168 in
2128 1107 2268 1181 vita,

184 1194 447 1254 modum.
484 1193 811 1267 quemdam
858 1201 920 1254 et
950 1193 1228 1255 ordinem
1262 1192 1624 1255 adhibentes
1658 1193 2042 1252 honestatem
2074 1199 2136 1252 et
2171 1193 2272 1252 de·

183 1294 297 1339 cus
342 1274 878 1343 conservabimus.

308 1360 414 1419 Vi.
470 1359 567 1427 118.
652 1361 746 1421 Ex·
779 1368 1070 1436 quattuor
1097 1369 1301 1422 autem
1346 1360 1529 1435 locis,
1590 1359 1650 1421 in
1698 1377 1860 1436 quos
1893 1359 2140 1422 honesti
2170 1375 2273 1420 na-

184 1453 387 1506 turam
424 1442 681 1520 vimque
704 1443 1052 1518 divisimuS,
1101 1445 1335 1521 primus
1365 1444 1496 1520 ille,
1532 1444 1637 1522 qui
1664 1444 1726 1505 in
1757 1443 1889 1506 veri
1920 1443 2272 1521 cognitione

186 1522 508 1602 censistit,
545 1527 806 1593 maxime
836 1537 1115 1590 naturam
1152 1529 1393 1606 attingit
1420 1529 1769 1590 humanam.
1849 1527 2075 1589 Omnes
2108 1527 2271 1590 enim

184 1612 487 1675 trahimur
515 1618 578 1672 et
600 1611 879 1674 ducimur
906 1613 995 1673 ad>
1027 1611 1398 1689 cognitionis
1428 1620 1491 1674 et
1524 1612 1819 1674 scientiae
1853 1611 2271 1689 cupiditatem,

181 1697 241 1757 in
289 1713 418 1772 qua
455 1698 762 1757 excellere
792 1699 1072 1772 pul-crum
1102 1704 1421 1772 putamUS,
1474 1696 1593 1758 labi
1622 1705 1844 1768 autem,
1894 1713 2131 1769 errare,
2171 1711 2273 1755 ne-

183 1780 381 1846 scire,
441 1779 642 1856 decipi
687 1789 748 1841 et
787 1782 1010 1841 maium
1053 1788 1116 1841 et
1165 1787 1348 1858 turpe
1389 1780 1691 1857 ducimuS.
1771 1782 1837 1841 In
1888 1781 2009 1842 hoc
2044 1795 2275 1855 genere

186 1874 255 1926 ct·
277 1863 545 1925 naturali
579 1872 641 1925 et
672 1865 937 1927 honesto
976 1867 1099 1928 duo
1130 1865 1277 1926 vitia
1305 1865 1556 1927 vitanda
1586 1873 1759 1926 sunt:
1805 1882 2014 1938 unum,
2067 1879 2147 1924 ne
2189 1861 2276 1922 in-

186 1948 441 2025 cognita
474 1965 590 2025 pro
632 1948 891 2023 cognitis
937 1950 1276 2030 habeamus
1306 1949 1508 2025 iisque
1558 1956 1793 2009 temere
1823 1947 2272 2008 adsentiamur:

185 2033 366 2109 quod
397 2030 610 2093 vitium
642 2032 920 2109 effingere
949 2033 1053 2109 qui
1096 2036 1294 2107 volet,
1346 2049 1565 2094 omnes
1600 2039 1804 2091 autem
1835 2031 1995 2091 velle
2027 2030 2275 2102 debent,

183 2114 507 2177 adhibebit
555 2116 636 2176 ad
683 2116 1170 2178 considerandas
1208 2133 1325 2178 res
1371 2123 1435 2177 ct
1484 2124 1727 2191 tempus
1773 2122 1834 2176 et
1884 2112 2275 2190 diligentiam.

189 2201 294 2261 19.
339 2195 621 2261 Alterum
667 2207 763 2266 est
801 2199 1042 2276 vitium,
1099 2203 1270 2277 quod
1316 2200 1562 2276 quidam
1606 2198 1786 2261 nimis
1818 2216 2106 2276 magnum
2149 2205 2272 2259 st-u-

186 2284 359 2345 dium
389 2285 767 2359 multamque
790 2301 1046 2361 operam
1069 2283 1133 2345 in
1155 2302 1270 2347 ress
1283 2286 1583 2347 obscuras
1609 2292 1794 2361 atque
1825 2282 2107 2344 difficiles
2134 2298 2277 2343 con-

140 2441 145 2446 ,
185 2370 397 2429 rerunt
433 2368 815 2444 easdemque
851 2386 975 2430 non
1009 2369 1420 2431 necessarias.
1495 2368 1736 2446 Quibus
1765 2366 1926 2429 vitiis
1957 2363 2277 2428 declinatis

189 2453 366 2528 quod
409 2451 470 2512 in
502 2452 701 2513 rebus«
730 2450 1013 2514 honestis
1045 2462 1115 2513 etr
1149 2452 1506 2534 cognitione
1545 2451 1750 2529 dignis
1794 2468 2023 2528 operae
2053 2466 2277 2511 curae-

192 2552 317 2611 que
359 2543 659 2612 ponetur,
714 2536 775 2596 id
806 2536 938 2597 iure
975 2536 1350 2610 laudabitur,
1404 2543 1473 2598 ut
1510 2536 1570 2597 in
1608 2535 1943 2618 astrologia
1960 2536 2037 2595 Ὀ.
2078 2532 2280 2609 Sulpi-

190 2620 352 2682 cium
389 2618 769 2693 audivimus,
809 2620 869 2680 in
899 2621 1238 2704 geometria
1273 2621 1419 2682 Sex.
1450 2618 1809 2695 Pompeium
1837 2616 1957 2694 ipsi
1989 2615 2282 2692 cognovi·

189 2721 361 2776 mus,
394 2706 628 2765 multos
655 2702 720 2764 in
749 2702 1116 2779 dialecticis,
1148 2707 1362 2783 plures
1394 2705 1456 2767 in
1485 2702 1620 2766 iure
1643 2701 1831 2764 civili:
1878 2717 2037 2777 quae
2059 2716 2279 2762 omnes

188 2795 359 2849 anes
392 2786 455 2848 in
484 2786 617 2850 veri
649 2786 1124 2865 investigatione
1158 2796 1520 2863 versantur,
1566 2786 1753 2848 cuius·
1783 2784 1994 2849 studio
2023 2802 2058 2846 a
2092 2785 2280 2868 rebus

188 2872 489 2948 gerendis
535 2872 761 2933 abduci
816 2880 1032 2935 contra
1083 2870 1360 2935 officium·
1412 2881 1528 2948 ests.
1616 2870 1876 2933 Virtutis
1933 2870 2093 2932 enim
2145 2872 2279 2929 laus

190 2953 394 3018 omnis
427 2955 485 3015 in
511 2956 756 3017 actione
788 2955 1100 3019 consistit:
1144 2973 1181 3017 a
1214 2973 1337 3032 qua
1357 2964 1567 3018 tamen*
1596 2957 1666 3017 fit
1693 2955 2065 3018 intermissio
2090 2968 2284 3027 saepe

188 3038 492 3116 multicano
523 3041 747 3101 dantur
777 3041 861 3101 ad-
880 3040 1088 3103 studia
1112 3041 1381 3114 reditus,
1412 3049 1542 3102 tum
1573 3039 1823 3116 agitatio
1843 3038 2089 3110 mentis,
2123 3051 2283 3111 quae

190 3140 527 3200 numquam
563 3124 921 3200 acquiescit,
956 3131 1177 3201 potest·
1199 3141 1321 3186 ¹nos
1354 3122 1416 3185 in
1450 3124 1671 3186 stufflis
1696 3120 2067 3201 cognitionis
2101 3118 2283 3179 etiam

190 3209 327 3270 eine
358 3224 557 3285 opera
581 3216 798 3270 nostra
833 3208 1173 3271 continere.
1248 3207 1457 3269 Omnis
1490 3216 1692 3269 autem
1725 3205 2015 3284 cogitatio
2046 3209 2286 3262 motus-

191 3310 314 3368 que
350 3290 543 3353 anirni
592 3292 792 3354 autin
848 3292 1124 3353 consiliis
1164 3291 1483 3367 capiendis
1530 3291 1609 3350 de
1657 3290 1843 3348 rebus
1892 3282 2175 3378 honestis
2212 3288 2286 3371 ⁸et

191 3374 644 3451 pertinentibus
700 3377 781 3437 ad
834 3377 997 3437 bene
1048 3376 1358 3449 beateque
1411 3371 1739 3432 vivendum
1788 3373 1901 3424 aut>
1942 3381 2004 3421 m
2064 3361 2281 3420 studiis
