2381 3723
135 118 216 182 82
945 119 1048 180 DE
1085 120 1407 182 OFFICIIS

135 289 251 334 nus
271 317 287 345 ,
320 271 487 348 quod
527 271 588 331 in
620 269 923 333 divisione
951 271 1221 332 Panaetii
1249 271 1493 332 tertium
1523 278 1653 344 est,
1708 287 1786 331 an
1817 273 1999 347 plane
2039 268 2210 333 omit·

137 356 413 429 tendum,
466 357 723 417 alterum
766 354 1029 416 dubitari
1068 371 1194 416 non
1232 361 1444 433 potest
1494 354 1641 431 quin
1683 370 1720 413 a
1746 354 2034 416 Panaetio
2072 372 2212 417 sus·

136 447 380 516 ceptum
424 438 532 512 sit,
585 438 698 500 sed
752 437 1045 499 relictum.
1120 439 1273 501 Nam
1323 438 1428 513 qui
1477 455 1512 498 e
1566 436 1869 499 divisione
1910 437 2214 514 tripertita

135 525 289 584 duas
331 530 540 599 partes
582 521 948 593 absolverit,
997 520 1139 582 huic
1192 538 1455 584 necesse
1508 528 1608 583 est
1659 527 1897 583 restare
1950 521 2213 586 tertiam.

131 607 456 666 Praeterea
488 604 549 665 in
585 611 860 667 extremo
892 604 1045 666 libro
1077 605 1258 667 tertio
1305 606 1384 668 de
1426 606 1543 666 hac
1577 612 1751 681 parte
1780 604 2108 680 pollicetur
2139 622 2213 668 se

134 690 428 765 deinceps
463 704 607 750 esse
637 688 962 749 dicturum.
1055 688 1151 750 10.
1196 690 1457 751 Accedit
1479 690 1701 750 eodem
1727 689 1900 750 testis
1921 690 2212 764 locuples

131 770 502 834 Posidonius
520 818 536 845 ‚
568 773 670 848 qui
703 771 883 832 etiam
912 771 1125 834 scribit
1150 772 1213 834 in
1246 773 1510 848 quadam
1539 771 1801 850 epistola
1827 772 1892 832 P.
1917 773 2211 834 Rutilium

133 858 357 917 Rufum
379 855 586 917 dicere
609 857 831 930 solere,
857 855 961 932 qui
981 856 1345 918 Panaetium.
1364 855 1657 930 audierat,
1688 862 1779 917 ‘ut
1799 872 1982 918 nemo
2008 856 2213 931 pictor

135 946 306 1002 esset
333 938 636 1011 inventus,
669 940 772 1016 qui
807 939 866 1000 in
893 940 1021 1001 Coa
1050 941 1297 1002 Venere
1333 956 1468 1002 eam
1499 946 1766 1016 partem,
1808 955 1992 1016 quam
2021 942 2211 1016 Apel-

135 1026 224 1084 les
260 1023 606 1085 inchoatam
645 1022 1025 1099 reliquisset,
1065 1023 1479 1100 absolvet-ev,
1505 1056 1593 1069 —-
1624 1023 1749 1086 oris
1792 1023 1954 1084 enim
1984 1024 2210 1100 pulcri-

137 1108 283 1169 tudo
328 1105 547 1183 reliqui
589 1107 871 1183 corporis
911 1106 1182 1168 imitandi
1216 1123 1395 1182 spem
1445 1108 1763 1169 auferebat
1800 1140 1899 1180 -,
1948 1106 2077 1168 ‘sic
2110 1124 2208 1181 ea,

137 1207 294 1267 quae
322 1193 647 1253 Panaetius
677 1189 1198 1268 praetermisisset
1227 1198 1290 1252 et
1328 1208 1452 1252 non
1496 1190 1890 1267 perfecisset,
1947 1198 2203 1267 propter

134 1292 379 1349 eorum,
430 1291 591 1351 quae
621 1274 1016 1351 perfecisset,
1064 1273 1500 1352 praestantiam
1543 1273 1847 1335 neminem
1889 1290 2034 1335 esse
2066 1287 2207 1350 per·

134 1366 436 1420 secutum.
437 1361 462 1392 ’

253 1442 352 1502 lll.
398 1443 495 1501 11.
585 1441 774 1515 Quam
820 1442 899 1502 ob
931 1457 1062 1502 rem
1109 1443 1187 1502 de
1228 1440 1453 1503 iudicio
1485 1440 1753 1501 Panaetii
1786 1439 2048 1502 dubitari
2076 1459 2205 1503 non

131 1531 367 1602 potest,
399 1530 647 1585 rectene
678 1532 882 1586 autem
904 1525 1062 1586 hanc
1092 1523 1333 1587 tertiam
1363 1531 1601 1601 partem
1646 1524 1726 1583 ad
1757 1508 2204 1600 exquirendum

133 1607 401 1669 officium
429 1606 774 1669 adiunxerit
798 1624 875 1668 an
899 1624 1117 1681 secus,
1152 1609 1231 1669 de
1259 1624 1336 1670 eo
1360 1610 1626 1670 sortasse
1653 1607 1949 1683 disputari
1973 1616 2200 1684 potest.

130 1693 278 1752 Nam
321 1692 454 1752 sive
498 1690 824 1752 honestum
873 1692 1074 1752 solum
1121 1693 1353 1753 bonum
1404 1698 1525 1765 est,
1584 1699 1651 1752 ut
1701 1690 1924 1752 Stoicis
1975 1694 2202 1768 placet,

132 1775 294 1849 sive,
329 1775 497 1850 quod
526 1774 854 1837 honestum
888 1781 1013 1847 est,
1055 1774 1119 1835 id
1147 1774 1233 1835 ita
1262 1792 1566 1836 summum
1593 1775 1822 1836 bonum
1859 1783 1983 1845 est,
2018 1792 2201 1850 quem

133 1860 211 1920 ad
240 1859 492 1922 modum
521 1857 934 1936 Peripateticis
964 1857 1189 1922 vestris
1221 1859 1492 1933 videtur,
1546 1868 1616 1920 ut
1651 1860 1857 1920 omnia
1890 1876 1969 1920 ex
2010 1861 2204 1921 altera

135 1952 306 2021 parte
355 1945 658 2006 collocata
700 1943 807 2005 vix
855 1943 1082 2005 minimi
1119 1943 1409 2005 momenti
1452 1943 1645 2005 instar
1684 1941 1978 2016 habeant,
2029 1944 2181 2004 dubi

133 2029 385 2090 tandum
415 2046 539 2091 non
565 2035 662 2090 est
692 2028 836 2105 quin
870 2044 1201 2102 numquam
1225 2027 1426 2104 possit
1452 2026 1677 2088 utilitas
1708 2043 1844 2088 cum
1876 2028 2203 2089 honestate

134 2114 527 2174 contendere.
602 2113 815 2188 ltaque
857 2111 1210 2188 accepimus
1241 2111 1560 2173 Socratem
1600 2111 1912 2171 exsecrari
1952 2111 2199 2177 solitum

133 2212 276 2269 eoS,
310 2194 416 2271 qui
446 2195 703 2269 primum
733 2195 886 2255 haec
915 2201 1131 2256 natura
1161 2194 1553 2256 cohaerentia
1577 2193 1864 2270 opinione
1887 2193 2178 2256 distraxis

133 2286 291 2339 sent.
366 2279 473 2339 Cui
523 2277 766 2354 quidem
810 2279 893 2338 ita
924 2286 1070 2342 sunt
1102 2278 1293 2340 Stoici
1324 2278 1607 2352 adsensi,
1659 2284 1726 2339 ut
1759 2286 1848 2353 et,
1900 2277 2204 2355 quidquid

132 2362 460 2423 honestum
491 2368 689 2435 esset,
735 2361 798 2421 id
827 2362 974 2422 utile
1006 2379 1149 2423 esse
1182 2370 1511 2423 censerent
1541 2378 1655 2424 nec
1686 2362 1833 2423 utile
1864 2360 2201 2438 quidquam

134 2445 302 2519 quod
345 2461 469 2506 non
511 2445 858 2507 honestum.
950 2444 1046 2505 12.
1092 2446 1269 2520 Quod
1301 2445 1355 2508 si
1392 2445 1446 2507 is
1489 2453 1657 2508 esset
1692 2445 2047 2520 PanaetiuS,
2100 2445 2204 2522 qui

135 2528 415 2589 virtutem
457 2537 789 2606 propterea
817 2531 1138 2591 colendam
1170 2530 1432 2605 diceret,
1476 2530 1641 2605 quod
1676 2546 1750 2590 ea
1784 2528 2061 2591 efficiens
2093 2529 2205 2591 uti-

132 2612 313 2675 litatis
351 2621 549 2688 esset,
596 2620 665 2676 ut
690 2613 759 2688 ii,
814 2612 917 2690 qui
946 2629 1047 2674 res
1087 2613 1468 2689 expetendas
1505 2615 1602 2674 vel
1640 2614 1957 2689 voluptate
1987 2615 2086 2673 vel
2118 2612 2204 2673 in-

133 2697 402 2760 dolentIa
455 2698 812 2772 metiuntur,
870 2696 1082 2759 liceret
1130 2697 1186 2758 ei
1242 2696 1448 2757 dicere
1498 2695 1811 2758 utilitatem
1868 2696 2203 2774 aliquando

133 2798 268 2842 cum
313 2783 638 2844 honestate
680 2797 976 2859 pugnare.
1051 2781 1207 2853 Sed,
1259 2796 1447 2857 quum
1481 2780 1563 2841 sit
1598 2780 1683 2851 is,
1754 2780 1861 2856 qui
1898 2779 1961 2840 id
1999 2781 2204 2842 solum

132 2866 362 2927 bonum
412 2865 671 2938 iudicet,
731 2866 901 2942 quod
942 2865 1272 2926 honestum
1325 2863 1422 2938 sit,
1474 2880 1635 2939 quae
1685 2872 1886 2925 autem
1937 2863 2079 2924 huic
2110 2880 2205 2925 re-

134 2956 408 3026 pugnent
437 2948 649 3026 specie
694 2950 958 3026 quadam
991 2947 1296 3022 utilitatiS,
1339 2964 1553 3010 eorum
1594 2963 1801 3023 neque
1838 2945 2205 3009 accessione

133 3034 448 3095 meliorem
484 3032 669 3093 vitam
707 3034 840 3096 fieri
869 3049 984 3094 nec
1020 3031 1389 3094 decessione
1435 3031 1740 3107 peiorem,
1792 3047 1916 3093 non
1956 3030 2206 3092 videtur

133 3118 424 3180 debuisse
454 3115 587 3178 eius
611 3117 778 3178 modi
807 3114 1306 3177 deliberationem
1334 3115 1754 3189 introducere,
1787 3113 1847 3174 in
1877 3130 1999 3190 qua
2030 3116 2205 3190 quod

133 3201 277 3260 utile
309 3200 619 3261 videretur
653 3215 792 3260 cum
826 3216 930 3271 eo,
981 3200 1148 3275 quod
1185 3200 1513 3262 honestum
1542 3208 1669 3273 est,
1716 3205 2201 3275 compararetur.

137 3281 234 3344 13.
278 3282 514 3344 Etenim
556 3283 724 3358 quod
771 3298 1074 3343 summum
1125 3284 1357 3344 bonum
1397 3300 1435 3344 a
1483 3282 1708 3344 Stoicis
1746 3282 1996 3355 dicitur,
2056 3298 2202 3343 eon·

135 3363 451 3425 venienter
478 3372 733 3427 naturae
763 3364 1004 3438 vivere,
1045 3365 1107 3425 id
1138 3366 1324 3426 habet
1356 3366 1542 3440 hanc,
1574 3373 1643 3427 ut
1672 3364 1924 3442 opinor,
1953 3373 2197 3427 senten·
