2381 3723
592 165 839 224 LIB.11.
887 165 1274 253 CAP.·1‘—·9.
1318 174 1371 234 s.
1408 174 1667 228 25—31.
2081 166 2164 227 59

109 312 409 389 improbos
442 313 609 373 venit
637 314 964 374 hereditas.
1055 315 1156 376 29.
1198 318 1323 376 Nec
1358 331 1505 374 vero
1546 331 1834 389 umquam
1868 315 2160 377 bellorum

107 395 353 456 civilium
378 412 593 457 semen
626 404 688 461 et
717 413 906 457 causa
933 396 1151 471 deerit,
1188 398 1329 460 dum
1359 397 1639 456 homines
1671 396 1890 470 perditi
1928 399 2163 457 hastam

106 479 250 539 illam
283 487 600 539 cruentam
645 488 707 540 et
740 478 1120 540 meminerint
1166 488 1229 547 et
1262 481 1628 556 sperabunt,
1684 497 1863 555 quam
1900 480 1965 539 P.
1999 481 2167 540 Sulla

108 579 278 636 quum
330 562 647 623 vibrasset
688 562 986 623 dictatore
1038 564 1384 640 propinquo
1430 581 1579 636 suc,
1634 562 1794 623 id'em
1851 569 2030 624 sexto
2069 564 2166 624 tri-

106 646 319 706 cesimo
366 661 535 706 anno
579 655 723 722 post
761 662 797 706 a
838 645 1234 707 sceleratiore
1280 648 1455 707 hasta
1501 663 1624 707 non
1669 647 1955 720 recessit,
2015 649 2167 707 alter

105 737 324 801 autem,
370 730 479 804 qui
523 727 582 788 in
625 728 727 788 illa
772 730 1070 789 dictatura
1100 728 1303 790 scriba
1332 731 1555 801 fuerat,
1598 727 1657 789 in
1689 730 1804 791 hac
1838 730 1945 790 suit
1983 745 2163 804 quae-2

104 818 223 873 stor
249 813 553 872 urbanus.
630 813 719 871 Ex
757 828 879 887 quo
921 813 1106 873 debet
1141 813 1390 889 intelligi
1439 813 1658 873 talibus
1698 813 1983 887 praemiis
2026 829 2176 893 pro—0

104 895 307 970 positis
366 911 704 970 numquam
770 896 1052 956 defutura
1113 898 1272 957 bella
1336 895 1550 956 civilia.
1640 898 1850 971 ltaque
1899 898 2164 973 parietes

104 981 275 1039 modo
308 978 488 1038 urbis
522 985 684 1038 stant
714 986 777 1038 ct
807 987 1081 1051 manent,
1133 979 1298 1054 iique
1328 978 1448 1056 ipsi
1477 978 1592 1038 iam
1628 987 1900 1039 extrema
1930 981 2167 1041 scelera

105 1069 473 1135 metuenteS,
517 1079 644 1122 rem
679 1079 825 1123 vero
859 1063 1161 1139 publicam
1192 1063 1435 1139 penitus
1465 1061 1797 1123 amisimus.
1870 1065 2075 1138 Atque
2105 1061 2165 1122 in

103 1147 202 1206 has
248 1146 464 1207 clades
511 1144 943 1207 incidimus—
973 1147 1354 1207 redeundum
1408 1151 1504 1207 est
1554 1143 1715 1204 enirn
1767 1146 1841 1204 ad
1887 1145 2166 1221 proposi-

104 1237 221 1290 tum
248 1263 354 1302 —,
390 1229 539 1289 dum
571 1228 754 1290 metui
792 1247 973 1303 quam
1000 1229 1123 1289 cari
1153 1246 1296 1290 esse
1332 1236 1393 1290 et
1425 1227 1588 1304 diligi
1613 1230 1933 1288 malumuS.
2001 1229 2166 1302 Quae

105 1313 152 1373 si
200 1314 439 1389 populo
487 1315 765 1374 Romano
820 1313 1042 1374 iniuste
1093 1312 1413 1388 imperanti
1477 1310 1760 1373 accidere
1814 1318 2165 1388 potuerunt,

104 1396 237 1472 quid
282 1397 517 1455 debent
568 1404 784 1472 putare
836 1397 1103 1473 singuli?
1176 1398 1354 1472 Quod
1405 1413 1591 1470 quum
1641 1394 2033 1473 perspicuum
2090 1392 2170 1454 sit

104 1477 565 1540 benevolentiae
605 1479 722 1538 vim
753 1497 897 1540 esse
932 1497 1242 1555 magnam,
1289 1487 1487 1541 metus
1530 1479 1920 1553 imbecillam,
1968 1476 2168 1553 sequi·

105 1570 194 1623 tur
213 1571 283 1623 ut
304 1563 688 1624 disseramus
713 1563 935 1639 quibus
959 1564 1143 1624 rebus
1169 1563 1448 1624 facillime
1474 1563 1785 1639 possimus
1817 1580 1952 1623 eam
1985 1578 2167 1637 quam

106 1648 406 1708 volumus·
437 1645 691 1722 adipisci
737 1663 874 1707 cum
925 1649 1164 1708 honore
1208 1655 1269 1708 et
1306 1648 1427 1708 fide
1472 1646 1803 1707 caritatem.
1894 1647 1995 1707 30.
2042 1645 2165 1706 Sed

105 1746 172 1788 ea
197 1747 316 1790 non
348 1730 585 1807 pariter
627 1747 841 1791 omnes
876 1747 1149 1806 egemus.
1224 1732 1371 1794 Nam
1410 1733 1486 1790 ad
1532 1731 1829 1806 cuiusque
1867 1729 2051 1789 vitam
2081 1728 2166 1787 in-

108 1812 363 1875 stitutam
407 1814 997 1876 accommodandum
1044 1822 1139 1875 est
1167 1831 1203 1875 a
1244 1814 1527 1876 multisne
1565 1831 1723 1890 opus
1776 1813 1854 1875 sit
1897 1830 1972 1874 an
2019 1810 2167 1872 satis

110 1896 182 1956 sit
213 1914 246 1956 a
282 1897 504 1973 paucis
547 1896 732 1973 diligi.
805 1900 1043 1959 Certum
1072 1898 1253 1974 igitur
1290 1900 1411 1959 hoc
1455 1898 1537 1958 sit
1580 1898 1765 1972 idque
1806 1906 1868 1956 et
1908 1896 2167 1971 primum

109 1988 164 2039 et
203 1981 468 2041 maxime
508 1979 956 2052 necessarium,
1009 1981 1442 2042 familiaritates
1485 1981 1713 2040 habere
1756 1979 1913 2039 fidas
1966 1994 2169 2037 aman-

108 2062 243 2124 tium
276 2082 398 2125 nos
436 2064 768 2125 amicorum
807 2073 868 2124 et
900 2072 1111 2125 nostra
1143 2064 1515 2123 mirantium:
1560 2064 1714 2122 haec
1741 2061 1899 2121 enim
1932 2065 2030 2121 est
2049 2075 2169 2118 una

110 2163 526 2224 resaeprorsuS,
557 2157 627 2208 ut
658 2165 782 2209 non
807 2150 1060 2208 multum
1092 2147 1337 2207 differat
1367 2147 1524 2206 inter
1545 2162 1821 2207 summos
1850 2151 1911 2204 et
1940 2141 2169 2203 medio·

110 2246 240 2291 cres
279 2232 485 2304 virOS,
544 2248 743 2307 eaque
788 2230 1063 2307 utrisque
1099 2239 1197 2290 est
1236 2231 1685 2306 propemodum
1734 2227 2167 2304 comparanda.

111 2312 202 2373 31.
242 2316 505 2376 Honore
549 2323 612 2376 et
651 2314 844 2391 gloria
899 2323 960 2375 et
1009 2312 1438 2375 benevolentia
1481 2313 1699 2374 civium
1742 2315 2005 2372 sortasse
2045 2325 2170 2369 non

111 2412 300 2473 aeque
334 2415 554 2459 omnes
586 2405 793 2473 egent,
845 2398 957 2458 sed
991 2405 1224 2471 tamen,
1269 2397 1322 2458 si
1352 2398 1447 2458 cui
1474 2397 1626 2458 haec
1657 2402 2017 2472 suppetunt,
2063 2393 2169 2453 ad·

111 2477 309 2542 iuvant
331 2481 707 2554 aliquantum
742 2499 927 2557 quum
958 2483 1036 2541 ad
1068 2490 1311 2541 caetera
1339 2489 1463 2540 tum
1497 2482 1573 2539 ad
1599 2478 1889 2539 amicitias
1921 2491 2173 2552 compa-

112 2564 344 2626 randas.
436 2567 536 2627 IX.
583 2565 709 2626 Sed
741 2566 818 2625 de
855 2564 1113 2625 amicitia
1151 2562 1269 2624 alio
1313 2562 1464 2624 libro
1496 2564 1723 2622 dictum
1756 2570 1880 2632 est,
1943 2559 2045 2635 qui
2085 2558 2171 2620 in-

112 2648 389 2710 scribitur
418 2649 749 2710 ‘Laelius’.
818 2650 988 2709 Nunc
1021 2648 1295 2707 dicamus
1326 2647 1403 2706 de
1432 2645 1656 2721 gloria,
1697 2659 2060 2719 quamquam
2098 2657 2172 2700 ea

115 2748 359 2808 quoque
386 2734 463 2794 de
491 2750 561 2794 re
596 2733 720 2794 duo
761 2742 906 2793 sunt
937 2730 1129 2793 nostri
1164 2730 1327 2804 libri,
1378 2729 1488 2789 sed
1523 2726 1889 2802 attingamus
1921 2725 2168 2801 quando

114 2814 352 2887 quidem
418 2833 491 2876 ea
561 2817 620 2877 in
696 2816 884 2877 rebus
955 2813 1287 2884 maioribus
1359 2809 1852 2872 administrandis
1923 2808 2174 2870 adiuvat

114 2899 447 2970 plurimum.

228 2983 481 3045 Summa
522 2981 705 3059 igitur
746 2992 808 3043 et
838 2984 1112 3063 perfecta
1151 2979 1346 3057 gloria
1399 2985 1646 3041 constat
1690 2995 1768 3040 ex
1807 2977 2002 3040 tribus
2043 2976 2171 3036 his:

117 3063 166 3123 si
191 3066 381 3143 diligit
408 3065 759 3140 multitudo,
793 3065 849 3128 si
882 3066 1062 3125 fldem
1095 3066 1311 3136 habet,
1342 3062 1396 3125 si
1431 3079 1566 3124 cum
1599 3061 1999 3123 admiratione
2030 3074 2176 3134 qua·

119 3147 245 3208 dam
290 3152 528 3212 honore
576 3148 796 3225 dignos
844 3157 1034 3226 putat.
1107 3152 1275 3209 Haec
1316 3155 1549 3218 autern,
1602 3146 1654 3207 si
1689 3153 1785 3205 est
1825 3140 2176 3235 simpliciter

119 3228 497 3311 breviterque
544 3233 898 3304 dicendum,
958 3231 1177 3305 quibus
1222 3231 1408 3290 rebus
1453 3228 1769 3305 pariuntur
1824 3244 1860 3285 a
1900 3224 2174 3317 singulis,

119 3311 340 3377 eisdem
383 3319 513 3380 sere
557 3334 595 3378 a
642 3314 1042 3384 multitudine.
1113 3313 1239 3372 Sed
1290 3318 1387 3372 est
1433 3312 1588 3372 alius
1633 3322 1882 3382 quoque
1929 3305 2173 3378 quidam

123 3398 310 3463 aditus
339 3402 417 3461 ad
447 3398 924 3473 multitudinem,
949 3405 1018 3458 ut
1049 3393 1110 3456 in
1143 3392 1573 3456 universorum
1605 3386 1839 3448 animos
1868 3393 2174 3455 tamquam
