2381 3723
194 177 301 229 211
810 166 976 226 CAP.
1002 174 1266 229 27—29.
1310 176 1362 236 §-
1387 174 1547 230 97-—
1563 177 1681 230 104.
2152 168 2276 230 401

203 315 446 394 pietatis
491 332 892 392 summaeque
938 316 1170 378 virtutis
1217 318 1402 379 filium
1446 316 1784 391 amisisset,
1830 320 2109 379 dolorem
2135 321 2278 396 pru·

201 398 410 460 dentia
442 398 697 475 pervicit
722 408 786 459 et
814 415 889 460 eo
920 400 1059 476 ipso
1093 401 1220 475 die,
1263 418 1387 477 quo
1418 402 1523 461 filii
1554 418 1770 476 rogum
1803 408 2142 475 spectarat,
2177 418 2278 464 cu-

199 482 354 544 riam
402 482 723 557 ingressus
769 489 866 543 est
915 491 1319 560 senatumque
1358 484 1535 545 iussit
1578 484 1926 545 convenire.
2017 486 2277 547 Crassus

199 582 355 627 vero
383 564 443 625 in
475 582 550 626 eo
581 566 849 641 proelio,
887 567 1056 641 quod
1088 583 1226 628 cum
1258 568 1495 628 Parthis
1527 567 1858 639 commisit,
1909 568 2117 629 occiso
2152 568 2275 630 filio

201 656 440 711 tantum
481 649 671 710 abfuit
712 657 780 709 ut
818 650 1084 723 doleret,
1139 658 1207 711 ut
1250 650 1428 711 etiam
1472 650 1808 711 exercitum
1850 651 2276 727 increpaverit,

205 734 379 809 quod
421 732 602 793 unius
646 731 849 793 militis
883 733 1118 793 iactura
1144 741 1315 794 tanto
1349 751 1538 811 opere
1569 742 2093 806 commoveretur,
2141 735 2278 796 hor-

200 822 492 891 tatusque
523 816 630 890 sit,
677 823 746 876 ut
776 816 1009 892 patriae
1043 817 1281 878 virtutis
1309 834 1613 879 memores
1642 835 1756 894 pro
1786 834 1853 878 re
1884 817 2128 893 publica
2157 819 2277 879 for·

199 899 345 961 titer
386 898 768 971 dimicarent,
825 899 926 958 filii
969 900 1195 961 mortui
1231 901 1523 962 ultionem
1566 901 1681 961 sibi
1711 901 1813 961 uni
1843 902 2275 977 relinquerent.

205 982 347 1043 102.
408 982 533 1043 Sed
582 982 888 1058 antiquior
934 983 1001 1043 P.
1041 983 1301 1045 Crassus
1328 1032 1343 1058 ‚
1409 983 1504 1044 vir
1555 986 1754 1044 clarus
1806 991 1869 1044 et
1918 985 2275 1056 consulariS,

199 1068 269 1127 P.
302 1065 506 1127 Crassi
551 1066 655 1126 filii
699 1072 960 1126 mortem
1000 1073 1062 1128 et
1101 1066 1252 1128 vidit
1288 1075 1350 1128 et
1388 1066 1878 1129 moderatissime
1922 1067 2072 1128 tulit.
2153 1068 2279 1127 Nec

200 1150 283 1210 ab
313 1149 446 1211 eius
479 1151 659 1210 laude
689 1148 882 1210 abfuit
914 1164 987 1209 ac
1015 1152 1282 1212 sortasse
1314 1151 1537 1211 Crasso
1572 1150 1872 1227 praestitit
1901 1151 2005 1210 Cn.
2032 1151 2277 1225 Caepio,

204 1232 311 1310 qui
347 1233 714 1309 Caepionem
756 1233 948 1294 filium·
988 1234 1307 1310 naufragio
1350 1236 1739 1310 absumptum
1780 1234 1863 1294 ita
1895 1251 2020 1296 non
2064 1233 2277 1307 doluit,

172 1323 276 1378 rut
317 1333 457 1377 eum
495 1333 575 1377 ne
617 1317 832 1377 leviter
875 1316 1121 1392 quidem
1164 1334 1200 1377 e
1243 1319 1417 1378 vultu
1459 1323 1564 1378 aut
1605 1319 1728 1378 ulla
1777 1317 2058 1393 corporis
2103 1325 2278 1393 parte

206 1406 579 1461 commotum
611 1416 646 1460 e
675 1399 1066 1461 familiaribus
1093 1399 1573 1477 quisquam-ullo
1602 1408 1786 1477 pacto
1814 1399 2092 1462 senserit.
2151 1401 2277 1459 Iam

205 1482 355 1559 quid
380 1483 669 1556 Pisones,
716 1483 1086 1558 ScaevolaS,
1121 1486 1381 1559 BrutOS,
1420 1485 1778 1557 MarcelloS,
1821 1484 2136 1557 MeteHOS,
2167 1485 2277 1544 Le·

203 1566 420 1643 pidoS,
464 1566 750 1628 Aufidios
792 1569 1184 1648 enumerem?
1228 1565 1489 1643 quorum
1529 1567 1750 1643 singuli
1782 1567 2059 1644 pluribus
2096 1567 2275 1629 amis·

206 1650 296 1711 sis
343 1650 480 1712 filiis
523 1652 624 1711 vel
668 1650 967 1712 uxoribus
1011 1652 1109 1711 vel
1151 1652 1503 1726 parentibus
1548 1668 1663 1712 nec
1703 1652 2037 1727 lugendum
2072 1651 2277 1712 existi-

205 1741 449 1794 marunt
479 1741 541 1795 et
571 1750 744 1795 suam
775 1734 836 1793 in
862 1733 1103 1795 illorum
1130 1735 1449 1797 'funeribus
1471 1736 1752 1795 virtutem
1780 1742 1964 1810 atque
1990 1744 2290 1797 constan--

202 1817 348 1878 tiam
393 1834 516 1879 non
557 1816 673 1879 sibi
713 1819 944 1892 solum,
995 1819 1109 1880 sed
1152 1817 1333 1880 etiam
1372 1817 1583 1894 generi
1614 1817 1967 1892 nominique
1995 1820 2274 1880 Romano

199 1901 539 1978 gloriosam
572 1903 705 1963 sore
735 1909 1119 1978 putaverunt.

329 1985 539 2046 XXIX.
587 1983 724 2046 103.
810 1986 1007 2046 Pudet
1028 1985 1098 2044 ‘in
1128 1984 1399 2047 virorum
1427 1981 1805 2059 gravissimis
1831 1983 2077 2043 casibus
2099 2000 2273 2059 repe·

201 2068 406 2129 tendis
440 2068 699 2144 longiori
728 2069 816 2129 uti
851 2068 1155 2149 oratione,
1206 2085 1393 2143 quum
1423 2067 1688 2128 virorum
1720 2065 1981 2126 maxime
2013 2066 2276 2143 peculia-

201 2151 291 2212 ris
324 2151 516 2212 virtus
549 2152 641 2229 sit
660 2160 721 2213 et
749 2152 810 2212 in
840 2151 987 2212 viris
1019 2150 1374 2213 efflorescat
1402 2150 1713 2226 acvigeat
1740 2149 2017 2210 maxime.
2084 2150 2276 2224 Quam

202 2236 288 2296 ob
330 2251 457 2295 rem
492 2237 568 2295 de
610 2234 847 2296 feminis
878 2235 1086 2310 potius
1124 2235 1452 2296 dicendum
1484 2242 1608 2307 est,
1654 2241 1748 2307 ut,
1796 2250 1984 2309 quum
2013 2249 2122 2295 cas
2155 2234 2275 2294 for-

201 2318 475 2380 tissimas
507 2317 700 2380 fuisse
731 2318 1040 2394 cognitum
1071 2317 1178 2392 sit,
1222 2328 1348 2380 tum
1379 2319 1611 2394 pudeat
1642 2316 1811 2379 viros
1838 2332 1879 2376 a
1909 2316 2276 2378 mulierculis

199 2402 446 2463 virtutis
493 2403 776 2477 exempla
820 2409 1029 2478 petere
1074 2412 1133 2462 et
1172 2403 1249 2463 ab
1287 2402 1361 2463 iis
1401 2418 1475 2462 ea
1514 2402 1766 2474 virtute,
1813 2417 1970 2476 quae
1999 2401 2277 2477 ipsorum

203 2485 456 2561 propria
483 2501 627 2546 esse
659 2485 906 2558 debeat,
936 2484 1132 2546 videri
1160 2486 1487 2560 aliquando
1511 2489 1857 2560 superatos.
1940 2485 2075 2548 104.
2109 2486 2276 2557 Nam,

203 2568 257 2630 si
291 2585 508 2629 verum
553 2574 678 2641 est,
725 2570 890 2644 quod
934 2585 974 2628 a
1001 2569 1428 2643 Theophrasto
1460 2567 1677 2628 alicub'
1755 2567 2017 2629 roditum
2048 2585 2278 2629 memo-

202 2651 332 2712 riae
374 2651 828 2724 mandavimuS,
871 2652 1083 2712 orbem
1125 2660 1423 2713 terrarum
1449 2651 1649 2710 theatr
1791 2651 2100 2723 quoddam
2133 2666 2279 2712 esse

203 2750 490 2810 magnum
534 2734 738 2795 divina
771 2741 974 2795 mente
1014 2737 1317 2811 repletum
1359 2741 1420 2794 et
1454 2732 1737 2794 caelestis
1776 2732 2135 2793 indicandae
2182 2749 2277 2793 sa·

202 2818 469 2894 pientiae
510 2817 702 2893 gratia
735 2825 859 2878 tam
892 2817 1093 2878 multis
1125 2818 1399 2895 undique
1430 2815 1873 2878 collucentibus
1904 2816 2277 2877 ornamentis

200 2900 569 2962 illustratum
602 2917 674 2961 ac
706 2901 1044 2977 depictum,
1084 2901 1145 2961 in
1177 2919 1255 2963 eo
1289 2907 1491 2962 autem
1521 2900 1724 2960 medio
1765 2900 2101 2962 collocatos
2135 2916 2279 2961 esse

201 2983 482 3045 homines
525 3001 563 3044 a
607 2986 757 3057 den,
800 2992 869 3046 ut
907 3001 1045 3045 cum
1086 2988 1356 3056 fortuna,
1403 2985 1649 3055 dolore,
1692 2983 1954 3056 morbis,
2003 2990 2279 3059 egestate

203 3067 578 3142 casibusque
619 3068 937 3143 permultis
983 3068 1243 3130 adsidue
1282 3071 1613 3140 luctentur,
1659 3067 1839 3127 deum
1869 3083 2022 3127 vero
2054 3066 2276 3143 ipsum,

204 3157 498 3227 quantum
551 3151 814 3227 quisque
857 3153 1185 3228 pugnando
1234 3154 1471 3224 valeat,
1522 3167 1827 3226 quamque
1868 3149 2121 3211 viriliter
2159 3152 2279 3210 for-

199 3233 462 3295 titudine
505 3234 795 3296 divinitus
843 3245 1098 3311 accepta
1136 3243 1373 3309 utatur,
1433 3237 1701 3309 desuper
1742 3241 2092 3309 aspectare,
2138 3235 2276 3305 hoc,

202 3317 484 3394 inquam,
539 3318 592 3379 si
640 3335 856 3380 verum
901 3326 1022 3391 est,
1073 3318 1334 3380 dubitari
1372 3322 1651 3395 profecto
1696 3332 1820 3379 non
1870 3323 2075 3392 potest
2109 3319 2276 3391 quin,

203 3418 390 3476 quem
436 3402 522 3545 ἵε
559 3403 810 3463 modum
855 3404 1120 3478 populus
1160 3403 1477 3464 Romanus
1518 3402 1577 3462 in
1619 3400 1971 3542 ιιιιιιιεέἑὴιιε
2017 3398 2280 3477 publicis

291 3501 401 3545 c1c.
526 3529 541 3545 .
575 3495 629 3548 3.
