2381 3723
164 79 290 144 370
603 76 810 137 ANTE
844 77 1070 152 QUAM
1111 78 1293 139 IRET
1324 78 1400 138 IN
1428 76 2276 143 EXSIL1UM.1eo

163 231 281 292 illis
331 229 521 302 cedo,
565 230 678 290 sed
707 227 1121 291 incolumibus
1158 229 1336 291 vobis
1368 246 1467 290 me
1495 231 1805 291 condono.
1892 229 1997 290 22.
2044 233 2271 308 Neque

168 314 327 377 enim
362 327 539 375 mors
584 312 936 374 miseranda
974 321 1102 385 est,
1151 330 1310 389 quae
1353 314 1433 375 ob
1471 330 1603 374 rem
1643 314 1947 389 publicam
1999 315 2264 392 capitur,

163 415 368 475 neque
414 396 699 458 exsilium
736 405 922 473 turpe
966 404 1091 472 est,
1151 397 1320 473 quod
1365 397 1593 458 vimute
1637 397 2003 474 suscipitur,
2068 417 2266 475 quum

161 479 523 560 praesertim
566 497 692 543 non
730 483 965 543 nullam
1011 482 1129 546 hae
1164 498 1412 557 poenae
1453 481 1722 542 habeant
1767 482 1823 542 in
1871 497 1943 543 se
1967 485 2266 544 consala-

163 566 413 628 tionem.
478 564 629 625 Nam
657 564 846 626 vitam
877 564 931 627 si
967 565 1258 641 eripiunt,
1293 583 1418 627 non
1446 564 1721 626 adiment
1741 566 2027 642 gloriam.
2091 567 2263 629 Mor-

163 651 284 712 tale
330 648 384 711 si
410 647 634 710 exsilio
679 650 1025 711 multabunt
1062 666 1330 725 eorpuS,
1365 667 1500 711 non
1535 649 1810 711 animum
1841 667 1878 711 a
1909 666 1977 711 re
2007 652 2263 726 publica

162 731 588 796 removebunt.
684 733 835 793 Nam
862 781 877 807 ,
930 735 1305 810 ubicumque
1350 750 1492 809 ero,
1543 733 1672 796 ⁴hoc
1709 734 2044 811 cogitabo,
2093 736 2263 797 :haec

164 826 412 893 semper
450 831 609 877 cuna
648 834 788 879 mea
829 817 970 892 erit,
1012 818 1455 894 meque-vobis
1484 825 1797 894 ereptum,
1842 836 1969 881 non
1995 835 2040 879 ‘a
2072 821 2263 882 vobis

160 900 551 979 repudiatum
589 900 980 964 existimabo.
1070 900 1170 963 23.
1229 904 1384 964 Istud
1416 903 1492 964 ab
1522 902 1830 965 universis
1857 911 2003 979 peto
2038 913 2260 978 postu·

163 988 382 1063 loque,
410 984 501 1060 si,
524 986 678 1047 *dnm
704 986 770 1047 in
804 986 1048 1048 civitate
1068 1003 1329 1048 manere
1359 986 1587 1049 licitum
1617 996 1742 1061 est,
1773 986 2001 1048 nemini
2026 986 2263 1049 iniuste

161 1070 506 1147 periculum
553 1070 791 1144 creavi,
832 1069 1062 1133 nemini
1090 1069 1413 1132 innocenti
1455 1072 1539 1133 fui
1570 1071 1927 1146 calamitati,
1971 1071 2030 1133 si
2061 1071 2259 1133 omni-

160 1155 278 1216 bus
321 1152 549 1217 auxilio
591 1153 1000 1231 passidioque
1043 1171 1187 1216 esse
1229 1156 1531 1217 consuevi
1569 1154 1998 1231 plurimosque
2041 1154 2107 1216 in
2142 1156 2265 1216 hae

165 1237 408 1301 civitate
445 1255 585 1300 sum
616 1246 887 1314 tutatus,
931 1238 1021 1301 uti
1047 1256 1167 1301 ves
1194 1240 1429 1302 tinem
1451 1253 1635 1302 meos
1665 1240 1728 1300 in
1760 1246 2030 1301 vestram
2068 1240 2262 1302 fidem

163 1321 470 1399 recipiatis
522 1338 767 1399 eosque
824 1322 1174 1385 defendatis
1223 1339 1385 1385 neve
1431 1322 1713 1386 inimicos
1767 1340 1946 1385 meos
2002 1325 2266 1399 tongins

164 1406 220 1469 in
269 1406 554 1468 familiam
591 1414 868 1469 nostram
911 1408 1206 1484 progredi
1249 1406 1602 1484 patiamini,
1639 1407 1885 1483 utique,
1929 1406 2074 1469 sive
2118 1407 2263 1470 hine

164 1490 374 1553 abiero
420 1490 556 1553 sive
596 1490 695 1551 hic
740 1508 853 1553 ero
894 1505 1278 1567 oppressus,
1325 1508 1399 1553 ea
1433 1498 1683 1553 maneat
1716 1492 1923 1567 opinio
1957 1498 2021 1552 et
2043 1490 2262 1566 existi-

163 1574 380 1647 matio,
424 1589 590 1649 quae
633 1574 858 1636 ten-tute
901 1582 1113 1651 parta,
1164 1593 1297 1637 non
1334 1592 1494 1651 quae
1534 1574 1885 1637 infelicitate
1924 1575 2094 1636 illata
2139 1585 2258 1637 est.

161 1658 234 1718 X.
282 1656 382 1717 24.
449 1656 624 1718 Nunc
668 1674 785 1735 ego
829 1666 920 1733 te,
964 1658 1241 1735 iuppiter
1278 1660 1509 1735 optime
1547 1659 1840 1733 maxime,
1872 1661 2066 1721 'cuiue
2105 1668 2259 1721 nutu

165 1757 237 1803 ac
269 1740 513 1804 dicione
542 1744 678 1804 sola
705 1750 1006 1804 terrarum
1027 1744 1477 1820 gubernantur,
1509 1751 1729 1819 teque,
1762 1743 2080 1819 particeps
2108 1759 2256 1805 con·

163 1826 360 1901 nubii,
400 1825 572 1888 socia
601 1826 802 1905 mgni,
834 1826 1046 1904 regina
1067 1827 1252 1901 Iuno,
1285 1835 1504 1905 teque,
1536 1825 1836 1902 witonis,
1866 1828 2260 1904 *armipotens

166 1914 458 1988 Gorgona
483 1911 683 1975 Pallas
714 1912 991 1974 Minerva
1009 1960 1023 1986 ,
1071 1911 1421 1990 caeterique
1449 1911 1514 1972 di
1542 1914 1822 1989 deaeque
1849 1913 2255 1985 immortales,

167 1996 270 2072 qui
309 1997 639 2058 excellenti
676 1998 909 2060 tumulo
952 1995 1217 2059 civitatis
1250 1999 1464 2059 sedem
1500 1996 1776 2073 Capitolii
1802 1995 1864 2058 in
1889 2013 2057 2059 1saxe
2086 1997 2256 2058 inco·

164 2079 284 2142 litis
331 2080 757 2155 constitutam,
800 2088 871 2143 ut
916 2098 1038 2143 non
1062 2083 1272 2143 solum
1312 2088 1593 2144 cunctam
1626 2081 1876 2155 intueri,
1925 2080 2255 2143 sedetiam

163 2162 321 2225 tueri
362 2164 619 2238 possitis
655 2164 993 2226 civitatem:
1049 2181 1087 2225 a
1127 2183 1391 2242 quorum
1437 2182 1557 2243 ego
1589 2167 1906 2242 quondam
1955 2166 2257 2227 altaribus

164 2247 412 2324 impiam
440 2247 665 2310 civium
697 2265 943 2310 manum
970 2251 1244 2325 removi,
1288 2268 1324 2312 a
1347 2266 1617 2326 quorum
1646 2248 1891 2325 templis
1920 2266 2062 2311 meo
2093 2248 2256 2325 peri·

167 2333 306 2393 culo
350 2333 653 2392 funestam
703 2334 897 2392 facem
935 2333 1207 2408 reppuli,
1247 2351 1328 2395 ne
1357 2333 1830 2397 illustrissimum
1853 2334 2031 2396 orbis
2065 2341 2254 2395 terra-

168 2429 299 2485 rum
335 2422 795 2477 monumentum
831 2432 968 2477 cum
997 2416 1274 2494 principe
1308 2418 1578 2481 omnium
1608 2426 1907 2480 terrarum
1933 2417 2256 2483 occideret

167 2498 442 2573 civitate,
498 2506 712 2576 teque,
766 2500 1039 2576 Iuppiter
1078 2500 1325 2578 Stator,
1369 2521 1555 2580 quem
1593 2517 1744 2564 vere
1789 2501 1974 2564 huius
2014 2498 2255 2577 imperii

168 2589 464 2646 statorem
508 2583 775 2648 maiores
809 2585 1006 2648 nostri
1034 2587 1539 2663 nominaverunt,
1587 2585 1761 2649 cuius
1787 2586 1848 2647 in
1876 2586 2111 2662 templo
2143 2586 2253 2647 ho·

166 2668 365 2730 stilem
409 2668 701 2745 impetu-m
730 2670 1024 2734 Catilinae
1068 2671 1309 2748 reppuli
1343 2688 1379 2733 a
1407 2671 1627 2746 muris,
1671 2670 1845 2733 cuius
1881 2671 2182 2745 templum
2219 2686 2255 2729 a

162 2753 430 2814 Romulo
468 2753 644 2815 victis
676 2754 920 2818 Sabinis
949 2755 1009 2817 in
1040 2755 1249 2816 Palatii
1286 2755 1495 2818 radice
1527 2752 1667 2818 cum
1694 2754 1968 2817 Victoria
2001 2760 2103 2819 est
2133 2756 2255 2815 col-

165 2838 465 2898 locatum:
513 2855 624 2900 oro
658 2846 844 2916 atque
875 2841 1168 2916 obsecro,
1215 2842 1369 2901 ferte
1393 2856 1574 2916 opem
1603 2839 1834 2917 pariter
1854 2839 1943 2900 rei
1967 2837 2256 2914 publicae

168 2930 552 2998 cunctaeque
589 2921 817 2984 civitati
859 2925 1137 3001 meisque
1167 2923 1461 2999 fortuniS‚
1504 2923 1774 2987 resistite
1801 2921 2129 2985 tribunicio
2170 2923 2253 2982 lu-

163 3004 319 3079 rori,
372 3006 576 3068 favete
633 3005 1050 3082 innocentiae,
1110 3009 1437 3071 subvenite
1476 3007 1826 3082 solitudini,
1878 3003 2253 3071 miseremini

166 3090 532 3164 senectutis,
586 3091 775 3153 nolite
815 3110 955 3155 eum
1000 3093 1344 3171 supplicem
1387 3110 1424 3155 a
1462 3092 1644 3156 vobis
1674 3093 2026 3154 absterrere
2047 3097 2123 3151 et
2151 3106 2250 3150 ex·

169 3174 448 3247 cludere,
495 3175 596 3249 qui
632 3176 689 3236 in
728 3193 845 3238 suo
875 3178 1235 3254 magistratu
1264 3180 1564 3241 funestam
1590 3179 1784 3240 facem
1806 3193 1845 3237 a
1867 3174 2095 3237 vestris
2115 3190 2247 3251 rep·

165 3255 321 3328 pulit
357 3258 622 3332 templis.
710 3258 811 3320 25.
859 3261 925 3322 Si
959 3262 1021 3323 C.
1045 3262 1242 3326 Mario
1273 3261 1498 3324 auxilio
1530 3261 1761 3336 fuistiS‚
1810 3260 1979 3336 quod
2005 3257 2063 3319 in
2091 3257 2249 3318 clivo

171 3336 507 3411 Capitolino
533 3339 953 3418 improborum
979 3345 1201 3408 civium
1226 3349 1456 3409 fecerat
1479 3347 1732 3408 caedem
1748 3391 1763 3421 ,
1800 3344 1856 3407 si
1875 3344 1942 3407 P.
1958 3341 2251 3420 Scipioni,
