<?xml version="1.0" encoding="UTF-8"?>
<!DOCTYPE html PUBLIC "-//W3C//DTD XHTML 1.0 Transitional//EN"
    "http://www.w3.org/TR/xhtml1/DTD/xhtml1-transitional.dtd">
<html xmlns="http://www.w3.org/1999/xhtml" xml:lang="en" lang="en">
 <head>
  <title>
</title>
<meta http-equiv="Content-Type" content="text/html;charset=utf-8" />
  <meta name='ocr-system' content='tesseract 3.04.00' />
  <meta name='ocr-capabilities' content='ocr_page ocr_carea ocr_par ocr_line ocrx_word'/>
</head>
<body>
  <div class='ocr_page' id='page_1' title='image "./scriptaquaemans01wesegoog_0054.png"; bbox 0 0 2381 3723; ppageno 0'>
   <div class='ocr_carea' id='block_1_1' title="bbox 175 86 1456 150">
    <p class='ocr_par' dir='ltr' id='par_1_1' title="bbox 175 86 1456 150">
     <span class='ocr_line' id='line_1_1' title="bbox 175 86 1456 150; baseline 0 -2"><span class='ocrx_word' id='word_1_1' title='bbox 175 86 264 148; x_wconf 76' lang='lat'>32</span> <span class='ocrx_word' id='word_1_2' title='bbox 994 90 1095 148; x_wconf 89' lang='lat' dir='ltr'>DE</span> <span class='ocrx_word' id='word_1_3' title='bbox 1134 87 1456 150; x_wconf 82' lang='lat' dir='ltr'>oFFlcuS</span> 
     </span>
    </p>
   </div>
   <div class='ocr_carea' id='block_1_2' title="bbox 114 237 2277 3411">
    <p class='ocr_par' dir='ltr' id='par_1_2' title="bbox 114 237 2271 3161">
     <span class='ocr_line' id='line_1_2' title="bbox 184 237 2271 315; baseline 0.002 -16"><span class='ocrx_word' id='word_1_4' title='bbox 184 255 367 314; x_wconf 89' lang='lat' dir='ltr'>quam</span> <span class='ocrx_word' id='word_1_5' title='bbox 411 242 794 301; x_wconf 82' lang='lat' dir='ltr'><strong>exsultantes</strong></span> <span class='ocrx_word' id='word_1_6' title='bbox 838 238 972 300; x_wconf 81' lang='lat' dir='ltr'>sive</span> <span class='ocrx_word' id='word_1_7' title='bbox 1017 239 1327 315; x_wconf 90' lang='lat' dir='ltr'>cupiendo</span> <span class='ocrx_word' id='word_1_8' title='bbox 1368 238 1502 300; x_wconf 87' lang='lat' dir='ltr'>sive</span> <span class='ocrx_word' id='word_1_9' title='bbox 1545 237 1833 315; x_wconf 77' lang='lat' dir='ltr'>fugiendo</span> <span class='ocrx_word' id='word_1_10' title='bbox 1871 256 1994 301; x_wconf 90' lang='lat' dir='ltr'>non</span> <span class='ocrx_word' id='word_1_11' title='bbox 2038 240 2198 302; x_wconf 73' lang='lat' dir='ltr'>satis</span> <span class='ocrx_word' id='word_1_12' title='bbox 2230 259 2271 303; x_wconf 78' lang='lat' dir='ltr'>a</span> 
     </span>
     <span class='ocr_line' id='line_1_3' title="bbox 184 321 2269 394; baseline 0.001 -11"><span class='ocrx_word' id='word_1_13' title='bbox 184 322 422 384; x_wconf 87' lang='lat' dir='ltr'>ratione</span> <span class='ocrx_word' id='word_1_14' title='bbox 449 321 815 394; x_wconf 83' lang='lat' dir='ltr'>retinentur,</span> <span class='ocrx_word' id='word_1_15' title='bbox 864 323 905 383; x_wconf 88' lang='lat' dir='ltr'>ii</span> <span class='ocrx_word' id='word_1_16' title='bbox 936 322 1070 384; x_wconf 91' lang='lat' dir='ltr'>sine</span> <span class='ocrx_word' id='word_1_17' title='bbox 1101 321 1291 383; x_wconf 91' lang='lat' dir='ltr'>dubio</span> <span class='ocrx_word' id='word_1_18' title='bbox 1322 322 1505 382; x_wconf 87' lang='lat' dir='ltr'>finem</span> <span class='ocrx_word' id='word_1_19' title='bbox 1536 329 1598 384; x_wconf 85' lang='lat' dir='ltr'>et</span> <span class='ocrx_word' id='word_1_20' title='bbox 1627 323 1876 383; x_wconf 88' lang='lat' dir='ltr'>modum</span> <span class='ocrx_word' id='word_1_21' title='bbox 1915 330 2269 386; x_wconf 71' lang='lat' dir='ltr'>transeunt.</span> 
     </span>
     <span class='ocr_line' id='line_1_4' title="bbox 183 404 2269 483; baseline 0 -16"><span class='ocrx_word' id='word_1_22' title='bbox 183 407 556 482; x_wconf 81' lang='lat' dir='ltr'>Relinquunt</span> <span class='ocrx_word' id='word_1_23' title='bbox 578 404 737 466; x_wconf 90' lang='lat' dir='ltr'>enim</span> <span class='ocrx_word' id='word_1_24' title='bbox 760 414 819 466; x_wconf 92' lang='lat' dir='ltr'>et</span> <span class='ocrx_word' id='word_1_25' title='bbox 839 405 1130 467; x_wconf 86' lang='lat' dir='ltr'>abiiciunt</span> <span class='ocrx_word' id='word_1_26' title='bbox 1157 405 1609 467; x_wconf 78' lang='lat' dir='ltr'>oboedientiam</span> <span class='ocrx_word' id='word_1_27' title='bbox 1643 422 1757 466; x_wconf 89' lang='lat' dir='ltr'>nec</span> <span class='ocrx_word' id='word_1_28' title='bbox 1779 404 2001 466; x_wconf 88' lang='lat' dir='ltr'>rationi</span> <span class='ocrx_word' id='word_1_29' title='bbox 2023 417 2269 483; x_wconf 82' lang='lat' dir='ltr'>parent,</span> 
     </span>
     <span class='ocr_line' id='line_1_5' title="bbox 183 488 2269 566; baseline 0.001 -16"><span class='ocrx_word' id='word_1_30' title='bbox 183 491 284 550; x_wconf 83' lang='lat' dir='ltr'>cui</span> <span class='ocrx_word' id='word_1_31' title='bbox 323 497 468 551; x_wconf 87' lang='lat' dir='ltr'>sunt</span> <span class='ocrx_word' id='word_1_32' title='bbox 495 488 755 550; x_wconf 87' lang='lat' dir='ltr'>subiecti</span> <span class='ocrx_word' id='word_1_33' title='bbox 800 490 936 566; x_wconf 88' lang='lat' dir='ltr'>lege</span> <span class='ocrx_word' id='word_1_34' title='bbox 978 498 1264 550; x_wconf 87' lang='lat' dir='ltr'>naturae·</span> <span class='ocrx_word' id='word_1_35' title='bbox 1324 506 1365 548; x_wconf 82' lang='lat' dir='ltr'>a·</span> <span class='ocrx_word' id='word_1_36' title='bbox 1405 489 1629 565; x_wconf 88' lang='lat' dir='ltr'>quibus</span> <span class='ocrx_word' id='word_1_37' title='bbox 1673 504 1795 550; x_wconf 90' lang='lat' dir='ltr'>non</span> <span class='ocrx_word' id='word_1_38' title='bbox 1842 490 2033 550; x_wconf 89' lang='lat' dir='ltr'>modo</span> <span class='ocrx_word' id='word_1_39' title='bbox 2080 490 2269 552; x_wconf 84' lang='lat' dir='ltr'>animi</span> 
     </span>
     <span class='ocr_line' id='line_1_6' title="bbox 191 572 2270 649; baseline 0.001 -16"><span class='ocrx_word' id='word_1_40' title='bbox 191 573 649 648; x_wconf 82' lang='lat' dir='ltr'>perturbantur,</span> <span class='ocrx_word' id='word_1_41' title='bbox 703 574 815 633; x_wconf 89' lang='lat' dir='ltr'>sed</span> <span class='ocrx_word' id='word_1_42' title='bbox 859 574 1038 634; x_wconf 88' lang='lat' dir='ltr'>etiam</span> <span class='ocrx_word' id='word_1_43' title='bbox 1085 589 1378 649; x_wconf 88' lang='lat' dir='ltr'>corpora</span> <span class='ocrx_word' id='word_1_44' title='bbox 1452 573 1618 633; x_wconf 82' lang='lat' dir='ltr'>Licet</span> <span class='ocrx_word' id='word_1_45' title='bbox 1661 589 1773 633; x_wconf 89' lang='lat' dir='ltr'>ora</span> <span class='ocrx_word' id='word_1_46' title='bbox 1820 572 1956 649; x_wconf 90' lang='lat' dir='ltr'>ipsa</span> <span class='ocrx_word' id='word_1_47' title='bbox 2008 588 2270 635; x_wconf 80' lang='lat' dir='ltr'>eernere</span> 
     </span>
     <span class='ocr_line' id='line_1_7' title="bbox 184 654 2269 732; baseline 0 -15"><span class='ocrx_word' id='word_1_48' title='bbox 184 657 476 718; x_wconf 86' lang='lat' dir='ltr'>iratorum</span> <span class='ocrx_word' id='word_1_49' title='bbox 507 663 612 716; x_wconf 89' lang='lat' dir='ltr'>aut</span> <span class='ocrx_word' id='word_1_50' title='bbox 642 672 884 731; x_wconf 88' lang='lat' dir='ltr'>eorum,</span> <span class='ocrx_word' id='word_1_51' title='bbox 939 656 1041 732; x_wconf 89' lang='lat' dir='ltr'>qui</span> <span class='ocrx_word' id='word_1_52' title='bbox 1071 664 1174 717; x_wconf 84' lang='lat' dir='ltr'>ant</span> <span class='ocrx_word' id='word_1_53' title='bbox 1207 654 1455 717; x_wconf 84' lang='lat' dir='ltr'>libidine</span> <span class='ocrx_word' id='word_1_54' title='bbox 1496 656 1701 732; x_wconf 84' lang='lat' dir='ltr'>aliqua</span> <span class='ocrx_word' id='word_1_55' title='bbox 1742 664 1848 717; x_wconf 82' lang='lat' dir='ltr'>aut</span> <span class='ocrx_word' id='word_1_56' title='bbox 1889 664 2054 716; x_wconf 91' lang='lat' dir='ltr'>metu</span> <span class='ocrx_word' id='word_1_57' title='bbox 2101 674 2269 718; x_wconf 81' lang='lat' dir='ltr'>com-</span> 
     </span>
     <span class='ocr_line' id='line_1_8' title="bbox 185 728 2268 816; baseline 0.001 -17"><span class='ocrx_word' id='word_1_58' title='bbox 185 739 334 799; x_wconf 88' lang='lat' dir='ltr'>moti</span> <span class='ocrx_word' id='word_1_59' title='bbox 384 747 530 800; x_wconf 88' lang='lat' dir='ltr'>sunt</span> <span class='ocrx_word' id='word_1_60' title='bbox 580 748 688 800; x_wconf 85' lang='lat' dir='ltr'>aut</span> <span class='ocrx_word' id='word_1_61' title='bbox 735 742 1054 816; x_wconf 89' lang='lat' dir='ltr'>voluptate</span> <span class='ocrx_word' id='word_1_62' title='bbox 1103 739 1287 800; x_wconf 86' lang='lat' dir='ltr'>nimia</span> <span class='ocrx_word' id='word_1_63' title='bbox 1327 741 1628 815; x_wconf 81' lang='lat' dir='ltr'>gestiunt.</span> <span class='ocrx_word' id='word_1_64' title='bbox 1685 728 1952 815; x_wconf 83' lang='lat' dir='ltr'>quorum</span> <span class='ocrx_word' id='word_1_65' title='bbox 1992 740 2268 802; x_wconf 85' lang='lat' dir='ltr'>omnium</span> 
     </span>
     <span class='ocr_line' id='line_1_9' title="bbox 186 822 2266 899; baseline 0.002 -19"><span class='ocrx_word' id='word_1_66' title='bbox 186 825 431 895; x_wconf 87' lang='lat' dir='ltr'>vultus,</span> <span class='ocrx_word' id='word_1_67' title='bbox 463 839 688 896; x_wconf 79' lang='lat' dir='ltr'>voceS‚</span> <span class='ocrx_word' id='word_1_68' title='bbox 720 831 923 886; x_wconf 89' lang='lat' dir='ltr'>motus</span> <span class='ocrx_word' id='word_1_69' title='bbox 955 831 1279 899; x_wconf 87' lang='lat' dir='ltr'>statusque</span> <span class='ocrx_word' id='word_1_70' title='bbox 1309 831 1637 885; x_wconf 84' lang='lat' dir='ltr'>mutantur.</span> <span class='ocrx_word' id='word_1_71' title='bbox 1730 822 1867 885; x_wconf 88' lang='grc'><strong>103.</strong></span> <span class='ocrx_word' id='word_1_72' title='bbox 1911 825 2003 884; x_wconf 84' lang='lat' dir='ltr'>Ex</span> <span class='ocrx_word' id='word_1_73' title='bbox 2036 823 2266 899; x_wconf 89' lang='lat' dir='ltr'>quibus</span> 
     </span>
     <span class='ocr_line' id='line_1_10' title="bbox 185 905 2268 983; baseline 0.001 -18"><span class='ocrx_word' id='word_1_74' title='bbox 185 905 330 967; x_wconf 89' lang='lat' dir='ltr'>illud</span> <span class='ocrx_word' id='word_1_75' title='bbox 350 905 716 982; x_wconf 82' lang='lat' dir='ltr'>intelligitur,</span> <span class='ocrx_word' id='word_1_76' title='bbox 738 914 807 968; x_wconf 87' lang='lat' dir='ltr'>ut</span> <span class='ocrx_word' id='word_1_77' title='bbox 821 910 898 969; x_wconf 87' lang='lat' dir='ltr'>ad</span> <span class='ocrx_word' id='word_1_78' title='bbox 918 906 1102 969; x_wconf 85' lang='lat' dir='ltr'>officii</span> <span class='ocrx_word' id='word_1_79' title='bbox 1121 907 1376 967; x_wconf 74' lang='lat' dir='ltr'>formam</span> <span class='ocrx_word' id='word_1_80' title='bbox 1395 914 1790 978; x_wconf 83' lang='lat' dir='ltr'>revertamur,</span> <span class='ocrx_word' id='word_1_81' title='bbox 1809 905 2123 983; x_wconf 86' lang='lat' dir='ltr'>appetitus</span> <span class='ocrx_word' id='word_1_82' title='bbox 2140 924 2268 968; x_wconf 86' lang='lat' dir='ltr'>om·</span> 
     </span>
     <span class='ocr_line' id='line_1_11' title="bbox 186 990 2269 1066; baseline 0 -16"><span class='ocrx_word' id='word_1_83' title='bbox 186 1007 301 1051; x_wconf 88' lang='lat' dir='ltr'>nes</span> <span class='ocrx_word' id='word_1_84' title='bbox 327 990 785 1052; x_wconf 86' lang='lat' dir='ltr'>contrahendos</span> <span class='ocrx_word' id='word_1_85' title='bbox 821 992 1261 1066; x_wconf 86' lang='lat' dir='ltr'>sedandosque</span> <span class='ocrx_word' id='word_1_86' title='bbox 1285 1007 1430 1052; x_wconf 92' lang='lat' dir='ltr'>esse</span> <span class='ocrx_word' id='word_1_87' title='bbox 1453 990 1967 1066; x_wconf 68' lang='lat' dir='ltr'>excitandamque</span> <span class='ocrx_word' id='word_1_88' title='bbox 1994 990 2269 1051; x_wconf 84' lang='lat' dir='ltr'>animad-</span> 
     </span>
     <span class='ocr_line' id='line_1_12' title="bbox 186 1073 2264 1151; baseline 0.003 -20"><span class='ocrx_word' id='word_1_89' title='bbox 186 1073 536 1135; x_wconf 85' lang='lat' dir='ltr'>versionem</span> <span class='ocrx_word' id='word_1_90' title='bbox 590 1080 655 1135; x_wconf 87' lang='lat' dir='ltr'>et</span> <span class='ocrx_word' id='word_1_91' title='bbox 694 1074 1093 1150; x_wconf 80' lang='lat' dir='ltr'>diligentiam,</span> <span class='ocrx_word' id='word_1_92' title='bbox 1147 1081 1218 1136; x_wconf 92' lang='lat' dir='ltr'>ut</span> <span class='ocrx_word' id='word_1_93' title='bbox 1260 1092 1341 1135; x_wconf 87' lang='lat' dir='ltr'>ne</span> <span class='ocrx_word' id='word_1_94' title='bbox 1380 1074 1527 1151; x_wconf 89' lang='lat' dir='ltr'>quid</span> <span class='ocrx_word' id='word_1_95' title='bbox 1580 1082 1813 1135; x_wconf 87' lang='lat' dir='ltr'>temere</span> <span class='ocrx_word' id='word_1_96' title='bbox 1869 1090 1942 1135; x_wconf 86' lang='lat' dir='ltr'>ac</span> <span class='ocrx_word' id='word_1_97' title='bbox 1986 1074 2264 1148; x_wconf 78' lang='lat' dir='ltr'>fortuito,</span> 
     </span>
     <span class='ocr_line' id='line_1_13' title="bbox 186 1157 2267 1235; baseline 0 -17"><span class='ocrx_word' id='word_1_98' title='bbox 186 1157 640 1221; x_wconf 81' lang='lat' dir='ltr'>inconsiderate</span> <span class='ocrx_word' id='word_1_99' title='bbox 665 1159 1165 1235; x_wconf 80' lang='lat' dir='ltr'>negligenterque</span> <span class='ocrx_word' id='word_1_100' title='bbox 1193 1175 1470 1234; x_wconf 68' lang='lat' dir='ltr'>agamus.</span> <span class='ocrx_word' id='word_1_101' title='bbox 1545 1160 1758 1234; x_wconf 89' lang='lat' dir='ltr'>Neque</span> <span class='ocrx_word' id='word_1_102' title='bbox 1788 1157 1948 1218; x_wconf 90' lang='lat' dir='ltr'>enim</span> <span class='ocrx_word' id='word_1_103' title='bbox 1974 1158 2057 1218; x_wconf 83' lang='lat' dir='ltr'>ita</span> <span class='ocrx_word' id='word_1_104' title='bbox 2078 1174 2267 1234; x_wconf 87' lang='lat' dir='ltr'>gene-</span> 
     </span>
     <span class='ocr_line' id='line_1_14' title="bbox 186 1241 2269 1316; baseline 0 -14"><span class='ocrx_word' id='word_1_105' title='bbox 186 1241 299 1302; x_wconf 88' lang='lat' dir='ltr'>rati</span> <span class='ocrx_word' id='word_1_106' title='bbox 329 1259 366 1301; x_wconf 88' lang='lat' dir='ltr'>a</span> <span class='ocrx_word' id='word_1_107' title='bbox 396 1249 615 1303; x_wconf 87' lang='lat' dir='ltr'>natura</span> <span class='ocrx_word' id='word_1_108' title='bbox 644 1259 889 1316; x_wconf 89' lang='lat' dir='ltr'>sumus,</span> <span class='ocrx_word' id='word_1_109' title='bbox 929 1250 1000 1302; x_wconf 66' lang='lat' dir='ltr'>u‘t</span> <span class='ocrx_word' id='word_1_110' title='bbox 1029 1242 1106 1302; x_wconf 87' lang='lat' dir='ltr'>ad</span> <span class='ocrx_word' id='word_1_111' title='bbox 1136 1243 1345 1303; x_wconf 82' lang='lat' dir='ltr'>ludum</span> <span class='ocrx_word' id='word_1_112' title='bbox 1376 1250 1439 1303; x_wconf 91' lang='lat' dir='ltr'>et</span> <span class='ocrx_word' id='word_1_113' title='bbox 1466 1241 1670 1304; x_wconf 90' lang='lat' dir='ltr'>iocum</span> <span class='ocrx_word' id='word_1_114' title='bbox 1699 1241 1850 1303; x_wconf 79' lang='lat' dir='ltr'>facti</span> <span class='ocrx_word' id='word_1_115' title='bbox 1879 1258 2022 1303; x_wconf 89' lang='lat' dir='ltr'>esse</span> <span class='ocrx_word' id='word_1_116' title='bbox 2053 1241 2269 1309; x_wconf 76' lang='lat' dir='ltr'>videa-</span> 
     </span>
     <span class='ocr_line' id='line_1_15' title="bbox 184 1323 2270 1403; baseline 0 -18"><span class='ocrx_word' id='word_1_117' title='bbox 184 1342 340 1397; x_wconf 88' lang='lat' dir='ltr'>mur,</span> <span class='ocrx_word' id='word_1_118' title='bbox 365 1328 476 1386; x_wconf 86' lang='lat' dir='ltr'>sed</span> <span class='ocrx_word' id='word_1_119' title='bbox 498 1324 578 1384; x_wconf 87' lang='lat' dir='ltr'>ad</span> <span class='ocrx_word' id='word_1_120' title='bbox 603 1326 992 1387; x_wconf 84' lang='lat' dir='ltr'>severitatem</span> <span class='ocrx_word' id='word_1_121' title='bbox 1017 1326 1223 1403; x_wconf 91' lang='lat' dir='ltr'>potius</span> <span class='ocrx_word' id='word_1_122' title='bbox 1246 1328 1405 1385; x_wconf 90' lang='lat' dir='ltr'>etad</span> <span class='ocrx_word' id='word_1_123' title='bbox 1430 1327 1732 1403; x_wconf 85' lang='lat' dir='ltr'>quaedam</span> <span class='ocrx_word' id='word_1_124' title='bbox 1751 1323 1956 1387; x_wconf 89' lang='lat' dir='ltr'>studia</span> <span class='ocrx_word' id='word_1_125' title='bbox 1976 1325 2270 1402; x_wconf 82' lang='lat' dir='ltr'>graviora</span> 
     </span>
     <span class='ocr_line' id='line_1_16' title="bbox 181 1406 2267 1484; baseline 0.001 -17"><span class='ocrx_word' id='word_1_126' title='bbox 181 1414 374 1482; x_wconf 90' lang='lat' dir='ltr'>atque</span> <span class='ocrx_word' id='word_1_127' title='bbox 404 1408 654 1468; x_wconf 87' lang='lat' dir='ltr'>maiora.</span> <span class='ocrx_word' id='word_1_128' title='bbox 728 1409 901 1469; x_wconf 92' lang='lat' dir='ltr'>Ludo</span> <span class='ocrx_word' id='word_1_129' title='bbox 937 1416 1140 1471; x_wconf 83' lang='lat' dir='ltr'>autem</span> <span class='ocrx_word' id='word_1_130' title='bbox 1172 1416 1237 1470; x_wconf 92' lang='lat' dir='ltr'>et</span> <span class='ocrx_word' id='word_1_131' title='bbox 1266 1409 1405 1471; x_wconf 90' lang='lat' dir='ltr'>ioco</span> <span class='ocrx_word' id='word_1_132' title='bbox 1437 1408 1526 1471; x_wconf 91' lang='lat' dir='ltr'>uti</span> <span class='ocrx_word' id='word_1_133' title='bbox 1548 1408 1649 1470; x_wconf 78' lang='lat' dir='ltr'>illo</span> <span class='ocrx_word' id='word_1_134' title='bbox 1683 1406 1928 1484; x_wconf 85' lang='lat' dir='ltr'>quidem</span> <span class='ocrx_word' id='word_1_135' title='bbox 1953 1409 2111 1482; x_wconf 86' lang='lat' dir='ltr'>licet,</span> <span class='ocrx_word' id='word_1_136' title='bbox 2148 1411 2267 1470; x_wconf 87' lang='lat' dir='ltr'>sed</span> 
     </span>
     <span class='ocr_line' id='line_1_17' title="bbox 180 1490 2268 1570; baseline 0.001 -18"><span class='ocrx_word' id='word_1_137' title='bbox 180 1490 346 1552; x_wconf 87' lang='lat' dir='ltr'>sicut</span> <span class='ocrx_word' id='word_1_138' title='bbox 367 1508 588 1551; x_wconf 91' lang='lat' dir='ltr'>somno</span> <span class='ocrx_word' id='word_1_139' title='bbox 620 1497 681 1552; x_wconf 91' lang='lat' dir='ltr'>et</span> <span class='ocrx_word' id='word_1_140' title='bbox 704 1492 1011 1567; x_wconf 90' lang='lat' dir='ltr'>quietibus</span> <span class='ocrx_word' id='word_1_141' title='bbox 1037 1492 1296 1555; x_wconf 84' lang='lat' dir='ltr'>caeteris</span> <span class='ocrx_word' id='word_1_142' title='bbox 1321 1499 1445 1553; x_wconf 91' lang='lat' dir='ltr'>tum</span> <span class='ocrx_word' id='word_1_143' title='bbox 1462 1541 1477 1567; x_wconf 94' lang='lat'>‚</span> <span class='ocrx_word' id='word_1_144' title='bbox 1516 1511 1705 1570; x_wconf 91' lang='lat' dir='ltr'>quum</span> <span class='ocrx_word' id='word_1_145' title='bbox 1737 1493 2029 1570; x_wconf 84' lang='lat' dir='ltr'>gravibus</span> <span class='ocrx_word' id='word_1_146' title='bbox 2058 1492 2268 1554; x_wconf 88' lang='lat' dir='ltr'>seriis·</span> 
     </span>
     <span class='ocr_line' id='line_1_18' title="bbox 182 1574 2265 1653; baseline 0.002 -20"><span class='ocrx_word' id='word_1_147' title='bbox 182 1591 309 1650; x_wconf 90' lang='lat' dir='ltr'>que</span> <span class='ocrx_word' id='word_1_148' title='bbox 355 1575 542 1635; x_wconf 90' lang='lat' dir='ltr'>rebus</span> <span class='ocrx_word' id='word_1_149' title='bbox 587 1574 736 1636; x_wconf 86' lang='lat' dir='ltr'>satis</span> <span class='ocrx_word' id='word_1_150' title='bbox 789 1575 1133 1638; x_wconf 75' lang='lat' dir='ltr'>fecerimus.</span> <span class='ocrx_word' id='word_1_151' title='bbox 1222 1579 1556 1652; x_wconf 86' lang='lat' dir='ltr'>Ipsumque</span> <span class='ocrx_word' id='word_1_152' title='bbox 1597 1593 1795 1653; x_wconf 82' lang='lat' dir='ltr'>genus</span> <span class='ocrx_word' id='word_1_153' title='bbox 1840 1574 2086 1637; x_wconf 89' lang='lat' dir='ltr'>iocandi</span> <span class='ocrx_word' id='word_1_154' title='bbox 2136 1593 2265 1637; x_wconf 89' lang='lat' dir='ltr'>non</span> 
     </span>
     <span class='ocr_line' id='line_1_19' title="bbox 180 1657 2267 1735; baseline 0.001 -18"><span class='ocrx_word' id='word_1_155' title='bbox 180 1659 509 1734; x_wconf 79' lang='lat' dir='ltr'>profusum</span> <span class='ocrx_word' id='word_1_156' title='bbox 539 1674 655 1718; x_wconf 89' lang='lat' dir='ltr'>nec</span> <span class='ocrx_word' id='word_1_157' title='bbox 683 1657 1147 1733; x_wconf 90' lang='lat' dir='ltr'>immodestum,</span> <span class='ocrx_word' id='word_1_158' title='bbox 1202 1661 1312 1722; x_wconf 93' lang='lat' dir='ltr'>sed</span> <span class='ocrx_word' id='word_1_159' title='bbox 1345 1659 1674 1735; x_wconf 88' lang='lat' dir='ltr'>ingenuum</span> <span class='ocrx_word' id='word_1_160' title='bbox 1709 1667 1771 1721; x_wconf 85' lang='lat' dir='ltr'>et</span> <span class='ocrx_word' id='word_1_161' title='bbox 1812 1663 2077 1721; x_wconf 81' lang='lat' dir='ltr'>facetum</span> <span class='ocrx_word' id='word_1_162' title='bbox 2118 1677 2267 1720; x_wconf 87' lang='lat' dir='ltr'>esse</span> 
     </span>
     <span class='ocr_line' id='line_1_20' title="bbox 114 1741 2261 1822; baseline 0 -19"><span class='ocrx_word' id='word_1_163' title='bbox 114 1818 121 1822; x_wconf 12' lang='grc' dir='ltr'><strong><em>ἢ</em></strong></span> <span class='ocrx_word' id='word_1_164' title='bbox 186 1742 392 1804; x_wconf 89' lang='lat' dir='ltr'>debet.</span> <span class='ocrx_word' id='word_1_165' title='bbox 465 1743 547 1804; x_wconf 94' lang='lat' dir='ltr'>Ut</span> <span class='ocrx_word' id='word_1_166' title='bbox 572 1741 734 1803; x_wconf 90' lang='lat' dir='ltr'>enim</span> <span class='ocrx_word' id='word_1_167' title='bbox 765 1743 972 1819; x_wconf 85' lang='lat' dir='ltr'>pueris</span> <span class='ocrx_word' id='word_1_168' title='bbox 1001 1761 1124 1806; x_wconf 88' lang='lat' dir='ltr'>non</span> <span class='ocrx_word' id='word_1_169' title='bbox 1156 1760 1400 1804; x_wconf 87' lang='lat' dir='ltr'>omnem</span> <span class='ocrx_word' id='word_1_170' title='bbox 1425 1743 1673 1804; x_wconf 92' lang='lat' dir='ltr'>ludendi</span> <span class='ocrx_word' id='word_1_171' title='bbox 1693 1742 1994 1805; x_wconf 87' lang='lat' dir='ltr'>licentiam</span> <span class='ocrx_word' id='word_1_172' title='bbox 2021 1744 2261 1816; x_wconf 76' lang='lat' dir='ltr'>damus</span> 
     </span>
     <span class='ocr_line' id='line_1_21' title="bbox 181 1826 2266 1905; baseline -0 -16"><span class='ocrx_word' id='word_1_173' title='bbox 181 1829 298 1889; x_wconf 91' lang='lat' dir='ltr'>sed</span> <span class='ocrx_word' id='word_1_174' title='bbox 332 1844 498 1903; x_wconf 86' lang='lat' dir='ltr'>eam,</span> <span class='ocrx_word' id='word_1_175' title='bbox 551 1843 709 1905; x_wconf 88' lang='lat' dir='ltr'>quae</span> <span class='ocrx_word' id='word_1_176' title='bbox 750 1828 824 1888; x_wconf 89' lang='lat' dir='ltr'>ab</span> <span class='ocrx_word' id='word_1_177' title='bbox 863 1826 1206 1889; x_wconf 89' lang='lat' dir='ltr'>honestatis</span> <span class='ocrx_word' id='word_1_178' title='bbox 1236 1826 1580 1890; x_wconf 87' lang='lat' dir='ltr'>actionibus</span> <span class='ocrx_word' id='word_1_179' title='bbox 1621 1844 1745 1889; x_wconf 90' lang='lat' dir='ltr'>nou</span> <span class='ocrx_word' id='word_1_180' title='bbox 1778 1827 1858 1889; x_wconf 90' lang='lat' dir='ltr'>sit</span> <span class='ocrx_word' id='word_1_181' title='bbox 1886 1827 2118 1902; x_wconf 84' lang='lat' dir='ltr'>aliena,</span> <span class='ocrx_word' id='word_1_182' title='bbox 2172 1826 2266 1889; x_wconf 90' lang='lat' dir='ltr'>sic</span> 
     </span>
     <span class='ocr_line' id='line_1_22' title="bbox 182 1910 2266 1988; baseline 0 -17"><span class='ocrx_word' id='word_1_183' title='bbox 182 1912 242 1973; x_wconf 79' lang='lat' dir='ltr'>in</span> <span class='ocrx_word' id='word_1_184' title='bbox 277 1914 414 1988; x_wconf 89' lang='lat' dir='ltr'>ipso</span> <span class='ocrx_word' id='word_1_185' title='bbox 446 1912 587 1975; x_wconf 89' lang='lat' dir='ltr'>ioco</span> <span class='ocrx_word' id='word_1_186' title='bbox 618 1912 865 1988; x_wconf 89' lang='lat' dir='ltr'>aliquod</span> <span class='ocrx_word' id='word_1_187' title='bbox 899 1911 1078 1987; x_wconf 89' lang='lat' dir='ltr'>probi</span> <span class='ocrx_word' id='word_1_188' title='bbox 1109 1910 1336 1987; x_wconf 88' lang='lat' dir='ltr'>ingenii</span> <span class='ocrx_word' id='word_1_189' title='bbox 1371 1914 1574 1974; x_wconf 92' lang='lat' dir='ltr'>lumen</span> <span class='ocrx_word' id='word_1_190' title='bbox 1606 1914 1867 1973; x_wconf 84' lang='lat' dir='ltr'>eluceat.</span> <span class='ocrx_word' id='word_1_191' title='bbox 1960 1911 2098 1972; x_wconf 83' lang='lat'><strong>104.</strong></span> <span class='ocrx_word' id='word_1_192' title='bbox 2143 1911 2266 1972; x_wconf 90' lang='lat' dir='ltr'>Du-</span> 
     </span>
     <span class='ocr_line' id='line_1_23' title="bbox 184 1995 2264 2072; baseline 0 -16"><span class='ocrx_word' id='word_1_193' title='bbox 184 1999 329 2072; x_wconf 88' lang='lat' dir='ltr'>·plex</span> <span class='ocrx_word' id='word_1_194' title='bbox 374 1997 754 2059; x_wconf 81' lang='lat' dir='ltr'>omnino‘est</span> <span class='ocrx_word' id='word_1_195' title='bbox 795 1995 1042 2058; x_wconf 90' lang='lat' dir='ltr'>iocandi</span> <span class='ocrx_word' id='word_1_196' title='bbox 1069 2011 1298 2072; x_wconf 86' lang='lat' dir='ltr'>genus,</span> <span class='ocrx_word' id='word_1_197' title='bbox 1348 2013 1537 2057; x_wconf 88' lang='lat' dir='ltr'>unum</span> <span class='ocrx_word' id='word_1_198' title='bbox 1587 1995 1911 2069; x_wconf 90' lang='lat' dir='ltr'>illiberale,</span> <span class='ocrx_word' id='word_1_199' title='bbox 1957 1996 2264 2070; x_wconf 77' lang='lat' dir='ltr'>petulanS,</span> 
     </span>
     <span class='ocr_line' id='line_1_24' title="bbox 185 2078 2265 2157; baseline -0.001 -17"><span class='ocrx_word' id='word_1_200' title='bbox 185 2080 588 2157; x_wconf 83' lang='lat' dir='ltr'>flagitiosum,</span> <span class='ocrx_word' id='word_1_201' title='bbox 635 2082 1046 2156; x_wconf 90' lang='lat' dir='ltr'>obscoenum,</span> <span class='ocrx_word' id='word_1_202' title='bbox 1090 2083 1344 2141; x_wconf 88' lang='lat' dir='ltr'>alterum</span> <span class='ocrx_word' id='word_1_203' title='bbox 1387 2081 1671 2156; x_wconf 79' lang='lat' dir='ltr'>eleganS,</span> <span class='ocrx_word' id='word_1_204' title='bbox 1715 2081 2046 2152; x_wconf 90' lang='lat' dir='ltr'>urbanum,</span> <span class='ocrx_word' id='word_1_205' title='bbox 2097 2078 2265 2154; x_wconf 87' lang='lat' dir='ltr'>inge·</span> 
     </span>
     <span class='ocr_line' id='line_1_25' title="bbox 187 2163 2266 2239; baseline 0 -17"><span class='ocrx_word' id='word_1_206' title='bbox 187 2163 460 2237; x_wconf 87' lang='lat' dir='ltr'>niosum,</span> <span class='ocrx_word' id='word_1_207' title='bbox 516 2166 799 2224; x_wconf 81' lang='lat' dir='ltr'>facetum.</span> <span class='ocrx_word' id='word_1_208' title='bbox 881 2166 1012 2238; x_wconf 82' lang='lat' dir='ltr'>Quo</span> <span class='ocrx_word' id='word_1_209' title='bbox 1055 2180 1286 2239; x_wconf 84' lang='lat' dir='ltr'>genere</span> <span class='ocrx_word' id='word_1_210' title='bbox 1332 2181 1454 2225; x_wconf 90' lang='lat' dir='ltr'>non</span> <span class='ocrx_word' id='word_1_211' title='bbox 1505 2164 1691 2224; x_wconf 91' lang='lat' dir='ltr'>modo</span> <span class='ocrx_word' id='word_1_212' title='bbox 1743 2165 1993 2224; x_wconf 88' lang='lat' dir='ltr'>Plautus</span> <span class='ocrx_word' id='word_1_213' title='bbox 2048 2168 2266 2223; x_wconf 88' lang='lat' dir='ltr'>noster</span> 
     </span>
     <span class='ocr_line' id='line_1_26' title="bbox 184 2246 2264 2323; baseline -0 -18"><span class='ocrx_word' id='word_1_214' title='bbox 184 2252 249 2305; x_wconf 91' lang='lat' dir='ltr'>et</span> <span class='ocrx_word' id='word_1_215' title='bbox 278 2246 618 2307; x_wconf 85' lang='lat' dir='ltr'>Atticorum</span> <span class='ocrx_word' id='word_1_216' title='bbox 663 2246 912 2322; x_wconf 88' lang='lat' dir='ltr'>antiqua</span> <span class='ocrx_word' id='word_1_217' title='bbox 951 2247 1301 2320; x_wconf 89' lang='lat' dir='ltr'>comoedia,</span> <span class='ocrx_word' id='word_1_218' title='bbox 1354 2248 1466 2307; x_wconf 90' lang='lat' dir='ltr'>sed</span> <span class='ocrx_word' id='word_1_219' title='bbox 1512 2246 1689 2307; x_wconf 85' lang='lat' dir='ltr'>etiam</span> <span class='ocrx_word' id='word_1_220' title='bbox 1748 2246 2264 2323; x_wconf 88' lang='lat' dir='ltr'>philosophorum</span> 
     </span>
     <span class='ocr_line' id='line_1_27' title="bbox 189 2325 2266 2405; baseline 0 -16"><span class='ocrx_word' id='word_1_221' title='bbox 189 2325 646 2390; x_wconf 86' lang='lat' dir='ltr'>Socraticorum</span> <span class='ocrx_word' id='word_1_222' title='bbox 699 2329 832 2389; x_wconf 87' lang='lat' dir='ltr'>libri</span> <span class='ocrx_word' id='word_1_223' title='bbox 868 2331 1074 2391; x_wconf 75' lang='lat' dir='ltr'>referti</span> <span class='ocrx_word' id='word_1_224' title='bbox 1116 2339 1291 2404; x_wconf 89' lang='lat' dir='ltr'>sunt,</span> <span class='ocrx_word' id='word_1_225' title='bbox 1344 2332 1655 2405; x_wconf 85' lang='lat' dir='ltr'>multaque</span> <span class='ocrx_word' id='word_1_226' title='bbox 1697 2334 2023 2392; x_wconf 89' lang='lat' dir='ltr'>multorum</span> <span class='ocrx_word' id='word_1_227' title='bbox 2068 2332 2266 2390; x_wconf 81' lang='lat' dir='ltr'>facete</span> 
     </span>
     <span class='ocr_line' id='line_1_28' title="bbox 186 2411 2270 2491; baseline 0 -20"><span class='ocrx_word' id='word_1_228' title='bbox 186 2411 378 2484; x_wconf 88' lang='lat' dir='ltr'>dicta,</span> <span class='ocrx_word' id='word_1_229' title='bbox 411 2420 478 2473; x_wconf 91' lang='lat' dir='ltr'>ut</span> <span class='ocrx_word' id='word_1_230' title='bbox 506 2429 611 2486; x_wconf 86' lang='lat' dir='ltr'>ea,</span> <span class='ocrx_word' id='word_1_231' title='bbox 653 2429 814 2488; x_wconf 89' lang='lat' dir='ltr'>quae</span> <span class='ocrx_word' id='word_1_232' title='bbox 843 2430 881 2474; x_wconf 91' lang='lat' dir='ltr'>a</span> <span class='ocrx_word' id='word_1_233' title='bbox 909 2429 1059 2475; x_wconf 92' lang='lat' dir='ltr'>sene</span> <span class='ocrx_word' id='word_1_234' title='bbox 1084 2414 1314 2476; x_wconf 88' lang='lat' dir='ltr'>Catone</span> <span class='ocrx_word' id='word_1_235' title='bbox 1347 2416 1605 2476; x_wconf 86' lang='lat' dir='ltr'>collecta</span> <span class='ocrx_word' id='word_1_236' title='bbox 1635 2422 1809 2487; x_wconf 87' lang='lat' dir='ltr'>sunt,</span> <span class='ocrx_word' id='word_1_237' title='bbox 1852 2431 2012 2491; x_wconf 87' lang='lat' dir='ltr'>quae</span> <span class='ocrx_word' id='word_1_238' title='bbox 2039 2420 2270 2475; x_wconf 83' lang='lat' dir='ltr'>vocant</span> 
     </span>
     <span class='ocr_line' id='line_1_29' title="bbox 185 2459 2267 2576; baseline 0 -22"><span class='ocrx_word' id='word_1_239' title='bbox 185 2459 694 2576; x_wconf 75' lang='grc' dir='ltr'><strong><em>ἀποφθέγματα.</em></strong></span> <span class='ocrx_word' id='word_1_240' title='bbox 779 2497 998 2559; x_wconf 87' lang='lat' dir='ltr'>Facilis</span> <span class='ocrx_word' id='word_1_241' title='bbox 1044 2497 1229 2573; x_wconf 86' lang='lat' dir='ltr'>igitur</span> <span class='ocrx_word' id='word_1_242' title='bbox 1268 2506 1365 2559; x_wconf 89' lang='lat' dir='ltr'>est</span> <span class='ocrx_word' id='word_1_243' title='bbox 1410 2498 1719 2559; x_wconf 89' lang='lat' dir='ltr'>distinctio</span> <span class='ocrx_word' id='word_1_244' title='bbox 1764 2497 2011 2573; x_wconf 87' lang='lat' dir='ltr'>ingenui</span> <span class='ocrx_word' id='word_1_245' title='bbox 2052 2504 2116 2558; x_wconf 87' lang='lat' dir='ltr'>et</span> <span class='ocrx_word' id='word_1_246' title='bbox 2159 2495 2267 2557; x_wconf 90' lang='lat' dir='ltr'>illi-</span> 
     </span>
     <span class='ocr_line' id='line_1_30' title="bbox 186 2579 2267 2659; baseline 0.001 -22"><span class='ocrx_word' id='word_1_247' title='bbox 186 2579 456 2642; x_wconf 83' lang='lat' dir='ltr'>beralis</span> <span class='ocrx_word' id='word_1_248' title='bbox 442 2579 581 2643; x_wconf 81' lang='lat' dir='ltr'>toci.</span> <span class='ocrx_word' id='word_1_249' title='bbox 657 2582 830 2641; x_wconf 89' lang='lat' dir='ltr'>Alter</span> <span class='ocrx_word' id='word_1_250' title='bbox 853 2590 965 2656; x_wconf 90' lang='lat' dir='ltr'>est,</span> <span class='ocrx_word' id='word_1_251' title='bbox 995 2580 1051 2643; x_wconf 90' lang='lat' dir='ltr'>si</span> <span class='ocrx_word' id='word_1_252' title='bbox 1078 2589 1359 2658; x_wconf 87' lang='lat' dir='ltr'>tempore</span> <span class='ocrx_word' id='word_1_253' title='bbox 1389 2583 1487 2656; x_wconf 87' lang='lat' dir='ltr'>fit,</span> <span class='ocrx_word' id='word_1_254' title='bbox 1517 2582 1570 2642; x_wconf 90' lang='lat' dir='ltr'>si</span> <span class='ocrx_word' id='word_1_255' title='bbox 1597 2580 1859 2644; x_wconf 87' lang='lat' dir='ltr'>remisso</span> <span class='ocrx_word' id='word_1_256' title='bbox 1885 2580 2110 2655; x_wconf 91' lang='lat' dir='ltr'>animo,</span> <span class='ocrx_word' id='word_1_257' title='bbox 2142 2582 2267 2659; x_wconf 76' lang='lat' dir='ltr'>[in-</span> 
     </span>
     <span class='ocr_line' id='line_1_31' title="bbox 180 2664 2268 2743; baseline 0 -18"><span class='ocrx_word' id='word_1_258' title='bbox 180 2665 398 2743; x_wconf 68' lang='lat' dir='ltr'>eenuo]</span> <span class='ocrx_word' id='word_1_259' title='bbox 433 2665 678 2726; x_wconf 90' lang='lat' dir='ltr'>homine</span> <span class='ocrx_word' id='word_1_260' title='bbox 719 2664 972 2741; x_wconf 86' lang='lat' dir='ltr'>dignus,</span> <span class='ocrx_word' id='word_1_261' title='bbox 1004 2668 1160 2726; x_wconf 86' lang='lat' dir='ltr'>alter</span> <span class='ocrx_word' id='word_1_262' title='bbox 1185 2683 1263 2726; x_wconf 90' lang='lat' dir='ltr'>ne</span> <span class='ocrx_word' id='word_1_263' title='bbox 1295 2665 1487 2727; x_wconf 89' lang='lat' dir='ltr'>libero</span> <span class='ocrx_word' id='word_1_264' title='bbox 1521 2664 1798 2741; x_wconf 91' lang='lat' dir='ltr'>quidem,</span> <span class='ocrx_word' id='word_1_265' title='bbox 1828 2667 1878 2725; x_wconf 91' lang='lat' dir='ltr'>si</span> <span class='ocrx_word' id='word_1_266' title='bbox 1909 2681 2115 2726; x_wconf 89' lang='lat' dir='ltr'>rerum</span> <span class='ocrx_word' id='word_1_267' title='bbox 2146 2673 2268 2725; x_wconf 88' lang='lat' dir='ltr'>tur·</span> 
     </span>
     <span class='ocr_line' id='line_1_32' title="bbox 185 2747 2267 2822; baseline 0 -15"><span class='ocrx_word' id='word_1_268' title='bbox 185 2747 443 2822; x_wconf 90' lang='lat' dir='ltr'>pitudini</span> <span class='ocrx_word' id='word_1_269' title='bbox 497 2749 819 2811; x_wconf 87' lang='lat' dir='ltr'>adhibetur</span> <span class='ocrx_word' id='word_1_270' title='bbox 873 2750 1202 2810; x_wconf 84' lang='lat' dir='ltr'>verborum</span> <span class='ocrx_word' id='word_1_271' title='bbox 1259 2748 1677 2811; x_wconf 80' lang='lat' dir='ltr'>obscoenitas,</span> <span class='ocrx_word' id='word_1_272' title='bbox 1761 2748 2037 2810; x_wconf 88' lang='lat' dir='ltr'>Ludendi</span> <span class='ocrx_word' id='word_1_273' title='bbox 2083 2747 2267 2809; x_wconf 87' lang='lat' dir='ltr'>etiam</span> 
     </span>
     <span class='ocr_line' id='line_1_33' title="bbox 184 2830 2267 2910; baseline 0.001 -21"><span class='ocrx_word' id='word_1_274' title='bbox 184 2839 283 2891; x_wconf 88' lang='lat' dir='ltr'>est</span> <span class='ocrx_word' id='word_1_275' title='bbox 315 2830 560 2906; x_wconf 89' lang='lat' dir='ltr'>quidam</span> <span class='ocrx_word' id='word_1_276' title='bbox 591 2836 812 2895; x_wconf 88' lang='lat' dir='ltr'>modus</span> <span class='ocrx_word' id='word_1_277' title='bbox 845 2832 1232 2906; x_wconf 87' lang='lat' dir='ltr'>retinendus,</span> <span class='ocrx_word' id='word_1_278' title='bbox 1273 2842 1340 2893; x_wconf 93' lang='lat' dir='ltr'>ut</span> <span class='ocrx_word' id='word_1_279' title='bbox 1368 2849 1447 2894; x_wconf 92' lang='lat' dir='ltr'>ne</span> <span class='ocrx_word' id='word_1_280' title='bbox 1488 2832 1667 2895; x_wconf 89' lang='lat' dir='ltr'>nimis</span> <span class='ocrx_word' id='word_1_281' title='bbox 1699 2832 1902 2894; x_wconf 87' lang='lat' dir='ltr'>omnia</span> <span class='ocrx_word' id='word_1_282' title='bbox 1935 2832 2267 2910; x_wconf 82' lang='lat' dir='ltr'>profunda-</span> 
     </span>
     <span class='ocr_line' id='line_1_34' title="bbox 186 2915 2269 2993; baseline 0 -18"><span class='ocrx_word' id='word_1_283' title='bbox 186 2932 322 2976; x_wconf 88' lang='lat' dir='ltr'>mus</span> <span class='ocrx_word' id='word_1_284' title='bbox 358 2915 625 2991; x_wconf 88' lang='lat' dir='ltr'>elatique</span> <span class='ocrx_word' id='word_1_285' title='bbox 652 2919 972 2993; x_wconf 87' lang='lat' dir='ltr'>voluptate</span> <span class='ocrx_word' id='word_1_286' title='bbox 1012 2915 1070 2975; x_wconf 91' lang='lat' dir='ltr'>in</span> <span class='ocrx_word' id='word_1_287' title='bbox 1105 2916 1374 2992; x_wconf 86' lang='lat' dir='ltr'>aliquam</span> <span class='ocrx_word' id='word_1_288' title='bbox 1417 2915 1855 2993; x_wconf 85' lang='lat' dir='ltr'>turpitudinem</span> <span class='ocrx_word' id='word_1_289' title='bbox 1887 2916 2269 2977; x_wconf 89' lang='lat' dir='ltr'>delabamur.</span> 
     </span>
     <span class='ocr_line' id='line_1_35' title="bbox 185 2999 2270 3076; baseline -0 -17"><span class='ocrx_word' id='word_1_290' title='bbox 185 2999 597 3075; x_wconf 79' lang='lat' dir='ltr'>Suppeditant</span> <span class='ocrx_word' id='word_1_291' title='bbox 634 3008 837 3061; x_wconf 88' lang='lat' dir='ltr'>autem</span> <span class='ocrx_word' id='word_1_292' title='bbox 879 3007 942 3060; x_wconf 89' lang='lat' dir='ltr'>et</span> <span class='ocrx_word' id='word_1_293' title='bbox 971 3017 1227 3076; x_wconf 87' lang='lat' dir='ltr'>campus</span> <span class='ocrx_word' id='word_1_294' title='bbox 1269 3008 1486 3062; x_wconf 88' lang='lat' dir='ltr'>noster</span> <span class='ocrx_word' id='word_1_295' title='bbox 1514 3008 1577 3061; x_wconf 88' lang='lat' dir='ltr'>et</span> <span class='ocrx_word' id='word_1_296' title='bbox 1606 3000 1809 3061; x_wconf 88' lang='lat' dir='ltr'>studia</span> <span class='ocrx_word' id='word_1_297' title='bbox 1844 3000 2117 3061; x_wconf 81' lang='lat' dir='ltr'>venandi</span> <span class='ocrx_word' id='word_1_298' title='bbox 2163 3000 2270 3059; x_wconf 92' lang='lat' dir='ltr'>ho·</span> 
     </span>
     <span class='ocr_line' id='line_1_36' title="bbox 185 3084 977 3161; baseline 0.003 -20"><span class='ocrx_word' id='word_1_299' title='bbox 185 3091 363 3144; x_wconf 88' lang='lat' dir='ltr'>nesta</span> <span class='ocrx_word' id='word_1_300' title='bbox 391 3085 673 3161; x_wconf 87' lang='lat' dir='ltr'>exempla</span> <span class='ocrx_word' id='word_1_301' title='bbox 708 3084 977 3145; x_wconf 90' lang='lat' dir='ltr'>ludendi.</span> 
     </span>
    </p>

    <p class='ocr_par' dir='ltr' id='par_1_3' title="bbox 184 3165 2277 3411">
     <span class='ocr_line' id='line_1_37' title="bbox 308 3165 2271 3243; baseline 0.001 -16"><span class='ocrx_word' id='word_1_302' title='bbox 308 3168 494 3229; x_wconf 89' lang='lat' dir='ltr'>XXX.</span> <span class='ocrx_word' id='word_1_303' title='bbox 547 3168 686 3227; x_wconf 89' lang='lat'><strong>105.</strong></span> <span class='ocrx_word' id='word_1_304' title='bbox 775 3168 898 3228; x_wconf 89' lang='lat' dir='ltr'>Sed</span> <span class='ocrx_word' id='word_1_305' title='bbox 930 3165 1196 3243; x_wconf 86' lang='lat' dir='ltr'>pertinet</span> <span class='ocrx_word' id='word_1_306' title='bbox 1231 3168 1308 3226; x_wconf 87' lang='lat' dir='ltr'>ad</span> <span class='ocrx_word' id='word_1_307' title='bbox 1342 3183 1584 3228; x_wconf 87' lang='lat' dir='ltr'>omnem</span> <span class='ocrx_word' id='word_1_308' title='bbox 1619 3167 1805 3229; x_wconf 78' lang='lat' dir='ltr'>officii</span> <span class='ocrx_word' id='word_1_309' title='bbox 1834 3167 2271 3243; x_wconf 89' lang='lat' dir='ltr'>quaestionem</span> 
     </span>
     <span class='ocr_line' id='line_1_38' title="bbox 185 3250 2272 3327; baseline 0.002 -20"><span class='ocrx_word' id='word_1_310' title='bbox 185 3264 432 3324; x_wconf 87' lang='lat' dir='ltr'>semper</span> <span class='ocrx_word' id='word_1_311' title='bbox 473 3250 532 3311; x_wconf 90' lang='lat' dir='ltr'>in</span> <span class='ocrx_word' id='word_1_312' title='bbox 577 3258 868 3327; x_wconf 89' lang='lat' dir='ltr'>promptu</span> <span class='ocrx_word' id='word_1_313' title='bbox 918 3251 1147 3310; x_wconf 89' lang='lat' dir='ltr'>habere</span> <span class='ocrx_word' id='word_1_314' title='bbox 1192 3258 1486 3325; x_wconf 89' lang='lat' dir='ltr'>quantum</span> <span class='ocrx_word' id='word_1_315' title='bbox 1526 3257 1743 3312; x_wconf 85' lang='lat' dir='ltr'>natura</span> <span class='ocrx_word' id='word_1_316' title='bbox 1785 3251 2049 3313; x_wconf 86' lang='lat' dir='ltr'>hominis</span> <span class='ocrx_word' id='word_1_317' title='bbox 2081 3267 2272 3327; x_wconf 88' lang='lat' dir='ltr'>pecu·</span> 
     </span>
     <span class='ocr_line' id='line_1_39' title="bbox 184 3329 2277 3411; baseline 0.002 -21"><span class='ocrx_word' id='word_1_318' title='bbox 184 3329 367 3394; x_wconf 83' lang='lat' dir='ltr'>dibus</span> <span class='ocrx_word' id='word_1_319' title='bbox 399 3333 779 3411; x_wconf 89' lang='lat' dir='ltr'>reliquisque</span> <span class='ocrx_word' id='word_1_320' title='bbox 810 3334 1006 3395; x_wconf 87' lang='lat' dir='ltr'>beluis</span> <span class='ocrx_word' id='word_1_321' title='bbox 1039 3335 1381 3395; x_wconf 84' lang='lat' dir='ltr'>antecedat.</span> <span class='ocrx_word' id='word_1_322' title='bbox 1460 3336 1605 3395; x_wconf 87' lang='lat' dir='ltr'>lllae</span> <span class='ocrx_word' id='word_1_323' title='bbox 1647 3334 1790 3396; x_wconf 86' lang='lat' dir='ltr'>nihil</span> <span class='ocrx_word' id='word_1_324' title='bbox 1833 3334 2110 3396; x_wconf 77' lang='lat' dir='ltr'>sentiunt</span> <span class='ocrx_word' id='word_1_325' title='bbox 2152 3332 2277 3397; x_wconf 81' lang='lat' dir='ltr'>nisi</span> 
     </span>
    </p>
   </div>
  </div>
 </body>
</html>
