2381 3723
149 111 189 172 6
418 143 421 147 ·
961 114 1064 174 DE
1101 115 1424 176 OFFlcns

150 264 327 324 beate
361 263 688 325 vivendum
724 265 1138 327 necessariam
1182 266 1485 329 ducimus·
1559 269 1652 327 Ex
1695 283 1817 340 quo
1860 266 2233 343 intelligitur,

153 347 323 423 quod
385 365 628 420 verum,
697 347 957 425 simplex
1011 349 1445 426 sincerumque
1497 350 1603 424 sit,
1673 349 1737 409 id
1768 365 1912 421 esse
1970 357 2242 413 naturae

150 430 412 495 hominis
456 431 858 508 aptissimum.
930 432 1087 495 Huic
1118 434 1251 494 veri
1295 435 1541 495 videndi
1580 432 1898 508 cupiditati
1941 434 2236 501 adiuncta

150 525 248 576 est
295 515 586 590 appetitio
642 517 943 590 quaedam
996 517 1407 594 principatuS,
1464 527 1534 580 ut
1576 516 1803 578 nemini
1841 535 2063 594 parere
2104 519 2234 579 ani·

150 617 286 660 mus
311 599 471 659 bene
499 600 863 665 informatus
894 618 933 662 a
972 609 1189 662 natura
1217 602 1365 663 velit
1391 601 1511 663 nisi
1552 600 1954 679 praecipienti
1982 610 2090 663 aut
2123 603 2233 663 do-

152 683 311 745 centi
339 692 443 744 aut
475 683 744 745 utilitatis
781 701 971 751 causa
1005 685 1165 746 iuste
1200 693 1261 746 et
1300 685 1566 762 legitime
1595 685 1948 761 imperantie
1995 702 2076 747 ex
2101 704 2229 762 quo

149 766 504 842 magnitudo
531 768 713 833 ara-imi
751 768 999 833 exsistit„
1022 769 1550 845 humanarumque
1578 787 1783 831 rerum
1827 770 2230 846 contemptio.

140 853 249 912 ·14.
292 854 421 913 Nec
462 870 612 915 vero
655 853 757 916 illa
794 870 985 928 parva
1024 853 1117 914 vis
1160 862 1417 915 naturae
1449 861 1546 916 est
1586 853 2000 929 rationisque,
2056 855 2232 929 quod

149 954 338 997 unum
369 938 489 1007 hoc
517 937 740 1001 animal
773 938 958 1001 sentit
988 936 1133 1013 quid
1165 938 1246 998 sit
1276 939 1464 1012 orde,
1497 938 1643 1014 quid
1674 937 1756 999 sit
1788 937 1957 1013 quod
1990 938 2230 1012 deceat,

146 1018 207 1080 in
240 1021 414 1081 factis
445 1021 749 1098 dictisque
783 1023 887 1097 qui
913 1023 1156 1083 modus.
1248 1025 1459 1098 Itaque
1491 1039 1704 1083 eorum
1734 1020 2031 1098 ipsorum,
2066 1038 2233 1097 quae

148 1113 401 1182 aspectu
435 1105 807 1181 sentiuntur,
862 1107 1094 1171 nullum
1127 1106 1290 1169 aliud
1324 1105 1546 1167 animal
1577 1105 2079 1182 pulcritudinem,
2124 1123 2231 1167 ve-

147 1197 482 1264 nustatem,
533 1189 1020 1259 convenientiam
1065 1190 1328 1265 partium
1373 1189 1574 1251 sentit.
1663 1191 1853 1264 Quam
1890 1187 2230 1250 similitudi-

148 1292 288 1336 nem
314 1285 532 1338 natura
563 1276 846 1352 ratioque
876 1275 952 1335 ab
990 1274 1185 1336 oculis
1220 1276 1298 1334 ad
1330 1274 1594 1335 animum
1625 1276 2006 1334 transferens
2029 1275 2228 1334 multo

148 1359 327 1419 etiam
380 1359 572 1434 magis
607 1358 1107 1435 pulcritudinem,
1179 1357 1616 1432 constantiam,
1660 1356 1938 1419 ordinem
1983 1356 2044 1417 in
2078 1373 2230 1418 con·

147 1440 299 1500 siliis
331 1441 640 1514 factisque.
665 1443 1156 1503 conservandam
1200 1450 1373 1519 putat
1405 1449 1708 1517 cavetque
1749 1458 1828 1502 ne
1862 1441 2008 1518 quid
2049 1440 2230 1503 inde-

148 1540 294 1587 core
352 1524 781 1589 effeminateve
827 1524 1038 1599 faciat,
1096 1533 1224 1588 tum
1277 1527 1337 1586 in
1385 1524 1666 1587 omnibus
1711 1533 1773 1586 et
1828 1523 2230 1601 opinionibus

146 1617 205 1668 et
238 1608 440 1681 sactis,
483 1625 563 1672 nc
595 1609 742 1684 quid
785 1608 1110 1673 libidinose
1140 1619 1246 1672 aut
1287 1610 1472 1671 faciat
1517 1617 1623 1671 aut
1670 1609 1915 1685 cogitet.
1990 1609 2229 1684 Quibus

147 1708 223 1752 ex
247 1693 432 1757 rebus
459 1693 769 1758 conflatur
786 1702 847 1758 et
876 1693 1136 1759 efficitur
1157 1694 1239 1770 id,
1266 1695 1436 1770 quod
1458 1693 1828 1769 quaerimus,
1856 1694 2226 1759 honestum:

148 1777 314 1850 quod
368 1776 547 1840 etiam
593 1777 646 1839 si
696 1777 1073 1843 nobilitatum
1124 1797 1251 1841 non
1304 1778 1411 1853 sit,
1478 1784 1681 1843 tamen
1731 1777 2065 1843 honestum
2105 1784 2230 1848 est,

145 1861 440 1938 quodque
480 1879 631 1923 vere
671 1860 962 1934 dicimus,
1017 1859 1195 1924 etiam
1238 1861 1291 1923 si
1340 1880 1380 1926 a
1424 1861 1588 1926 nullo
1635 1863 1947 1936 laudetur,
2003 1867 2231 1923 natura

146 1964 288 2009 esse
319 1948 642 2010 laudabile.

267 2033 344 2091 V.
392 2032 675 2094 Formam
700 2030 947 2108 quidem
967 2028 1183 2105 ipsam,
1217 2032 1423 2094 Marce
1447 2030 1547 2104 fili,
1582 2039 1643 2090 et
1664 2039 1973 2103 tamquam
2003 2028 2223 2090 faciem

142 2114 388 2184 honesti
414 2115 617 2190 vides,
663 2120 850 2190 ‘quae
882 2115 936 2176 si
963 2116 1157 2176 oculis
1183 2121 1565 2187 cerneretur,
1608 2112 1916 2174 mirabiles
1946 2116 2222 2175 amores’

142 2189 210 2257 iit
264 2198 348 2258 ait
386 2199 557 2260 Plato
614 2181 937 2261 ‘excifflret
984 2198 1370 2275 sapientiae’.
1460 2198 1587 2259 Sed
1632 2214 1843 2271 omne,
1898 2198 2068 2273 quod
2126 2205 2226 2258 est

141 2281 499 2355 honestum,
543 2282 605 2342 id
650 2288 940 2358 quattuor
970 2284 1232 2357 partium
1264 2280 1456 2348 oritur
1482 2299 1562 2343 ex
1596 2280 1817 2357 aliqua.
1879 2284 2008 2343 Aut
2057 2279 2223 2344 enim

142 2365 202 2427 in
245 2365 684 2442 perspicientia
716 2364 847 2425 veri
893 2366 1290 2442 sollertiaque
1330 2372 1616 2430 versatur
1652 2376 1757 2427 aut
1801 2365 1860 2425 in
1903 2364 2223 2430 hominum
2257 2439 2266 2445 ⁵

142 2449 439 2511 societate
469 2451 700 2512 tuenda
741 2449 1196 2526 tribuendoque
1240 2466 1417 2514 suum
1462 2449 1683 2523 cuique
1728 2457 1790 2511 et
1829 2466 2034 2514 rerum
2077 2464 2223 2512 con-

137 2540 469 2596 tractarum
501 2534 627 2598 fide
655 2541 761 2596 aut
789 2533 851 2595 in
881 2533 1062 2598 animi
1093 2533 1323 2600 excelsi
1347 2540 1533 2609 atque
1562 2532 1771 2600 invicti
1802 2530 2225 2608 magnitudine

139 2634 211 2682 ac
253 2619 485 2681 robore.
531 2627 636 2686 aut
686 2619 746 2679 in
801 2618 1101 2691 omnium,
1164 2634 1324 2693 quae
1383 2617 1537 2677 fiunt
1583 2633 1867 2692 quaeque
1915 2615 2224 2689 dicuntur,

140 2702 355 2766 ordine
414 2712 476 2765 et
539 2706 757 2776 mod0,
820 2703 881 2766 in
930 2720 1056 2778 quo
1110 2701 1274 2766 inest
1321 2698 1624 2764 modestia
1675 2706 1737 2763 et
1791 2699 2220 2774 temperantia.

142 2788 238 2848 15.
279 2787 447 2860 Quae
481 2797 771 2863 quattuor
800 2802 1172 2864 quamquam
1201 2785 1359 2845 inter
1386 2800 1457 2844 se
1487 2783 1770 2859 colligata
1811 2790 1996 2857 atque
2024 2782 2223 2858 impli-

139 2878 278 2934 cata
304 2879 465 2944 sunt,
509 2879 707 2934 tamen
733 2888 812 2934 ex
844 2868 1100 2947 singulis
1132 2875 1301 2931 certa
1323 2866 1665 2930 officiorum
1699 2882 1930 2942 genera
1952 2881 2224 2927 nascun-

139 2962 264 3032 tur,
321 2957 490 3018 velut
537 2974 615 3018 ex
658 2973 732 3017 ea
772 2962 979 3033 parte,
1039 2970 1202 3029 quae
1242 2950 1439 3027 prima
1469 2949 1784 3025 descripta
1823 2956 1950 3023 est,
1998 2947 2059 3009 in
2094 2968 2226 3026 qua

138 3040 499 3117 sapientiam
552 3048 613 3104 et
655 3038 1035 3118 prudentiam
1078 3035 1395 3115 ponimUS‚
1461 3034 1624 3100 inest
1679 3033 1989 3109 indagatio
2031 3040 2228 3109 atque

134 3124 403 3187 inventio
456 3123 613 3199 veri,
672 3124 932 3200 eiusque
989 3120 1227 3184 virtutis
1278 3121 1397 3181 hoc
1448 3135 1671 3181 munus
1729 3126 1827 3178 est
1875 3116 2223 3193 proprium.

139 3208 236 3270 16.
281 3210 362 3269 Ut
403 3208 562 3270 enim
617 3207 881 3285 quisque
921 3206 1183 3270 maxime
1234 3201 1531 3280 perspicit
1571 3200 1718 3278 quid
1759 3201 1819 3260 in
1851 3218 1919 3261 re
1965 3216 2224 3276 quaque

138 3291 519 3353 verissimum
562 3292 642 3353 sit
687 3291 916 3367 quique
956 3288 1311 3352 acutissime
1340 3293 1403 3346 et
1445 3283 1758 3348 celerrime
1791 3289 2002 3360 potest
2037 3291 2099 3343 et
2133 3284 2216 3345 vi-

134 3377 282 3437 dere
325 3381 385 3436 et
426 3375 734 3451 explicare
777 3372 1106 3458 rationem,
1158 3371 1211 3433 is
1242 3368 1756 3448 prudentissimus
1792 3373 1853 3428 et
1886 3364 2223 3441 sapientis-
