2381 3723
183 153 288 210 187
834 145 1002 208 CAP.
1035 154 1226 209 4--6
1261 155 1313 217 S
1347 155 1611 210 14—22.
2140 149 2274 215 377⁹

180 294 475 357 mineant.
568 298 664 358 19.
702 298 881 371 Quae
912 315 1097 373 quum
1129 296 1451 371 eveniunt,
1485 297 1591 374 qui
1618 297 1879 359 victoria
1905 299 2136 374 potitur
2165 302 2270 363 ali-

184 378 335 456 quid
357 379 519 439 etad
549 379 806 455 gloriam
838 389 900 441 et
922 380 1040 441 ad
1024 381 1343 457 lmperium
1369 398 1618 458 semper
1639 380 1925 458 acquirit,
1960 384 2077 444 sed
2101 391 2271 448 tanta

181 469 519 540 praeterea
536 474 739 522 rerum
770 464 1022 526 amissio
1054 472 1387 541 tantusque
1418 474 1703 543 sumptus
1740 466 2171 543 consequitur,
2201 478 2271 530 ut

181 544 387 631 magni
435 551 680 607 constet
708 546 975 609 victoria
1009 565 1084 609 ac
1122 550 1495 626 plerumque
1521 548 1896 645 praestiterit
1936 562 2275 628 numquam

181 646 356 690 arma
381 628 746 706 sumpsisse.
807 630 914 692 Sin
947 631 1297 728 profligatio
1335 632 1642 695 exercitus
1683 640 1788 694 aut
1823 635 2031 695 clades
2063 636 2273 712 aliqua

184 712 510 810 contingit,
546 712 691 773 nihil
735 730 809 775 eo
845 721 1013 776 statu
1041 714 1320 777 miserius
1354 734 1430 777 ne
1474 716 1729 793 cogitari
1758 711 2003 793 quidem
2027 726 2263 795 potest,

182 797 238 859 si
271 796 514 872 quidem
548 796 908 872 captivitati,
939 798 1213 876 inopiae,
1235 800 1455 873 luctui,
1492 800 1869 877 contemptui
1899 800 2268 864 coniunctus

183 888 297 943 est.
385 878 485 941 20.
532 880 657 942 Sed
684 883 780 941 fac
809 897 1016 957 regem
1050 897 1193 945 esse
1220 884 1586 945 abonorum
1616 884 1847 959 impetu
1876 892 1940 945 et
1966 901 2003 944 a
2036 892 2273 949 castro-v

182 981 319 1025 rum
352 966 614 1059 pulvere
655 974 958 1031 remotum
1008 984 1125 1028 sua
1166 973 1406 1043 pacate
1428 966 1885 1043 possidentem,
1940 969 2107 1029 nulla
2156 970 2269 1030 ho-

185 1046 370 1109 stium
413 1046 768 1109 incursione
821 1057 1140 1123 vexatum,
1186 1068 1332 1112 num
1381 1050 1611 1111 idcirco
1654 1050 1872 1124 tutior,
1920 1066 1958 1110 a
2002 1052 2275 1113 miseriis

184 1130 504 1193 securior?
546 1130 746 1208 Quin
730 1149 934 1207 1mrno,
957 1142 1026 1197 ut
1054 1133 1245 1196 otium
1272 1134 1537 1194 humana
1566 1140 1785 1194 natura
1814 1150 1939 1194 non
1970 1136 2101 1207 fert,
2132 1134 2273 1210 ipse

183 1215 304 1276 sibi
336 1216 675 1278 molestiam
711 1233 783 1277 ac
815 1181 1287 1280 sollicitudinem
1333 1217 1663 1278 exhibebit.
1731 1218 1880 1277 Nam
1917 1225 2023 1279 aut
2053 1219 2131 1280 de
2162 1236 2268 1279 au-

182 1298 402 1375 gendis
438 1298 838 1375 vectigalibus
880 1309 987 1362 aut
1015 1302 1094 1363 de
1135 1301 1553 1378 producendis
1599 1281 1822 1362 finiBus
1866 1301 2071 1378 deque
2107 1301 2269 1368 urbi-

181 1384 304 1445 bus
348 1383 430 1455 ad
475 1381 796 1459 imperium
840 1381 1230 1460 acquirendis
1274 1391 1380 1450 aut
1409 1386 1487 1445 de
1525 1383 1851 1460 iungendis
1885 1399 2025 1446 cum
2054 1392 2273 1461 poten·

184 1467 447 1528 tioribus
483 1466 1041 1543 propinquitatibus
1070 1476 1256 1543 atque
1285 1466 1564 1530 amicitiis
1596 1466 1905 1542 cogitabit.
1969 1470 2137 1543 Quae
2164 1466 2270 1544 qui

134 1603 141 1612 ,
186 1549 393 1612 animo
436 1552 627 1626 agitat
667 1568 783 1612 nec
822 1568 860 1611 a
905 1551 1187 1613 molestia
1225 1551 1377 1613 liber
1410 1559 1508 1614 est
1541 1549 1666 1624 'nec
1706 1552 1862 1612 alios
1905 1568 2164 1624 securos
2194 1568 2273 1613 ac

190 1633 603 1710 quietosesse
630 1633 792 1695 sinit.
881 1634 980 1695 21.
1023 1638 1114 1696 De
1136 1635 1388 1708 avaritia
1418 1653 1601 1711 vero,
1633 1635 1897 1696 maxima
1926 1634 2268 1698 animorum

189 1723 399 1795 peste,
426 1716 629 1790 ,nolim
670 1718 792 1779 hoc
839 1719 982 1781 loco
1010 1719 1301 1794 ,pluribus
1352 1719 1698 1795 disputare:
1749 1735 1909 1795 quae
1948 1718 2010 1782 in
2052 1719 2299 1780 deside...

189 1811 377 1878 atque
409 1799 612 1863 otiosa
645 1810 848 1863 mente
879 1819 1062 1879 quam
1102 1802 1365 1867 maxime
1409 1803 1702 1865 exoritur.
1774 1804 1983 1878 anue
2015 1802 2269 1863 erectio-

187 1903 293 1947 res
336 1884 574 1960 animos
623 1886 983 1948 etaltiores
1027 1885 1335 1962 dignitatis
1382 1888 1612 1962 gradus
1658 1885 1919 1945 maxime
1962 1885 2272 1946 sollicitat.

187 1966 350 2030 Huic
390 1967 602 2044 generi
642 1969 917 2030 infimum
960 1970 1278 2033 hominum
1316 1986 1515 2045 genus
1559 1968 1923 2045 opponitur:
1972 1969 2171 2043 quod,
2203 1973 2276 2028 ut

187 2052 439 2113 nomine
467 2052 974 2126 abiectissimum,
1009 2053 1098 2114 sic
1126 2071 1194 2113 re
1227 2069 1477 2129 quoque
1508 2049 1793 2114 omnibus
1826 2050 2273 2111 calamitatibus

189 2142 380 2212 atque
406 2136 747 2211 angoribus
783 2144 882 2198 est
920 2135 1325 2216 propositum.
1387 2134 1542 2196 Huic
1585 2133 1822 2211 inopia,
1854 2134 2082 2207 fameS,
2101 2149 2271 2197 con-

186 2219 475 2293 tumelia,
521 2218 807 2294 iniuriae,
849 2219 1215 2282 tributorum
1268 2219 1527 2293 soluti0,
1570 2217 1817 2279 militiae
1861 2180 2272 2288 incommoda,

190 2300 422 2378 misera
455 2302 723 2378 denique
757 2303 962 2364 omnia
991 2303 1359 2381 perferenda
1400 2309 1572 2377 sunt,
1605 2318 1809 2378 eoque
1839 2299 2123 2361 miserius
2155 2305 2270 2372 est,

194 2386 387 2463 quod
416 2386 677 2449 caeteris
719 2387 1029 2460 omnibuS,
1076 2405 1265 2463 quum
1311 2389 1577 2448 adversa
1613 2388 1856 2448 fortuna
1896 2390 2271 2462 premuntur,

193 2471 500 2546 permulta
529 2477 731 2531 tamen
766 2478 1134 2548 suppetunt,
1168 2487 1204 2530 e
1235 2470 1455 2547 quibus
1491 2470 1982 2547 consolationem
2011 2467 2272 2530 doloris-

197 2570 322 2628 que
351 2552 719 2625 levationem
750 2562 983 2630 petunt.
1070 2553 1170 2613 22.
1210 2556 1296 2630 At
1325 2551 1863 2630 infimamplebem
1892 2561 2110 2619 natura
2138 2551 2275 2626 ipsa

193 2636 364 2697 fatali
397 2638 662 2713 quadam
705 2637 1076 2707 necessitate
1121 2643 1245 2696 tam
1276 2633 1517 2697 abiecto
1552 2641 1795 2710 tamque
1822 2635 1945 2696 imo
1979 2637 2118 2696 loco
2155 2633 2275 2693 col-

192 2719 452 2793 locavit,
504 2727 570 2781 ut
601 2720 890 2782 omnibus
929 2720 1237 2782 aerumnis
1278 2718 1556 2789 subiecta
1602 2720 1787 2792 nulla,
1799 2733 1997 2793 prope
2028 2716 2276 2775 modum

192 2802 438 2864 ratione
494 2803 661 2881 erigi.
702 2803 1165 2869 autsublevari
1215 2802 1433 2880 possit.
1508 2803 1597 2862 Ne
1649 2799 1978 2860 mediocris
2029 2798 2278 2875 quidem

192 2885 511 2954 hominum
535 2888 818 2963 condicio
843 2886 1224 2950 miseriarum
1249 2903 1475 2963 expers
1503 2882 2086 2962 essecognoscitur.
2128 2882 2280 2944 Nam

193 2971 356 3032 inter
403 2987 709 3039 summum
752 2979 815 3033 et
853 2971 1128 3033 infimum
1178 2971 1499 3032 interiecta
1549 2966 1721 3029 alteri
1770 2974 1975 3044 paret,
2022 2967 2279 3027 alterum

197 3052 447 3131 patitur.
511 3055 618 3116 Cui
657 3055 712 3117 si
725 3054 1055 3153 ‘imperare
1089 3061 1337 3131 posset,
1375 3059 1542 3114 certe
1575 3050 1819 3128 longius
1855 3068 1892 3110 a
1920 3047 2166 3110 miseria
2194 3045 2279 3104 di-

196 3144 410 3199 staret.
474 3138 600 3201 Sed
639 3138 783 3214 quia
821 3155 1035 3215 neque
1057 3137 1358 3217 dignitate
1373 3142 1653 3213 praestat
1691 3151 1808 3195 nec
1836 3147 2112 3195 summos
2144 3127 2279 3190 viri-

197 3223 318 3283 bus
354 3222 693 3298 adaequat,
729 3241 845 3285 suo
879 3230 1043 3284 statu
1075 3230 1363 3283 contenta
1394 3236 1537 3282 esse
1563 3218 1822 3295 cogitur.
1890 3218 2102 3290 Itaque
2133 3213 2280 3273 mul-

197 3305 280 3367 tis
322 3303 384 3365 in
428 3305 671 3367 civitate
705 3305 1089 3382 perfungitur
1120 3296 1527 3366 incommodis
1577 3318 1700 3363 non
1746 3299 1863 3361 illis
1896 3295 2143 3376 quidem
2181 3310 2280 3371 pa-

198 3405 336 3450 rum
368 3388 459 3450 rei
488 3388 771 3466 publicae
801 3388 1133 3450 fructuosis
1168 3396 1273 3449 aut
1302 3388 1484 3447 valde
1524 3388 1603 3448 ad
1645 3384 1963 3446 ferendum
1991 3376 2283 3456 gravibus
