2381 3723
0 1454 50 1570 ?2130'5‘
0 1304 51 1430 ‘33³'ss
0 1159 51 1282 usal
0 872 52 1096 imm
6 679 50 849 filiun

0 1803 48 1822 ἕ
13 1635 48 1730 11⁴·-

259 124 383 188 238
1046 124 1541 185 FRAGMENTA.
2261 132 2339 187 48

262 286 458 327 oratore
484 291 599 341 cap.
633 276 718 328 67.
757 279 805 339 S.
831 277 935 328 223
970 293 1050 339 sq.
1123 276 1610 336 Quinctilianus
1658 276 1747 325 lib.
1779 276 1867 325 IX.
1913 290 2022 341 cap.
2061 276 2111 324 2.
2149 277 2199 337 S.
2246 277 2332 327 15.

266 361 631 411 Marcianus
669 360 858 425 Capell.
910 361 996 410 lib.
1037 362 1099 410 de
1134 361 1341 411 Rhetor.
1387 375 1437 425 p.
1473 359 1629 425 429]
1711 344 1868 415 Quid
1910 346 2120 418 iyilm‘,
2174 347 2230 404 Si
2277 352 2336 404 18

263 430 528 490 Scaurus
561 430 849 489 arbitrum
879 431 1197 504 adegisset,
1242 433 1571 490 nimulto
1614 431 1935 488 maiores
1973 435 2331 506 sumptus,

246 517 480 573 xmulto
507 516 827 574 maiores
855 513 1444 590 effusionespro
1470 530 1690 574 censu
1718 522 1841 572 tuo
1869 515 1942 572 in
1972 513 2337 571 columnis

255 598 615 671 fecisses,
672 613 882 671 quam
932 599 1118 673 ipse,
1179 604 1373 658 utrum
1422 599 1658 658 tandem
1686 599 1995 671 sponsione
2022 598 2178 656 vinci
2214 613 2332 654 ne—

259 697 418 741 cesse
448 682 665 753 suisset
677 726 692 751 ,
747 697 955 741 eumne
969 727 984 753 ‚
1040 683 1146 755 qui
1180 684 1245 741 in
1287 689 1407 741 tam
1450 686 1646 757 amplo
1681 684 1777 740 rei
1793 680 2124 754 familiaris
2152 695 2332 753 quam

255 767 501 840 paterni
523 765 771 824 nominis
779 767 1143 840 patrimonio
1168 773 1437 826 ornasset
1473 766 1814 840 diynitatem
1838 766 2032 834 domo,
2075 779 2155 822 an
2177 780 2331 834 eum,

260 851 365 922 qui
381 864 595 921 mayno
622 851 681 908 in
705 865 847 908 aere
870 851 1063 909 alieno
1079 856 1256 909 totam
1273 867 1352 910 ex
1374 850 1543 911 domo
1560 845 1917 923 quaesisset?
1958 848 2056 907 45.
2078 867 2129 905 o.
2161 848 2334 906 Haec

264 949 449 1006 quum
485 939 547 991 tu
579 931 854 1007 effugere
892 949 1011 992 non
1047 932 1380 1008 potuisseS‚
1414 933 1752 994 contendes
1784 939 1981 991 tamen
2019 937 2080 991 et
2112 937 2330 1006 postu-

265 1015 446 1088 labis,
498 1022 566 1074 ut
607 1017 685 1074 Μ.
717 1014 1012 1076 Aemilius
1046 1032 1183 1077 cum
1219 1033 1335 1077 sua
1374 1016 1664 1092 dignitate
1708 1014 1902 1089 omni,
1957 1030 2094 1075 cum
2140 1013 2330 1090 patris

260 1099 583 1171 memoria,
639 1116 775 1159 cum
812 1098 911 1160 avi
941 1100 1135 1174 gloria
1175 1099 1668 1173 sordidissimae,
1724 1098 2089 1171 levissimae,
2123 1097 2330 1158 vanis-

258 1182 453 1244 simae
501 1182 666 1259 genli
714 1199 789 1243 ae
840 1200 1038 1260 prope
1089 1183 1285 1245 dicam
1330 1183 1551 1260 pellitis
1595 1183 1854 1244 testibus
1905 1182 2333 1243 condonetur?

265 1265 656 1333 [Asconius]
735 1268 990 1317 intercidit
1021 1267 1258 1318 refutatio
1295 1268 1609 1318 frumentarii
1644 1269 1870 1318 criminis
1908 1268 1971 1317 de
2005 1266 2218 1317 decimis
2240 1266 2331 1315 tri-

262 1338 369 1386 bus.
444 1336 658 1401 Respice
678 1339 728 1399 S.
755 1339 838 1387 22.
867 1344 916 1386 et
950 1334 1264 1386 Marciani
1288 1335 1523 1402 Capellae
1559 1337 1897 1387 testimonium
1927 1335 2012 1385 lib.
2038 1335 2102 1385 de
2123 1335 2327 1385 Rhetor.

260 1420 312 1471 1).
354 1405 473 1456 418.
515 1406 593 1454 ed.
631 1404 916 1470 capperon.

983 1501 1153 1576 vans..
1177 1537 1220 1575 A
1261 1538 1440 1577 novis.
1488 1538 1606 1577 cut.

473 1610 592 1675 [Ex
630 1614 928 1667 Asconio.
1003 1615 1156 1665 Inde
1193 1615 1265 1664 ab
1304 1614 1555 1680 †signo
1592 1631 1619 1664 e
1654 1614 1789 1665 cod.
1825 1610 2115 1677 Taurin.]

383 1709 594 1769 XXIII.
636 1708 739 1769 46.
829 1753 845 1771 .
871 1753 887 1771 .
913 1753 928 1770 .
958 1710 1244 1787 Undique
1291 1711 1434 1784 mihi
1463 1709 1846 1787 suppeditat,
1902 1708 2070 1784 quod
2101 1724 2213 1783 pro
2245 1710 2326 1769 M.

261 1793 497 1854 Scauro
538 1793 764 1865 dicam,
819 1810 1212 1871 quocumque
1241 1813 1362 1857 non
1406 1796 1591 1856 modo
1625 1811 1831 1867 menS,
1893 1808 2107 1852 verum
2150 1792 2328 1853 etiam

263 1878 423 1940 oculi
473 1877 834 1939 inciderunt.
912 1878 1089 1939 Curia
1120 1880 1221 1940 illa
1270 1898 1386 1942 vos
1440 1882 1520 1941 de
1568 1878 1932 1955 gravissimo
1986 1875 2328 1953 principatu

250 1961 451 2038 patris
480 1961 939 2039 fortissimoque
972 1971 1261 2037 testatur,
1312 1966 1377 2024 L.
1413 1964 1549 2041 ipse
1578 1963 1891 2034 MetelluS,
1943 1977 2098 2021 avus
2128 1960 2328 2033 huiuS,

262 2045 685 2107 sanctissimos
746 2047 900 2109 deos
954 2047 1053 2108 illo
1105 2047 1540 2120 consul-tuisse
1589 2046 1647 2106 in
1702 2047 1931 2121 templo
1977 2043 2219 2105 videtur
2269 2044 2328 2104 in

262 2137 471 2190 vestro
506 2137 875 2205 conspectu,
932 2130 1199 2206 iudiceS‚
1259 2139 1328 2193 ut
1360 2132 1617 2193 salutem
1659 2146 1694 2189 a
1736 2128 1916 2190 vobis
1950 2127 2194 2204 nepotis
2234 2127 2331 2190 sui

263 2214 768 2288 deprecarentur,
825 2215 991 2287 quod
1033 2215 1152 2290 ipsi
1203 2232 1393 2292 saepe
1424 2214 1627 2275 multis
1676 2211 2100 2273 laborantibus
2142 2220 2329 2288 atque

260 2294 724 2371 implorantibus
772 2313 891 2371 ope
936 2315 1049 2358 sua
1080 2298 1545 2359 subvenissent:
1632 2298 1734 2356 47.
1782 2295 2142 2372 Capitolium
2183 2295 2330 2356 illud

264 2378 502 2453 templis
541 2379 735 2439 tribus
776 2378 1170 2454 illustratum,
1229 2381 1497 2458 paternis
1538 2388 1723 2456 atque
1765 2381 1943 2440 etiarn
1987 2379 2164 2440 huius
2207 2396 2330 2439 am-

264 2460 550 2537 plissimis
598 2463 779 2525 donis
829 2463 1026 2525 ornati
1064 2465 1265 2526 aditus
1313 2466 1477 2527 Iovis
1520 2464 1732 2541 optimi
1764 2462 2038 2537 maximi,
2077 2463 2328 2525 Iunonis

259 2544 550 2621 Reginae,
579 2546 892 2608 Minervae
920 2549 999 2608 M.
1033 2548 1332 2610 Scaurum
1362 2550 1529 2624 apud
1553 2565 1652 2610 vos
1679 2552 1961 2610 memoria
1988 2550 2163 2609 huius
2189 2565 2330 2607 mu·-

258 2634 592 2703 nificentiae
630 2639 688 2692 et
716 2634 1087 2694 liberalitates
1106 2635 1385 2709 publicae
1408 2635 1484 2694 ab
1515 2635 1676 2694 omni
1700 2636 1992 2694 avaritiae
2023 2639 2131 2692 aut
2149 2636 2334 2707 cupi—

258 2717 460 2775 ditatis
491 2718 824 2791 suspicione
846 2716 1208 2790 defendunt:
1239 2720 1588 2793 propinqua
1615 2720 1725 2777 illa
1757 2718 1935 2778 aedes
1973 2717 2178 2777 Vestae
2206 2718 2330 2775 ad-

259 2805 454 2858 monet
476 2816 601 2872 vos,
631 2807 698 2860 ut
719 2802 1117 2862 recordemini
1138 2800 1299 2862 illius
1328 2802 1392 2860 L.
1424 2800 1680 2874 Metelli,
1726 2799 2033 2876 pontificis
2066 2798 2329 2870 maximi,

263 2881 394 2956 qui,
436 2899 621 2956 quum
651 2885 944 2960 templum
974 2883 1121 2959 illud
1158 2886 1433 2957 arderet,
1468 2885 1526 2944 in
1560 2883 1797 2946 medios
1829 2902 1899 2945 se
1921 2883 2125 2944 iniecit
2152 2882 2330 2959 ignes

261 2972 324 3025 et
358 2964 577 3040 eripuit
601 2965 847 3027 flamma
873 2968 1203 3028 Palladium
1229 2968 1403 3040 illud,
1437 2970 1601 3044 quod
1630 2967 1808 3043 quasi
1831 2968 2051 3044 pignus
2078 2974 2330 3028 nostrae

260 3050 473 3109 salutis
505 3057 692 3124 atque
745 3051 985 3127 imperii
1010 3051 1309 3114 custodiis
1347 3053 1580 3113 Vestae
1616 3051 1981 3113 continetur.
2069 3048 2168 3112 48.
2215 3049 2330 3125 Qui

256 3132 485 3191 utinam
520 3142 738 3208 posset
769 3151 1095 3212 parumper
1121 3138 1450 3197 exsistere!
1524 3135 1803 3210 Eriperet
1832 3152 1909 3195 ex
1942 3136 2059 3195 hac
2082 3133 2331 3193 flamma

260 3214 512 3288 stirpem
542 3219 820 3291 prolecto
855 3235 1060 3292 suam,
1107 3220 1212 3294 qui
1247 3219 1580 3295 eripuisset
1609 3236 1686 3279 ex
1716 3219 1818 3280 illo
1852 3218 2133 3279 incendio
2167 3217 2331 3277 divi-

263 3311 400 3353 num
429 3299 837 3360 incolumitatis
866 3311 1101 3363 nostrae
1124 3307 1368 3379 pimus.
1439 3304 1786 3364 Permoveor
1821 3305 2167 3376 coaitatione
2204 3309 2330 3361 tam

254 3392 473 3448 parum
501 3385 796 3442 sacerdoti
821 3385 959 3444 deos
983 3403 1108 3445 esse
1121 3390 1409 3464 propitios
1424 3434 1438 3461 ,
1477 3393 1544 3448 ut
1566 3405 1641 3447 ne
1668 3389 1890 3465 servati
1913 3386 2147 3466 quidem
2185 3402 2330 3444 ser-
