<?xml version="1.0" encoding="UTF-8"?>
<!DOCTYPE html PUBLIC "-//W3C//DTD XHTML 1.0 Transitional//EN"
    "http://www.w3.org/TR/xhtml1/DTD/xhtml1-transitional.dtd">
<html xmlns="http://www.w3.org/1999/xhtml" xml:lang="en" lang="en">
 <head>
  <title>
</title>
<meta http-equiv="Content-Type" content="text/html;charset=utf-8" />
  <meta name='ocr-system' content='tesseract 3.04.00' />
  <meta name='ocr-capabilities' content='ocr_page ocr_carea ocr_par ocr_line ocrx_word'/>
</head>
<body>
  <div class='ocr_page' id='page_1' title='image "./scriptaquaemans01wesegoog_0390.png"; bbox 0 0 2381 3723; ppageno 0'>
   <div class='ocr_carea' id='block_1_1' title="bbox 190 112 2288 191">
    <p class='ocr_par' dir='ltr' id='par_1_1' title="bbox 190 112 2288 191">
     <span class='ocr_line' id='line_1_1' title="bbox 190 112 2288 191; baseline 0.001 -10"><span class='ocrx_word' id='word_1_1' title='bbox 190 116 318 181; x_wconf 82' lang='grc'><strong>368</strong></span> <span class='ocrx_word' id='word_1_2' title='bbox 635 116 838 177; x_wconf 86' lang='lat' dir='ltr'><strong>ANTE</strong></span> <span class='ocrx_word' id='word_1_3' title='bbox 870 116 1095 191; x_wconf 75' lang='lat' dir='ltr'><strong>QUAM</strong></span> <span class='ocrx_word' id='word_1_4' title='bbox 1123 115 1302 175; x_wconf 84' lang='lat' dir='ltr'>IRET</span> <span class='ocrx_word' id='word_1_5' title='bbox 1329 112 1405 171; x_wconf 80' lang='grc' dir='ltr'><strong>ΙΝ</strong></span> <span class='ocrx_word' id='word_1_6' title='bbox 1434 113 1826 178; x_wconf 83' lang='lat' dir='ltr'><strong>EXSILIUM.</strong></span> <span class='ocrx_word' id='word_1_7' title='bbox 2184 126 2288 183; x_wconf 74' lang='grc' dir='ltr'><strong>ΠΒ</strong></span> 
     </span>
    </p>
   </div>
   <div class='ocr_carea' id='block_1_2' title="bbox 122 265 2286 3446">
    <p class='ocr_par' dir='ltr' id='par_1_2' title="bbox 122 265 2286 3358">
     <span class='ocr_line' id='line_1_2' title="bbox 192 265 2286 342; baseline 0.001 -13"><span class='ocrx_word' id='word_1_8' title='bbox 192 268 526 330; x_wconf 89' lang='lat' dir='ltr'><strong>meritatem</strong></span> <span class='ocrx_word' id='word_1_9' title='bbox 556 299 627 311; x_wconf 92' lang='lat'><strong>--</strong></span> <span class='ocrx_word' id='word_1_10' title='bbox 658 266 763 342; x_wconf 89' lang='lat' dir='ltr'><strong>qui</strong></span> <span class='ocrx_word' id='word_1_11' title='bbox 787 282 949 327; x_wconf 90' lang='lat' dir='ltr'><strong>nunc</strong></span> <span class='ocrx_word' id='word_1_12' title='bbox 983 281 1054 327; x_wconf 92' lang='lat' dir='ltr'><strong>se</strong></span> <span class='ocrx_word' id='word_1_13' title='bbox 1075 265 1381 327; x_wconf 89' lang='lat' dir='ltr'><strong>inimicum</strong></span> <span class='ocrx_word' id='word_1_14' title='bbox 1408 266 1550 327; x_wconf 83' lang='lat' dir='ltr'><strong>mihi</strong></span> <span class='ocrx_word' id='word_1_15' title='bbox 1586 269 1870 342; x_wconf 81' lang='lat' dir='ltr'><strong>ostendit,</strong></span> <span class='ocrx_word' id='word_1_16' title='bbox 1907 287 1980 330; x_wconf 92' lang='lat' dir='ltr'><strong>se</strong></span> <span class='ocrx_word' id='word_1_17' title='bbox 2004 279 2286 333; x_wconf 88' lang='lat' dir='ltr'><strong>vestrum</strong></span> 
     </span>
     <span class='ocr_line' id='line_1_3' title="bbox 190 350 2285 429; baseline 0 -16"><span class='ocrx_word' id='word_1_18' title='bbox 190 354 362 429; x_wconf 88' lang='lat' dir='ltr'><strong>prius</strong></span> <span class='ocrx_word' id='word_1_19' title='bbox 410 367 554 413; x_wconf 92' lang='lat' dir='ltr'><strong>esse</strong></span> <span class='ocrx_word' id='word_1_20' title='bbox 599 352 922 426; x_wconf 77' lang='lat' dir='ltr'><strong>professus</strong></span> <span class='ocrx_word' id='word_1_21' title='bbox 965 356 1062 410; x_wconf 88' lang='lat' dir='ltr'><strong>est</strong></span> <span class='ocrx_word' id='word_1_22' title='bbox 1087 350 1396 411; x_wconf 88' lang='lat' dir='ltr'><strong>inimicum</strong></span> <span class='ocrx_word' id='word_1_23' title='bbox 1424 384 1537 424; x_wconf 85' lang='lat'><strong>—-,</strong></span> <span class='ocrx_word' id='word_1_24' title='bbox 1580 367 1659 410; x_wconf 90' lang='lat' dir='ltr'><strong>ne</strong></span> <span class='ocrx_word' id='word_1_25' title='bbox 1692 351 1781 411; x_wconf 92' lang='lat' dir='ltr'><strong>rei</strong></span> <span class='ocrx_word' id='word_1_26' title='bbox 1810 353 2150 415; x_wconf 86' lang='lat' dir='ltr'><strong>crudelitas</strong></span> <span class='ocrx_word' id='word_1_27' title='bbox 2180 371 2285 416; x_wconf 83' lang='lat' dir='ltr'><strong>ex-</strong></span> 
     </span>
     <span class='ocr_line' id='line_1_4' title="bbox 192 434 2285 512; baseline 0.002 -15"><span class='ocrx_word' id='word_1_28' title='bbox 192 449 369 512; x_wconf 90' lang='lat' dir='ltr'><strong>perta</strong></span> <span class='ocrx_word' id='word_1_29' title='bbox 413 434 472 495; x_wconf 91' lang='lat' dir='ltr'><strong>in</strong></span> <span class='ocrx_word' id='word_1_30' title='bbox 515 451 613 494; x_wconf 90' lang='lat' dir='ltr'><strong>me</strong></span> <span class='ocrx_word' id='word_1_31' title='bbox 658 434 720 494; x_wconf 90' lang='lat' dir='ltr'><strong>in</strong></span> <span class='ocrx_word' id='word_1_32' title='bbox 767 451 886 496; x_wconf 90' lang='lat' dir='ltr'><strong>vos</strong></span> <span class='ocrx_word' id='word_1_33' title='bbox 931 437 1331 496; x_wconf 82' lang='lat' dir='ltr'>convalescat</span> <span class='ocrx_word' id='word_1_34' title='bbox 1365 441 1425 494; x_wconf 90' lang='lat' dir='ltr'><strong>et</strong></span> <span class='ocrx_word' id='word_1_35' title='bbox 1464 434 1776 496; x_wconf 87' lang='lat' dir='ltr'><strong>calamitas</strong></span> <span class='ocrx_word' id='word_1_36' title='bbox 1807 445 2119 498; x_wconf 85' lang='lat' dir='ltr'><strong>remorata</strong></span> <span class='ocrx_word' id='word_1_37' title='bbox 2156 442 2285 501; x_wconf 89' lang='lat' dir='ltr'><strong>lon-</strong></span> 
     </span>
     <span class='ocr_line' id='line_1_5' title="bbox 190 519 2284 597; baseline 0 -17"><span class='ocrx_word' id='word_1_38' title='bbox 190 521 328 597; x_wconf 84' lang='lat' dir='ltr'>gius</span> <span class='ocrx_word' id='word_1_39' title='bbox 370 527 581 593; x_wconf 85' lang='lat' dir='ltr'><strong>serpat</strong></span> <span class='ocrx_word' id='word_1_40' title='bbox 622 524 811 594; x_wconf 86' lang='lat' dir='ltr'><strong>atque</strong></span> <span class='ocrx_word' id='word_1_41' title='bbox 859 519 1291 595; x_wconf 81' lang='lat' dir='ltr'><strong>progrediatur</strong></span> <span class='ocrx_word' id='word_1_42' title='bbox 1333 526 1721 593; x_wconf 87' lang='lat' dir='ltr'><strong>praecavete.</strong></span> <span class='ocrx_word' id='word_1_43' title='bbox 1816 521 1916 581; x_wconf 86' lang='lat'><strong>15.</strong></span> <span class='ocrx_word' id='word_1_44' title='bbox 1960 521 2146 580; x_wconf 86' lang='lat' dir='ltr'><strong>Nunc</strong></span> <span class='ocrx_word' id='word_1_45' title='bbox 2185 525 2284 583; x_wconf 91' lang='lat' dir='ltr'><strong>vel</strong></span> 
     </span>
     <span class='ocr_line' id='line_1_6' title="bbox 191 602 2281 678; baseline 0.001 -13"><span class='ocrx_word' id='word_1_46' title='bbox 191 604 366 665; x_wconf 89' lang='lat' dir='ltr'><strong>solus</strong></span> <span class='ocrx_word' id='word_1_47' title='bbox 412 602 690 661; x_wconf 87' lang='lat' dir='ltr'><strong>delectus</strong></span> <span class='ocrx_word' id='word_1_48' title='bbox 731 603 812 661; x_wconf 88' lang='lat' dir='ltr'><strong>ad</strong></span> <span class='ocrx_word' id='word_1_49' title='bbox 857 602 1260 663; x_wconf 79' lang='lat' dir='ltr'><strong>calamitatem</strong></span> <span class='ocrx_word' id='word_1_50' title='bbox 1301 604 1404 663; x_wconf 87' lang='lat' dir='ltr'><strong>vel</strong></span> <span class='ocrx_word' id='word_1_51' title='bbox 1439 602 1671 678; x_wconf 88' lang='lat' dir='ltr'><strong>primus</strong></span> <span class='ocrx_word' id='word_1_52' title='bbox 1701 604 1781 663; x_wconf 93' lang='lat' dir='ltr'><strong>ad</strong></span> <span class='ocrx_word' id='word_1_53' title='bbox 1815 605 1936 664; x_wconf 82' lang='lat' dir='ltr'><strong>tale</strong></span> <span class='ocrx_word' id='word_1_54' title='bbox 1969 614 2281 668; x_wconf 82' lang='lat' dir='ltr'><strong>evocatus</strong></span> 
     </span>
     <span class='ocr_line' id='line_1_7' title="bbox 191 684 2283 762; baseline 0.001 -15"><span class='ocrx_word' id='word_1_55' title='bbox 191 686 527 762; x_wconf 87' lang='lat' dir='ltr'><strong>periculum</strong></span> <span class='ocrx_word' id='word_1_56' title='bbox 560 684 830 745; x_wconf 88' lang='lat' dir='ltr'><strong>omnium</strong></span> <span class='ocrx_word' id='word_1_57' title='bbox 864 685 1103 747; x_wconf 88' lang='lat' dir='ltr'><strong>animos</strong></span> <span class='ocrx_word' id='word_1_58' title='bbox 1137 685 1271 747; x_wconf 88' lang='lat' dir='ltr'><strong>iure</strong></span> <span class='ocrx_word' id='word_1_59' title='bbox 1310 686 1510 747; x_wconf 83' lang='lat' dir='ltr'>debeo</span> <span class='ocrx_word' id='word_1_60' title='bbox 1556 702 1971 749; x_wconf 87' lang='lat' dir='ltr'><strong>commovere.</strong></span> <span class='ocrx_word' id='word_1_61' title='bbox 2064 689 2283 752; x_wconf 87' lang='lat' dir='ltr'><strong>Omnia</strong></span> 
     </span>
     <span class='ocr_line' id='line_1_8' title="bbox 191 768 2281 845; baseline 0.001 -14"><span class='ocrx_word' id='word_1_62' title='bbox 191 776 336 831; x_wconf 88' lang='lat' dir='ltr'><strong>sunt</strong></span> <span class='ocrx_word' id='word_1_63' title='bbox 375 768 711 829; x_wconf 88' lang='lat' dir='ltr'><strong>immutata.</strong></span> <span class='ocrx_word' id='word_1_64' title='bbox 798 769 1018 829; x_wconf 88' lang='lat' dir='ltr'><strong>Manus</strong></span> <span class='ocrx_word' id='word_1_65' title='bbox 1062 770 1395 845; x_wconf 84' lang='lat' dir='ltr'><strong>religantur</strong></span> <span class='ocrx_word' id='word_1_66' title='bbox 1437 770 1516 829; x_wconf 91' lang='lat' dir='ltr'><strong>ad</strong></span> <span class='ocrx_word' id='word_1_67' title='bbox 1548 770 2095 833; x_wconf 84' lang='lat' dir='ltr'><strong>demonstrandam</strong></span> <span class='ocrx_word' id='word_1_68' title='bbox 2129 773 2281 834; x_wconf 87' lang='lat' dir='ltr'><strong>iniu-</strong></span> 
     </span>
     <span class='ocr_line' id='line_1_9' title="bbox 191 850 2280 930; baseline 0.001 -15"><span class='ocrx_word' id='word_1_69' title='bbox 191 853 371 926; x_wconf 90' lang='lat' dir='ltr'><strong>riam,</strong></span> <span class='ocrx_word' id='word_1_70' title='bbox 417 852 624 928; x_wconf 89' lang='lat' dir='ltr'><strong>lingua</strong></span> <span class='ocrx_word' id='word_1_71' title='bbox 655 850 942 914; x_wconf 80' lang='lat' dir='ltr'><strong>inciditur</strong></span> <span class='ocrx_word' id='word_1_72' title='bbox 973 854 1053 913; x_wconf 86' lang='lat' dir='ltr'><strong>ad</strong></span> <span class='ocrx_word' id='word_1_73' title='bbox 1097 854 1538 930; x_wconf 85' lang='lat' dir='ltr'><strong>deplorandam</strong></span> <span class='ocrx_word' id='word_1_74' title='bbox 1579 854 2014 928; x_wconf 84' lang='lat' dir='ltr'><strong>calamitatem,</strong></span> <span class='ocrx_word' id='word_1_75' title='bbox 2074 858 2280 918; x_wconf 89' lang='lat' dir='ltr'><strong>anima</strong></span> 
     </span>
     <span class='ocr_line' id='line_1_10' title="bbox 191 934 2277 1015; baseline 0.002 -19"><span class='ocrx_word' id='word_1_76' title='bbox 191 936 610 1015; x_wconf 79' lang='lat' dir='ltr'><strong>praecluditur</strong></span> <span class='ocrx_word' id='word_1_77' title='bbox 637 937 715 996; x_wconf 90' lang='lat' dir='ltr'><strong>ad</strong></span> <span class='ocrx_word' id='word_1_78' title='bbox 744 937 1176 1013; x_wconf 86' lang='lat' dir='ltr'><strong>exponendam</strong></span> <span class='ocrx_word' id='word_1_79' title='bbox 1214 937 1306 998; x_wconf 88' lang='lat' dir='ltr'><strong>rei</strong></span> <span class='ocrx_word' id='word_1_80' title='bbox 1336 934 1776 1013; x_wconf 86' lang='lat' dir='ltr'><strong>indignitatem.</strong></span> <span class='ocrx_word' id='word_1_81' title='bbox 1861 940 2277 1003; x_wconf 85' lang='lat' dir='ltr'><strong>Humilitatem</strong></span> 
     </span>
     <span class='ocr_line' id='line_1_11' title="bbox 192 1019 2278 1098; baseline 0.001 -16"><span class='ocrx_word' id='word_1_82' title='bbox 192 1019 440 1098; x_wconf 86' lang='lat' dir='ltr'><strong>generis</strong></span> <span class='ocrx_word' id='word_1_83' title='bbox 474 1020 769 1082; x_wconf 90' lang='lat' dir='ltr'><strong>obiiciunt</strong></span> <span class='ocrx_word' id='word_1_84' title='bbox 800 1022 981 1084; x_wconf 90' lang='lat' dir='ltr'><strong>nobis</strong></span> <span class='ocrx_word' id='word_1_85' title='bbox 1013 1019 1115 1095; x_wconf 83' lang='lat' dir='ltr'><strong>qui</strong></span> <span class='ocrx_word' id='word_1_86' title='bbox 1150 1038 1378 1081; x_wconf 87' lang='lat' dir='ltr'><strong>novam</strong></span> <span class='ocrx_word' id='word_1_87' title='bbox 1411 1020 1711 1083; x_wconf 86' lang='lat' dir='ltr'><strong>rationem</strong></span> <span class='ocrx_word' id='word_1_88' title='bbox 1744 1023 2075 1096; x_wconf 89' lang='lat' dir='ltr'><strong>suscitant,</strong></span> <span class='ocrx_word' id='word_1_89' title='bbox 2114 1033 2278 1086; x_wconf 88' lang='lat' dir='ltr'><strong>vete·</strong></span> 
     </span>
     <span class='ocr_line' id='line_1_12' title="bbox 190 1104 2278 1183; baseline 0.001 -17"><span class='ocrx_word' id='word_1_90' title='bbox 190 1123 294 1166; x_wconf 91' lang='lat' dir='ltr'><strong>res</strong></span> <span class='ocrx_word' id='word_1_91' title='bbox 331 1104 626 1166; x_wconf 90' lang='lat' dir='ltr'><strong>maiorum</strong></span> <span class='ocrx_word' id='word_1_92' title='bbox 660 1106 948 1167; x_wconf 83' lang='lat' dir='ltr'><strong>obterunt</strong></span> <span class='ocrx_word' id='word_1_93' title='bbox 980 1105 1215 1166; x_wconf 89' lang='lat' dir='ltr'><strong>laudes.</strong></span> <span class='ocrx_word' id='word_1_94' title='bbox 1306 1106 1433 1166; x_wconf 90' lang='lat' dir='ltr'><strong>Sed</strong></span> <span class='ocrx_word' id='word_1_95' title='bbox 1478 1105 1625 1181; x_wconf 88' lang='lat' dir='ltr'><strong>quid</strong></span> <span class='ocrx_word' id='word_1_96' title='bbox 1664 1112 1781 1182; x_wconf 88' lang='lat' dir='ltr'><strong>ego</strong></span> <span class='ocrx_word' id='word_1_97' title='bbox 1826 1109 2000 1183; x_wconf 88' lang='lat' dir='ltr'><strong>plura</strong></span> <span class='ocrx_word' id='word_1_98' title='bbox 2035 1108 2117 1167; x_wconf 93' lang='lat' dir='ltr'><strong>de</strong></span> <span class='ocrx_word' id='word_1_99' title='bbox 2154 1108 2278 1169; x_wconf 91' lang='lat' dir='ltr'><strong>illo-</strong></span> 
     </span>
     <span class='ocr_line' id='line_1_13' title="bbox 191 1188 2278 1266; baseline 0.001 -16"><span class='ocrx_word' id='word_1_100' title='bbox 191 1206 325 1250; x_wconf 88' lang='lat' dir='ltr'><strong>rum</strong></span> <span class='ocrx_word' id='word_1_101' title='bbox 357 1196 461 1249; x_wconf 91' lang='lat' dir='ltr'><strong>aut</strong></span> <span class='ocrx_word' id='word_1_102' title='bbox 489 1189 549 1249; x_wconf 88' lang='lat' dir='ltr'><strong>in</strong></span> <span class='ocrx_word' id='word_1_103' title='bbox 581 1207 679 1250; x_wconf 91' lang='lat' dir='ltr'><strong>me</strong></span> <span class='ocrx_word' id='word_1_104' title='bbox 713 1192 869 1250; x_wconf 91' lang='lat' dir='ltr'><strong>male</strong></span> <span class='ocrx_word' id='word_1_105' title='bbox 899 1188 1076 1251; x_wconf 91' lang='lat' dir='ltr'><strong>dictis</strong></span> <span class='ocrx_word' id='word_1_106' title='bbox 1108 1197 1215 1250; x_wconf 88' lang='lat' dir='ltr'><strong>aut</strong></span> <span class='ocrx_word' id='word_1_107' title='bbox 1245 1188 1303 1249; x_wconf 79' lang='lat' dir='ltr'><strong>in·</strong></span> <span class='ocrx_word' id='word_1_108' title='bbox 1330 1205 1447 1250; x_wconf 90' lang='lat' dir='ltr'><strong>vos</strong></span> <span class='ocrx_word' id='word_1_109' title='bbox 1480 1192 1782 1251; x_wconf 88' lang='lat' dir='ltr'><strong>scelerate</strong></span> <span class='ocrx_word' id='word_1_110' title='bbox 1814 1193 2036 1266; x_wconf 91' lang='lat' dir='ltr'><strong>loquar</strong></span> <span class='ocrx_word' id='word_1_111' title='bbox 2058 1192 2278 1253; x_wconf 74' lang='lat' dir='ltr'><strong>factis?</strong></span> 
     </span>
     <span class='ocr_line' id='line_1_14' title="bbox 194 1272 2278 1353; baseline 0.001 -19"><span class='ocrx_word' id='word_1_112' title='bbox 194 1289 455 1349; x_wconf 84' lang='lat' dir='ltr'><strong>quorum</strong></span> <span class='ocrx_word' id='word_1_113' title='bbox 502 1275 749 1350; x_wconf 90' lang='lat' dir='ltr'><strong>cognita</strong></span> <span class='ocrx_word' id='word_1_114' title='bbox 792 1272 1153 1349; x_wconf 86' lang='lat' dir='ltr'><strong>improbitas</strong></span> <span class='ocrx_word' id='word_1_115' title='bbox 1197 1290 1294 1334; x_wconf 90' lang='lat' dir='ltr'><strong>me</strong></span> <span class='ocrx_word' id='word_1_116' title='bbox 1340 1279 1584 1334; x_wconf 86' lang='lat' dir='ltr'><strong>tacente</strong></span> <span class='ocrx_word' id='word_1_117' title='bbox 1629 1273 1984 1350; x_wconf 82' lang='lat' dir='ltr'><strong>coarguitur</strong></span> <span class='ocrx_word' id='word_1_118' title='bbox 2026 1276 2278 1353; x_wconf 86' lang='lat' dir='ltr'><strong>turpitu-</strong></span> 
     </span>
     <span class='ocr_line' id='line_1_15' title="bbox 192 1356 2277 1435; baseline 0.002 -19"><span class='ocrx_word' id='word_1_119' title='bbox 192 1358 333 1417; x_wconf 91' lang='lat' dir='ltr'><strong>dine</strong></span> <span class='ocrx_word' id='word_1_120' title='bbox 368 1357 556 1431; x_wconf 86' lang='lat' dir='ltr'><strong>vitae,</strong></span> <span class='ocrx_word' id='word_1_121' title='bbox 600 1364 667 1418; x_wconf 88' lang='lat' dir='ltr'><strong>ut</strong></span> <span class='ocrx_word' id='word_1_122' title='bbox 694 1358 772 1417; x_wconf 91' lang='lat' dir='ltr'><strong>de</strong></span> <span class='ocrx_word' id='word_1_123' title='bbox 797 1356 870 1417; x_wconf 92' lang='lat' dir='ltr'><strong>iis</strong></span> <span class='ocrx_word' id='word_1_124' title='bbox 902 1372 1026 1418; x_wconf 91' lang='lat' dir='ltr'><strong>non</strong></span> <span class='ocrx_word' id='word_1_125' title='bbox 1059 1357 1139 1418; x_wconf 89' lang='lat' dir='ltr'><strong>sit</strong></span> <span class='ocrx_word' id='word_1_126' title='bbox 1166 1373 1432 1418; x_wconf 89' lang='lat' dir='ltr'><strong>necesse</strong></span> <span class='ocrx_word' id='word_1_127' title='bbox 1456 1356 1737 1420; x_wconf 89' lang='lat' dir='ltr'><strong>inimicos</strong></span> <span class='ocrx_word' id='word_1_128' title='bbox 1772 1360 2167 1435; x_wconf 90' lang='lat' dir='ltr'><strong>praedicare,</strong></span> <span class='ocrx_word' id='word_1_129' title='bbox 2202 1362 2277 1421; x_wconf 90' lang='lat' dir='ltr'><strong>de</strong></span> 
     </span>
     <span class='ocr_line' id='line_1_16' title="bbox 194 1440 2273 1520; baseline -0 -18"><span class='ocrx_word' id='word_1_130' title='bbox 194 1458 454 1517; x_wconf 90' lang='lat' dir='ltr'><strong>quorum</strong></span> <span class='ocrx_word' id='word_1_131' title='bbox 502 1443 739 1502; x_wconf 88' lang='lat' dir='ltr'><strong>scelere</strong></span> <span class='ocrx_word' id='word_1_132' title='bbox 781 1457 859 1501; x_wconf 92' lang='lat' dir='ltr'><strong>ne</strong></span> <span class='ocrx_word' id='word_1_133' title='bbox 899 1440 1078 1502; x_wconf 88' lang='lat' dir='ltr'><strong>amici</strong></span> <span class='ocrx_word' id='word_1_134' title='bbox 1118 1441 1366 1517; x_wconf 89' lang='lat' dir='ltr'><strong>quidem</strong></span> <span class='ocrx_word' id='word_1_135' title='bbox 1408 1448 1511 1501; x_wconf 86' lang='lat' dir='ltr'><strong>aut</strong></span> <span class='ocrx_word' id='word_1_136' title='bbox 1550 1441 1669 1517; x_wconf 89' lang='lat' dir='ltr'><strong>ipsi</strong></span> <span class='ocrx_word' id='word_1_137' title='bbox 1713 1450 1977 1519; x_wconf 85' lang='lat' dir='ltr'><strong>possunt</strong></span> <span class='ocrx_word' id='word_1_138' title='bbox 2022 1460 2273 1520; x_wconf 88' lang='lat' dir='ltr'><strong>negare.</strong></span> 
     </span>
     <span class='ocr_line' id='line_1_17' title="bbox 197 1524 2274 1603; baseline 0 -18"><span class='ocrx_word' id='word_1_139' title='bbox 197 1524 294 1585; x_wconf 89' lang='grc'><strong>16.</strong></span> <span class='ocrx_word' id='word_1_140' title='bbox 339 1525 474 1585; x_wconf 92' lang='lat' dir='ltr'><strong>Vos</strong></span> <span class='ocrx_word' id='word_1_141' title='bbox 518 1540 636 1599; x_wconf 88' lang='lat' dir='ltr'><strong>ego</strong></span> <span class='ocrx_word' id='word_1_142' title='bbox 675 1526 951 1600; x_wconf 89' lang='lat' dir='ltr'><strong>appello,</strong></span> <span class='ocrx_word' id='word_1_143' title='bbox 1000 1542 1264 1601; x_wconf 88' lang='lat' dir='ltr'><strong>quorum</strong></span> <span class='ocrx_word' id='word_1_144' title='bbox 1295 1526 1374 1585; x_wconf 88' lang='lat' dir='ltr'><strong>de</strong></span> <span class='ocrx_word' id='word_1_145' title='bbox 1408 1543 1506 1587; x_wconf 92' lang='lat' dir='ltr'><strong>me</strong></span> <span class='ocrx_word' id='word_1_146' title='bbox 1540 1525 1801 1586; x_wconf 85' lang='lat' dir='ltr'><strong>maxima</strong></span> <span class='ocrx_word' id='word_1_147' title='bbox 1839 1536 1936 1587; x_wconf 92' lang='lat' dir='ltr'><strong>est</strong></span> <span class='ocrx_word' id='word_1_148' title='bbox 1971 1534 2274 1603; x_wconf 89' lang='lat' dir='ltr'><strong>potestas.</strong></span> 
     </span>
     <span class='ocr_line' id='line_1_18' title="bbox 192 1608 2278 1688; baseline 0.002 -21"><span class='ocrx_word' id='word_1_149' title='bbox 192 1608 377 1683; x_wconf 88' lang='lat' dir='ltr'><strong>Apud</strong></span> <span class='ocrx_word' id='word_1_150' title='bbox 439 1624 551 1667; x_wconf 92' lang='lat' dir='ltr'><strong>vos</strong></span> <span class='ocrx_word' id='word_1_151' title='bbox 600 1610 825 1684; x_wconf 88' lang='lat' dir='ltr'><strong>loquor</strong></span> <span class='ocrx_word' id='word_1_152' title='bbox 864 1609 943 1669; x_wconf 94' lang='lat' dir='ltr'><strong>de</strong></span> <span class='ocrx_word' id='word_1_153' title='bbox 988 1625 1122 1669; x_wconf 92' lang='lat' dir='ltr'><strong>mea</strong></span> <span class='ocrx_word' id='word_1_154' title='bbox 1163 1608 1538 1682; x_wconf 85' lang='lat' dir='ltr'><strong>calamitate,</strong></span> <span class='ocrx_word' id='word_1_155' title='bbox 1590 1627 1751 1685; x_wconf 86' lang='lat' dir='ltr'><strong>quos</strong></span> <span class='ocrx_word' id='word_1_156' title='bbox 1794 1610 1982 1671; x_wconf 87' lang='lat' dir='ltr'><strong>habui</strong></span> <span class='ocrx_word' id='word_1_157' title='bbox 2027 1628 2278 1688; x_wconf 89' lang='lat' dir='ltr'><strong>semper</strong></span> 
     </span>
     <span class='ocr_line' id='line_1_19' title="bbox 194 1690 2275 1769; baseline 0.001 -18"><span class='ocrx_word' id='word_1_158' title='bbox 194 1690 577 1752; x_wconf 87' lang='lat' dir='ltr'><strong>innocentiae</strong></span> <span class='ocrx_word' id='word_1_159' title='bbox 619 1700 680 1752; x_wconf 92' lang='lat' dir='ltr'><strong>et</strong></span> <span class='ocrx_word' id='word_1_160' title='bbox 723 1691 961 1754; x_wconf 85' lang='lat' dir='ltr'><strong>virtutis</strong></span> <span class='ocrx_word' id='word_1_161' title='bbox 1008 1709 1181 1754; x_wconf 86' lang='lat' dir='ltr'><strong>meae</strong></span> <span class='ocrx_word' id='word_1_162' title='bbox 1219 1700 1432 1754; x_wconf 90' lang='lat' dir='ltr'><strong>testes.</strong></span> <span class='ocrx_word' id='word_1_163' title='bbox 1519 1694 1653 1753; x_wconf 84' lang='lat' dir='ltr'><strong>Vn.</strong></span> <span class='ocrx_word' id='word_1_164' title='bbox 1697 1693 1886 1769; x_wconf 86' lang='lat' dir='ltr'><strong>Igitur</strong></span> <span class='ocrx_word' id='word_1_165' title='bbox 1914 1711 1994 1755; x_wconf 87' lang='lat' dir='ltr'><strong>ex</strong></span> <span class='ocrx_word' id='word_1_166' title='bbox 2030 1695 2275 1755; x_wconf 86' lang='lat' dir='ltr'><strong>civitate</strong></span> 
     </span>
     <span class='ocr_line' id='line_1_20' title="bbox 190 1775 2272 1853; baseline 0.001 -17"><span class='ocrx_word' id='word_1_167' title='bbox 190 1777 350 1836; x_wconf 90' lang='lat' dir='ltr'><strong>bene</strong></span> <span class='ocrx_word' id='word_1_168' title='bbox 390 1775 641 1837; x_wconf 87' lang='lat' dir='ltr'><strong>meritus</strong></span> <span class='ocrx_word' id='word_1_169' title='bbox 686 1776 764 1836; x_wconf 94' lang='lat' dir='ltr'><strong>de</strong></span> <span class='ocrx_word' id='word_1_170' title='bbox 804 1793 871 1837; x_wconf 93' lang='lat' dir='ltr'><strong>re</strong></span> <span class='ocrx_word' id='word_1_171' title='bbox 915 1777 1155 1853; x_wconf 88' lang='lat' dir='ltr'><strong>publica</strong></span> <span class='ocrx_word' id='word_1_172' title='bbox 1200 1775 1350 1838; x_wconf 87' lang='lat' dir='ltr'><strong>civis</strong></span> <span class='ocrx_word' id='word_1_173' title='bbox 1396 1776 1787 1850; x_wconf 87' lang='lat' dir='ltr'><strong>exturbatur,</strong></span> <span class='ocrx_word' id='word_1_174' title='bbox 1832 1777 2140 1840; x_wconf 89' lang='lat' dir='ltr'><strong>innocens</strong></span> <span class='ocrx_word' id='word_1_175' title='bbox 2166 1795 2272 1839; x_wconf 86' lang='lat' dir='ltr'><strong>ex·</strong></span> 
     </span>
     <span class='ocr_line' id='line_1_21' title="bbox 194 1860 2272 1939; baseline 0 -18"><span class='ocrx_word' id='word_1_176' title='bbox 194 1860 465 1937; x_wconf 83' lang='lat' dir='ltr'><strong>pellitur,</strong></span> <span class='ocrx_word' id='word_1_177' title='bbox 517 1861 862 1923; x_wconf 87' lang='lat' dir='ltr'><strong>consularis</strong></span> <span class='ocrx_word' id='word_1_178' title='bbox 905 1861 1124 1934; x_wconf 89' lang='lat' dir='ltr'><strong>homo,</strong></span> <span class='ocrx_word' id='word_1_179' title='bbox 1182 1879 1307 1925; x_wconf 89' lang='lat' dir='ltr'><strong>non</strong></span> <span class='ocrx_word' id='word_1_180' title='bbox 1348 1861 1737 1924; x_wconf 83' lang='lat' dir='ltr'><strong>facultatibus</strong></span> <span class='ocrx_word' id='word_1_181' title='bbox 1768 1880 1921 1924; x_wconf 88' lang='lat' dir='ltr'><strong>usus</strong></span> <span class='ocrx_word' id='word_1_182' title='bbox 1956 1865 2272 1939; x_wconf 89' lang='lat' dir='ltr'><strong>quondam</strong></span> 
     </span>
     <span class='ocr_line' id='line_1_22' title="bbox 193 1945 2274 2023; baseline 0.001 -19"><span class='ocrx_word' id='word_1_183' title='bbox 193 1945 486 2018; x_wconf 88' lang='lat' dir='ltr'><strong>minimis,</strong></span> <span class='ocrx_word' id='word_1_184' title='bbox 525 1945 862 2008; x_wconf 88' lang='lat' dir='ltr'><strong>amicorum</strong></span> <span class='ocrx_word' id='word_1_185' title='bbox 896 1947 1221 2008; x_wconf 86' lang='lat' dir='ltr'><strong>multorum</strong></span> <span class='ocrx_word' id='word_1_186' title='bbox 1255 1945 1562 2023; x_wconf 89' lang='lat' dir='ltr'><strong>praesidio</strong></span> <span class='ocrx_word' id='word_1_187' title='bbox 1598 1946 1896 2020; x_wconf 82' lang='lat' dir='ltr'><strong>munituS‚</strong></span> <span class='ocrx_word' id='word_1_188' title='bbox 1943 1964 2112 2007; x_wconf 89' lang='lat' dir='ltr'><strong>nunc</strong></span> <span class='ocrx_word' id='word_1_189' title='bbox 2144 1963 2274 2023; x_wconf 87' lang='lat' dir='ltr'><strong>par·</strong></span> 
     </span>
     <span class='ocr_line' id='line_1_23' title="bbox 191 2028 2277 2107; baseline 0.001 -19"><span class='ocrx_word' id='word_1_190' title='bbox 191 2029 296 2090; x_wconf 89' lang='lat' dir='ltr'><strong>tim</strong></span> <span class='ocrx_word' id='word_1_191' title='bbox 321 2030 396 2089; x_wconf 91' lang='lat' dir='ltr'><strong>ab</strong></span> <span class='ocrx_word' id='word_1_192' title='bbox 421 2029 641 2092; x_wconf 91' lang='lat' dir='ltr'><strong>invidis</strong></span> <span class='ocrx_word' id='word_1_193' title='bbox 657 2077 672 2103; x_wconf 91' lang='lat'>‚</span> <span class='ocrx_word' id='word_1_194' title='bbox 720 2030 936 2107; x_wconf 86' lang='lat' dir='ltr'><strong>partim</strong></span> <span class='ocrx_word' id='word_1_195' title='bbox 960 2031 1037 2090; x_wconf 91' lang='lat' dir='ltr'><strong>ab</strong></span> <span class='ocrx_word' id='word_1_196' title='bbox 1061 2029 1317 2091; x_wconf 91' lang='lat' dir='ltr'><strong>inimicis</strong></span> <span class='ocrx_word' id='word_1_197' title='bbox 1343 2028 1798 2091; x_wconf 91' lang='lat' dir='ltr'><strong>circumventus</strong></span> <span class='ocrx_word' id='word_1_198' title='bbox 1823 2037 1965 2107; x_wconf 90' lang='lat' dir='ltr'><strong>eget</strong></span> <span class='ocrx_word' id='word_1_199' title='bbox 1987 2029 2277 2107; x_wconf 70' lang='lat' dir='ltr'><strong>indigne?</strong></span> 
     </span>
     <span class='ocr_line' id='line_1_24' title="bbox 190 2112 2276 2191; baseline 0.001 -19"><span class='ocrx_word' id='word_1_200' title='bbox 190 2113 346 2175; x_wconf 91' lang='lat' dir='ltr'><strong>Huic</strong></span> <span class='ocrx_word' id='word_1_201' title='bbox 387 2114 439 2175; x_wconf 93' lang='lat' dir='ltr'><strong>si</strong></span> <span class='ocrx_word' id='word_1_202' title='bbox 485 2130 667 2191; x_wconf 91' lang='lat' dir='ltr'><strong>opem</strong></span> <span class='ocrx_word' id='word_1_203' title='bbox 707 2131 829 2175; x_wconf 91' lang='lat' dir='ltr'><strong>non</strong></span> <span class='ocrx_word' id='word_1_204' title='bbox 877 2112 1138 2175; x_wconf 85' lang='lat' dir='ltr'><strong>tuleritis</strong></span> <span class='ocrx_word' id='word_1_205' title='bbox 1180 2115 1239 2174; x_wconf 92' lang='lat' dir='ltr'><strong>in</strong></span> <span class='ocrx_word' id='word_1_206' title='bbox 1277 2113 1547 2190; x_wconf 88' lang='lat' dir='ltr'><strong>periculo</strong></span> <span class='ocrx_word' id='word_1_207' title='bbox 1583 2113 1830 2190; x_wconf 87' lang='lat' dir='ltr'><strong>capitis,</strong></span> <span class='ocrx_word' id='word_1_208' title='bbox 1874 2130 2021 2187; x_wconf 78' lang='grc' dir='ltr'><strong>νοε,</strong></span> <span class='ocrx_word' id='word_1_209' title='bbox 2063 2115 2276 2185; x_wconf 88' lang='lat' dir='ltr'><strong>credo,</strong></span> 
     </span>
     <span class='ocr_line' id='line_1_25' title="bbox 192 2195 2277 2274; baseline -0.001 -16"><span class='ocrx_word' id='word_1_210' title='bbox 192 2195 529 2258; x_wconf 87' lang='lat' dir='ltr'><strong>retinebitis</strong></span> <span class='ocrx_word' id='word_1_211' title='bbox 575 2205 842 2257; x_wconf 88' lang='lat' dir='ltr'><strong>vestram</strong></span> <span class='ocrx_word' id='word_1_212' title='bbox 888 2199 1266 2259; x_wconf 79' lang='lat' dir='ltr'><strong>libertatem?</strong></span> <span class='ocrx_word' id='word_1_213' title='bbox 1318 2196 1424 2274; x_wconf 84' lang='lat' dir='ltr'><strong>qui</strong></span> <span class='ocrx_word' id='word_1_214' title='bbox 1457 2214 1659 2273; x_wconf 91' lang='lat' dir='ltr'><strong>neque</strong></span> <span class='ocrx_word' id='word_1_215' title='bbox 1696 2205 1863 2258; x_wconf 89' lang='lat' dir='ltr'><strong>tanta</strong></span> <span class='ocrx_word' id='word_1_216' title='bbox 1906 2197 2130 2259; x_wconf 87' lang='lat' dir='ltr'><strong>valetis</strong></span> <span class='ocrx_word' id='word_1_217' title='bbox 2177 2215 2277 2257; x_wconf 89' lang='lat' dir='ltr'><strong>au-</strong></span> 
     </span>
     <span class='ocr_line' id='line_1_26' title="bbox 122 2281 2278 2357; baseline -0.002 -14"><span class='ocrx_word' id='word_1_218' title='bbox 122 2342 125 2343; x_wconf 15' lang='lat'><em>⁷</em></span> <span class='ocrx_word' id='word_1_219' title='bbox 194 2282 471 2342; x_wconf 83' lang='lat' dir='ltr'><strong>ctoritate</strong></span> <span class='ocrx_word' id='word_1_220' title='bbox 504 2297 709 2355; x_wconf 90' lang='lat' dir='ltr'><strong>neque</strong></span> <span class='ocrx_word' id='word_1_221' title='bbox 737 2287 1047 2342; x_wconf 87' lang='lat' dir='ltr'><strong>tantorum</strong></span> <span class='ocrx_word' id='word_1_222' title='bbox 1080 2281 1422 2343; x_wconf 86' lang='lat' dir='ltr'><strong>officiorum</strong></span> <span class='ocrx_word' id='word_1_223' title='bbox 1458 2281 1796 2357; x_wconf 86' lang='lat' dir='ltr'><strong>impensam</strong></span> <span class='ocrx_word' id='word_1_224' title='bbox 1832 2281 2048 2356; x_wconf 86' lang='lat' dir='ltr'><strong>egistis</strong></span> <span class='ocrx_word' id='word_1_225' title='bbox 2081 2281 2142 2341; x_wconf 89' lang='lat' dir='ltr'><strong>in</strong></span> <span class='ocrx_word' id='word_1_226' title='bbox 2180 2297 2278 2356; x_wconf 85' lang='lat' dir='ltr'><strong>pa-</strong></span> 
     </span>
     <span class='ocr_line' id='line_1_27' title="bbox 193 2363 2276 2436; baseline -0 -12"><span class='ocrx_word' id='word_1_227' title='bbox 193 2365 388 2424; x_wconf 83' lang='lat' dir='ltr'><strong>triam.</strong></span> <span class='ocrx_word' id='word_1_228' title='bbox 475 2364 622 2423; x_wconf 87' lang='lat' dir='ltr'><strong>Mihi</strong></span> <span class='ocrx_word' id='word_1_229' title='bbox 656 2363 916 2436; x_wconf 90' lang='lat' dir='ltr'><strong>credite,</strong></span> <span class='ocrx_word' id='word_1_230' title='bbox 955 2364 1076 2424; x_wconf 87' lang='lat' dir='ltr'><strong>hoc</strong></span> <span class='ocrx_word' id='word_1_231' title='bbox 1105 2365 1163 2424; x_wconf 93' lang='lat' dir='ltr'><strong>in</strong></span> <span class='ocrx_word' id='word_1_232' title='bbox 1198 2382 1322 2426; x_wconf 91' lang='lat' dir='ltr'><strong>uno</strong></span> <span class='ocrx_word' id='word_1_233' title='bbox 1353 2366 1811 2427; x_wconf 91' lang='lat' dir='ltr'><strong>incommodum</strong></span> <span class='ocrx_word' id='word_1_234' title='bbox 1842 2365 2276 2426; x_wconf 85' lang='lat' dir='ltr'><strong>confirmatum</strong></span> 
     </span>
     <span class='ocr_line' id='line_1_28' title="bbox 191 2446 2273 2523; baseline 0 -16"><span class='ocrx_word' id='word_1_235' title='bbox 191 2449 516 2508; x_wconf 87' lang='lat' dir='ltr'><strong>multorum</strong></span> <span class='ocrx_word' id='word_1_236' title='bbox 561 2446 888 2509; x_wconf 86' lang='lat' dir='ltr'><strong>infirmabit</strong></span> <span class='ocrx_word' id='word_1_237' title='bbox 925 2447 1401 2510; x_wconf 84' lang='lat' dir='ltr'><strong>incolumitatem</strong></span> <span class='ocrx_word' id='word_1_238' title='bbox 1440 2456 1532 2523; x_wconf 91' lang='lat' dir='ltr'><strong>et,</strong></span> <span class='ocrx_word' id='word_1_239' title='bbox 1580 2448 1632 2510; x_wconf 88' lang='lat' dir='ltr'><strong>si</strong></span> <span class='ocrx_word' id='word_1_240' title='bbox 1675 2446 1845 2510; x_wconf 88' lang='lat' dir='ltr'><strong>initio</strong></span> <span class='ocrx_word' id='word_1_241' title='bbox 1874 2463 2001 2509; x_wconf 91' lang='lat' dir='ltr'><strong>non</strong></span> <span class='ocrx_word' id='word_1_242' title='bbox 2033 2449 2154 2508; x_wconf 90' lang='lat' dir='ltr'><strong>erit</strong></span> <span class='ocrx_word' id='word_1_243' title='bbox 2184 2465 2273 2508; x_wconf 89' lang='lat' dir='ltr'><strong>re·</strong></span> 
     </span>
     <span class='ocr_line' id='line_1_29' title="bbox 192 2530 2276 2621; baseline -0.001 -29"><span class='ocrx_word' id='word_1_244' title='bbox 192 2532 479 2606; x_wconf 76' lang='lat' dir='ltr'><strong>rutatum,</strong></span> <span class='ocrx_word' id='word_1_245' title='bbox 510 2530 761 2621; x_wconf 90' lang='lat' dir='ltr'><strong>impune</strong></span> <span class='ocrx_word' id='word_1_246' title='bbox 783 2533 857 2593; x_wconf 89' lang='lat' dir='ltr'><strong>ad</strong></span> <span class='ocrx_word' id='word_1_247' title='bbox 886 2533 1155 2594; x_wconf 87' lang='lat' dir='ltr'><strong>omnium</strong></span> <span class='ocrx_word' id='word_1_248' title='bbox 1180 2533 1511 2609; x_wconf 90' lang='lat' dir='ltr'><strong>perniciem</strong></span> <span class='ocrx_word' id='word_1_249' title='bbox 1538 2535 1951 2594; x_wconf 89' lang='lat' dir='ltr'><strong>convalescet.</strong></span> <span class='ocrx_word' id='word_1_250' title='bbox 2007 2530 2276 2593; x_wconf 90' lang='lat' dir='ltr'><strong>Proinde</strong></span> 
     </span>
     <span class='ocr_line' id='line_1_30' title="bbox 194 2602 2275 2714; baseline -0.002 -37"><span class='ocrx_word' id='word_1_251' title='bbox 194 2625 298 2678; x_wconf 82' lang='lat' dir='ltr'><strong>aut</strong></span> <span class='ocrx_word' id='word_1_252' title='bbox 338 2615 396 2676; x_wconf 91' lang='lat' dir='ltr'><strong>in</strong></span> <span class='ocrx_word' id='word_1_253' title='bbox 440 2633 579 2678; x_wconf 91' lang='lat' dir='ltr'><strong>meo</strong></span> <span class='ocrx_word' id='word_1_254' title='bbox 615 2602 890 2714; x_wconf 81' lang='lat' dir='ltr'><strong>periculo</strong></span> <span class='ocrx_word' id='word_1_255' title='bbox 923 2619 1182 2679; x_wconf 88' lang='lat' dir='ltr'><strong>salutem</strong></span> <span class='ocrx_word' id='word_1_256' title='bbox 1215 2616 1507 2693; x_wconf 82' lang='lat' dir='ltr'><strong>integram</strong></span> <span class='ocrx_word' id='word_1_257' title='bbox 1540 2623 1854 2694; x_wconf 89' lang='lat' dir='ltr'><strong>praestate</strong></span> <span class='ocrx_word' id='word_1_258' title='bbox 1883 2631 2275 2677; x_wconf 86' lang='lat' dir='ltr'><strong>communem</strong></span> 
     </span>
     <span class='ocr_line' id='line_1_31' title="bbox 192 2698 2275 2776; baseline -0.001 -15"><span class='ocrx_word' id='word_1_259' title='bbox 192 2711 296 2763; x_wconf 88' lang='lat' dir='ltr'><strong>aut</strong></span> <span class='ocrx_word' id='word_1_260' title='bbox 337 2702 395 2761; x_wconf 92' lang='lat' dir='ltr'><strong>in</strong></span> <span class='ocrx_word' id='word_1_261' title='bbox 439 2701 666 2764; x_wconf 83' lang='lat' dir='ltr'><strong>vestris</strong></span> <span class='ocrx_word' id='word_1_262' title='bbox 708 2702 828 2764; x_wconf 90' lang='lat' dir='ltr'><strong>hoc</strong></span> <span class='ocrx_word' id='word_1_263' title='bbox 876 2701 1037 2762; x_wconf 91' lang='lat' dir='ltr'><strong>idem</strong></span> <span class='ocrx_word' id='word_1_264' title='bbox 1079 2701 1537 2762; x_wconf 90' lang='lat' dir='ltr'><strong>incommodum</strong></span> <span class='ocrx_word' id='word_1_265' title='bbox 1585 2706 1943 2776; x_wconf 85' lang='lat' dir='ltr'><strong>exspectate</strong></span> <span class='ocrx_word' id='word_1_266' title='bbox 1988 2698 2275 2761; x_wconf 83' lang='lat' dir='ltr'><strong>fortunis.</strong></span> 
     </span>
     <span class='ocr_line' id='line_1_32' title="bbox 195 2782 2276 2862; baseline -0.002 -18"><span class='ocrx_word' id='word_1_267' title='bbox 195 2787 292 2845; x_wconf 89' lang='lat'><strong>17.</strong></span> <span class='ocrx_word' id='word_1_268' title='bbox 335 2786 525 2846; x_wconf 89' lang='lat' dir='ltr'><strong>Nemo</strong></span> <span class='ocrx_word' id='word_1_269' title='bbox 561 2792 685 2846; x_wconf 86' lang='lat' dir='ltr'><strong>tam</strong></span> <span class='ocrx_word' id='word_1_270' title='bbox 727 2785 968 2862; x_wconf 87' lang='lat' dir='ltr'><strong>perdita</strong></span> <span class='ocrx_word' id='word_1_271' title='bbox 999 2785 1393 2857; x_wconf 87' lang='lat' dir='ltr'><strong>auctoritate,</strong></span> <span class='ocrx_word' id='word_1_272' title='bbox 1442 2793 1562 2846; x_wconf 84' lang='lat' dir='ltr'><strong>tam</strong></span> <span class='ocrx_word' id='word_1_273' title='bbox 1594 2783 1945 2844; x_wconf 80' lang='lat' dir='ltr'><strong>facinorosa</strong></span> <span class='ocrx_word' id='word_1_274' title='bbox 1982 2782 2276 2843; x_wconf 87' lang='lat' dir='ltr'><strong>inventus</strong></span> 
     </span>
     <span class='ocr_line' id='line_1_33' title="bbox 191 2869 2279 2945; baseline -0 -19"><span class='ocrx_word' id='word_1_275' title='bbox 191 2876 288 2929; x_wconf 91' lang='lat' dir='ltr'><strong>est</strong></span> <span class='ocrx_word' id='word_1_276' title='bbox 327 2869 481 2941; x_wconf 89' lang='lat' dir='ltr'><strong>vita,</strong></span> <span class='ocrx_word' id='word_1_277' title='bbox 536 2869 671 2944; x_wconf 91' lang='lat' dir='ltr'><strong>qui,</strong></span> <span class='ocrx_word' id='word_1_278' title='bbox 718 2887 905 2945; x_wconf 87' lang='lat' dir='ltr'><strong>quum</strong></span> <span class='ocrx_word' id='word_1_279' title='bbox 952 2870 1030 2930; x_wconf 93' lang='lat' dir='ltr'><strong>de</strong></span> <span class='ocrx_word' id='word_1_280' title='bbox 1072 2871 1310 2931; x_wconf 89' lang='lat' dir='ltr'><strong>scelere</strong></span> <span class='ocrx_word' id='word_1_281' title='bbox 1361 2871 1678 2942; x_wconf 83' lang='lat' dir='ltr'><strong>fateretur,</strong></span> <span class='ocrx_word' id='word_1_282' title='bbox 1726 2884 1850 2929; x_wconf 90' lang='lat' dir='ltr'><strong>non</strong></span> <span class='ocrx_word' id='word_1_283' title='bbox 1891 2873 2098 2927; x_wconf 90' lang='lat' dir='ltr'><strong>tamen</strong></span> <span class='ocrx_word' id='word_1_284' title='bbox 2138 2881 2279 2927; x_wconf 89' lang='lat' dir='ltr'><strong>sen·</strong></span> 
     </span>
     <span class='ocr_line' id='line_1_34' title="bbox 191 2949 2277 3030; baseline -0.001 -20"><span class='ocrx_word' id='word_1_285' title='bbox 191 2952 395 3014; x_wconf 86' lang='lat' dir='ltr'><strong>tentiis</strong></span> <span class='ocrx_word' id='word_1_286' title='bbox 439 2951 610 3030; x_wconf 91' lang='lat' dir='ltr'><strong>prius</strong></span> <span class='ocrx_word' id='word_1_287' title='bbox 653 2953 920 3015; x_wconf 89' lang='lat' dir='ltr'><strong>iudicum</strong></span> <span class='ocrx_word' id='word_1_288' title='bbox 963 2952 1437 3014; x_wconf 89' lang='lat' dir='ltr'><strong>convinceretur</strong></span> <span class='ocrx_word' id='word_1_289' title='bbox 1476 2969 1658 3028; x_wconf 85' lang='lat' dir='ltr'><strong>quam</strong></span> <span class='ocrx_word' id='word_1_290' title='bbox 1691 2949 1992 3028; x_wconf 89' lang='lat' dir='ltr'><strong>supplicio</strong></span> <span class='ocrx_word' id='word_1_291' title='bbox 2027 2950 2277 3010; x_wconf 89' lang='lat' dir='ltr'><strong>addice·</strong></span> 
     </span>
     <span class='ocr_line' id='line_1_35' title="bbox 191 3035 2272 3133; baseline -0.001 -39"><span class='ocrx_word' id='word_1_292' title='bbox 191 3046 389 3098; x_wconf 46' lang='lat' dir='ltr'><strong>returr</strong></span> <span class='ocrx_word' id='word_1_293' title='bbox 465 3039 598 3113; x_wconf 89' lang='lat' dir='ltr'><strong>Ego</strong></span> <span class='ocrx_word' id='word_1_294' title='bbox 645 3048 900 3133; x_wconf 81' lang='lat' dir='ltr'><strong>repente</strong></span> <span class='ocrx_word' id='word_1_295' title='bbox 939 3037 1001 3097; x_wconf 87' lang='lat' dir='ltr'><strong>vi</strong></span> <span class='ocrx_word' id='word_1_296' title='bbox 1049 3037 1368 3099; x_wconf 84' lang='lat' dir='ltr'><strong>tribunicia</strong></span> <span class='ocrx_word' id='word_1_297' title='bbox 1414 3044 1738 3112; x_wconf 88' lang='lat' dir='ltr'><strong>correptus</strong></span> <span class='ocrx_word' id='word_1_298' title='bbox 1783 3052 1904 3095; x_wconf 92' lang='lat' dir='ltr'><strong>non</strong></span> <span class='ocrx_word' id='word_1_299' title='bbox 1951 3035 2145 3095; x_wconf 81' lang='lat' dir='ltr'><strong>modo</strong></span> <span class='ocrx_word' id='word_1_300' title='bbox 2194 3035 2272 3093; x_wconf 93' lang='lat' dir='ltr'><strong>lo·</strong></span> 
     </span>
     <span class='ocr_line' id='line_1_36' title="bbox 192 3113 2274 3216; baseline -0.002 -39"><span class='ocrx_word' id='word_1_301' title='bbox 192 3121 420 3194; x_wconf 85' lang='lat' dir='ltr'><strong>quendi</strong></span> <span class='ocrx_word' id='word_1_302' title='bbox 461 3121 651 3182; x_wconf 88' lang='lat' dir='ltr'><strong>libere</strong></span> <span class='ocrx_word' id='word_1_303' title='bbox 694 3120 753 3181; x_wconf 93' lang='lat' dir='ltr'><strong>in</strong></span> <span class='ocrx_word' id='word_1_304' title='bbox 784 3122 1038 3196; x_wconf 91' lang='lat' dir='ltr'><strong>iudicio,</strong></span> <span class='ocrx_word' id='word_1_305' title='bbox 1083 3124 1198 3183; x_wconf 91' lang='lat' dir='ltr'><strong>sed</strong></span> <span class='ocrx_word' id='word_1_306' title='bbox 1229 3139 1307 3182; x_wconf 94' lang='lat' dir='ltr'><strong>ne</strong></span> <span class='ocrx_word' id='word_1_307' title='bbox 1342 3119 1723 3182; x_wconf 87' lang='lat' dir='ltr'><strong>consistendi</strong></span> <span class='ocrx_word' id='word_1_308' title='bbox 1756 3118 2004 3216; x_wconf 84' lang='lat' dir='ltr'><strong>quidem</strong></span> <span class='ocrx_word' id='word_1_309' title='bbox 2034 3117 2099 3178; x_wconf 91' lang='lat' dir='ltr'><strong>in</strong></span> <span class='ocrx_word' id='word_1_310' title='bbox 2131 3113 2274 3176; x_wconf 89' lang='lat' dir='ltr'><strong>civi·</strong></span> 
     </span>
     <span class='ocr_line' id='line_1_37' title="bbox 191 3199 2275 3281; baseline -0.001 -21"><span class='ocrx_word' id='word_1_311' title='bbox 191 3211 314 3262; x_wconf 87' lang='lat' dir='ltr'><strong>tate</strong></span> <span class='ocrx_word' id='word_1_312' title='bbox 356 3205 551 3264; x_wconf 88' lang='lat' dir='ltr'><strong>habeo</strong></span> <span class='ocrx_word' id='word_1_313' title='bbox 598 3213 987 3281; x_wconf 88' lang='lat' dir='ltr'><strong>potestatem.</strong></span> <span class='ocrx_word' id='word_1_314' title='bbox 1074 3205 1303 3266; x_wconf 89' lang='lat' dir='ltr'><strong>Eiicior</strong></span> <span class='ocrx_word' id='word_1_315' title='bbox 1343 3222 1465 3265; x_wconf 91' lang='lat' dir='ltr'><strong>non</strong></span> <span class='ocrx_word' id='word_1_316' title='bbox 1509 3206 1710 3265; x_wconf 91' lang='lat' dir='ltr'><strong>solum</strong></span> <span class='ocrx_word' id='word_1_317' title='bbox 1743 3203 1879 3264; x_wconf 92' lang='lat' dir='ltr'><strong>sine</strong></span> <span class='ocrx_word' id='word_1_318' title='bbox 1909 3209 2099 3272; x_wconf 87' lang='lat' dir='ltr'><strong>teste,</strong></span> <span class='ocrx_word' id='word_1_319' title='bbox 2140 3199 2275 3259; x_wconf 91' lang='lat' dir='ltr'><strong>sine</strong></span> 
     </span>
     <span class='ocr_line' id='line_1_38' title="bbox 191 3283 2209 3358; baseline 0 -17"><span class='ocrx_word' id='word_1_320' title='bbox 191 3283 421 3357; x_wconf 87' lang='lat' dir='ltr'><strong>indice,</strong></span> <span class='ocrx_word' id='word_1_321' title='bbox 470 3287 602 3346; x_wconf 90' lang='lat' dir='ltr'><strong>sine</strong></span> <span class='ocrx_word' id='word_1_322' title='bbox 652 3288 931 3358; x_wconf 89' lang='lat' dir='ltr'><strong>crimine,</strong></span> <span class='ocrx_word' id='word_1_323' title='bbox 980 3289 1092 3350; x_wconf 92' lang='lat' dir='ltr'><strong>sed</strong></span> <span class='ocrx_word' id='word_1_324' title='bbox 1134 3290 1314 3351; x_wconf 89' lang='lat' dir='ltr'><strong>etiam</strong></span> <span class='ocrx_word' id='word_1_325' title='bbox 1358 3288 1491 3348; x_wconf 91' lang='lat' dir='ltr'><strong>sine</strong></span> <span class='ocrx_word' id='word_1_326' title='bbox 1529 3295 1912 3348; x_wconf 83' lang='lat' dir='ltr'><strong>accusatore.</strong></span> <span class='ocrx_word' id='word_1_327' title='bbox 2006 3283 2209 3346; x_wconf 88' lang='grc' dir='ltr'><strong>18.Η</strong></span> 
     </span>
    </p>

    <p class='ocr_par' dir='ltr' id='par_1_3' title="bbox 192 3364 2276 3446">
     <span class='ocr_line' id='line_1_39' title="bbox 192 3364 2276 3446; baseline 0.002 -25"><span class='ocrx_word' id='word_1_328' title='bbox 192 3366 386 3426; x_wconf 87' lang='lat' dir='ltr'><strong>stibus</strong></span> <span class='ocrx_word' id='word_1_329' title='bbox 422 3367 481 3425; x_wconf 91' lang='lat' dir='ltr'><strong>in</strong></span> <span class='ocrx_word' id='word_1_330' title='bbox 517 3370 706 3442; x_wconf 88' lang='lat' dir='ltr'><strong>bello,</strong></span> <span class='ocrx_word' id='word_1_331' title='bbox 754 3370 858 3446; x_wconf 89' lang='lat' dir='ltr'><strong>qui</strong></span> <span class='ocrx_word' id='word_1_332' title='bbox 889 3371 1193 3432; x_wconf 90' lang='lat' dir='ltr'><strong>dissident</strong></span> <span class='ocrx_word' id='word_1_333' title='bbox 1229 3374 1574 3443; x_wconf 90' lang='lat' dir='ltr'><strong>voluntate,</strong></span> <span class='ocrx_word' id='word_1_334' title='bbox 1619 3370 1906 3431; x_wconf 90' lang='lat' dir='ltr'><strong>dimicant</strong></span> <span class='ocrx_word' id='word_1_335' title='bbox 1935 3367 2152 3440; x_wconf 87' lang='lat' dir='ltr'><strong>armis,</strong></span> <span class='ocrx_word' id='word_1_336' title='bbox 2196 3364 2276 3425; x_wconf 92' lang='lat' dir='ltr'><strong>vi·</strong></span> 
     </span>
    </p>
   </div>
  </div>
 </body>
</html>
