2381 3723
200 122 318 178 219
791 112 958 173 CAP.
988 122 1256 176 38—40.
1300 122 1353 182 s.
1388 121 1717 176 leo—139.
2169 116 2297 181 409

208 272 530 341 peranter,
563 262 901 341 flagitiose,
940 264 1170 326 nefarie
1189 263 1484 339 vixerint,
1518 281 1681 326 nunc
1712 263 1973 326 dubitari
2005 284 2129 328 non
2161 277 2295 345 pot-

209 355 312 409 est
344 346 488 423 quin
517 348 674 410 tales
704 347 985 410 homines
1017 366 1141 411 non
1174 366 1373 421 mors,
1420 349 1534 409 sed
1556 347 1967 411 admissorum
1993 353 2296 414 scelerum

208 431 594 493 conscientia
635 441 822 493 vexet
860 432 1211 507 habeatque
1256 430 1575 494 sollicitos,
1667 433 1806 493 135.
1865 434 1978 508 Qui
2018 434 2179 496 enim
2226 454 2296 498 se

207 514 548 578 morituros
599 531 932 591 numquam
986 516 1359 577 crediderint
1409 531 1482 576 ac
1533 532 1611 576 ne
1661 516 1984 592 cogitarint
2027 518 2295 595 quidem,

209 616 401 676 quum
443 600 524 659 ad
561 598 762 676 ipsam
801 606 1060 661 mortem
1104 600 1527 676 pervenerint,
1571 607 1878 676 anguntur
1918 618 2043 664 non
2076 604 2297 665 dolore

207 682 543 754 moriendi,
589 684 914 759 sed-quod
961 701 996 744 e
1038 683 1164 744 vita
1197 682 1367 743 inviti
1401 683 1747 745 discedunt.
1835 687 1899 747 In
1946 703 2069 762 qua
2107 705 2295 763 quum

211 765 422 828 omnia
450 768 742 829 ¹secunda
791 766 1112 843 feliciaque
1158 768 1610 844 experirentur,
1667 785 1746 828 ne
1791 786 1985 831 secus
2034 770 2298 832 mortuis

211 849 484 923 accidat,
533 852 714 913 valde
743 851 946 912 vereri
975 868 1049 912 ac
1077 850 1353 912 dubitare
1386 859 1711 928 coguntur.
1803 853 1942 914 136.
1986 856 2072 913 At
2094 856 2299 929 bonis,

210 934 320 1009 qui
353 941 614 995 mortem
645 949 894 1012 semper
926 942 1237 1010 tamquam
1272 935 1615 1010 praesentis
1638 936 2022 1011 tempestatis
2047 945 2297 1013 portum

208 1018 272 1079 in
307 1034 417 1079 ore
447 1034 521 1079 ac
550 1035 840 1081 sermone
869 1019 1194 1081 habuerint
1230 1019 1460 1096 quique
1485 1036 1566 1078 nx
1598 1018 1777 1080 huius
1809 1018 1971 1080 vitae
2007 1021 2302 1095 procellis

210 1101 427 1164 mortis
466 1103 771 1164 beneficio
803 1103 1135 1179 aliquando
1167 1104 1381 1179 egredi
1416 1102 1779 1179 saepissime
1810 1103 2301 1179 concupiverint,

208 1185 356 1247 nihil
397 1185 683 1249 libentius
711 1205 784 1248 ac
813 1187 1138 1249 iucundius
1170 1187 1478 1249 mentione
1512 1204 1587 1248 ac
1615 1187 1861 1249 nomine
1891 1187 2106 1250 mortis
2137 1189 2291 1249 acci-

210 1270 316 1330 dit.
404 1272 614 1347 Atque
663 1271 723 1331 in
771 1271 845 1332 iis
898 1271 1079 1333 etiam
1130 1278 1459 1348 praestans
1511 1272 1818 1348 planeque
1870 1271 2300 1334 admirandum

213 1356 471 1415 deorum
501 1372 725 1417 munus
757 1357 1131 1431 agnoscitur.
1175 1352 1402 1417 ‘Bonos
1429 1356 1591 1416 enim
1616 1362 1679 1416 et
1702 1354 1946 1430 quidem
1973 1357 2302 1432 plurimoS,

212 1455 337 1500 non
371 1439 558 1500 modo
591 1455 730 1499 cum
762 1440 987 1515 exiguo
1021 1440 1273 1513 dolore,
1316 1449 1386 1501 ut
1413 1447 1631 1515 optare
1662 1438 1943 1501 homines
1976 1442 2158 1515 vulgo
2191 1457 2295 1501 so·

208 1524 363 1595 lent,
407 1524 522 1583 sed
556 1522 756 1583 omnis
786 1525 985 1599 plane.
1001 1523 1239 1586 doloris
1271 1530 1561 1600 expertes
1593 1541 1673 1584 ex
1703 1524 1818 1583 hac
1847 1523 1969 1583 vita
1997 1540 2301 1599 egressos-

211 1605 347 1666 sine
375 1606 499 1667 ulla
532 1606 914 1669 dubitatione
943 1607 1242 1682 reperias.

332 1689 452 1750 XL.
502 1691 644 1751 137.
733 1693 826 1751 Ex
881 1691 1103 1766 quibus
1165 1693 1234 1766 Q.
1286 1689 1512 1752 Fabius
1567 1691 1953 1753 consulatum
2008 1692 2299 1767 adeptuS,

209 1790 398 1849 quum
440 1774 500 1835 in
544 1773 712 1835 curia
757 1781 1220 1851 praetereuntes
1263 1776 1588 1847 salutaret,
1648 1773 1793 1834 nihil
1834 1773 2087 1846 dolenS,
2147 1775 2295 1836 nihil

209 1857 454 1919 molesti
516 1857 820 1933 sentienS,
877 1858 1062 1921 immo
1115 1861 1299 1935 plane
1343 1858 1652 1934 gaudens,
1717 1875 1752 1918 e
1800 1858 1928 1917 vita
1980 1856 2296 1921 discessit.

204 1945 417 2015 Atque
453 1941 614 2003 idem
651 1942 904 2019 contigit
934 1946 1010 2003 A.
1040 1942 1373 2020 Pompeio,
1419 1958 1605 2017 quum
1639 1941 1700 2001 in
1729 1941 1887 2001 aede
1914 1941 2080 2003 Iovis
2119 1942 2290 2016 Capi·

204 2025 376 2086 tolini
415 2041 594 2088 sacra
636 2026 917 2102 fecisset,
963 2028 1235 2103 itemque
1274 2026 1540 2087 Thalnae
1581 2023 1855 2096 consuli,
1912 2024 2006 2086 dis
2049 2025 2291 2087 immor·

205 2108 431 2171 talibus
460 2110 854 2187 supplicanti.
945 2109 1096 2184 Quid
1131 2112 1251 2172 hos
1280 2109 1503 2186 inipso
1529 2110 1746 2170 mortis
1769 2107 2022 2170 articulo
2056 2109 2294 2169 doloris

206 2199 500 2269 expertos
533 2194 875 2266 existimes,
925 2193 1031 2270 qui
1060 2195 1269 2271 paullo
1301 2201 1444 2254 ante
1474 2193 1618 2254 laeti
1648 2192 1965 2265 vivebant,
2006 2201 2070 2253 et
2101 2193 2157 2252 in
2192 2209 2294 2265 eo,

208 2276 813 2352 quo'moriebantur,
860 2286 1088 2354 puncto
1118 2277 1420 2355 temporis
1452 2276 1599 2339 nihil
1629 2276 1888 2352 lugubre
1919 2276 2124 2338 testati
2150 2276 2292 2348 sint,

206 2359 350 2420 nihil
376 2357 580 2422 flebile
606 2361 913 2423 dixerint?
955 2363 1184 2435 Morte,
1209 2361 1482 2437 inquies,
1513 2358 1804 2439 oppressi
1825 2367 1987 2422 sunt.
2048 2357 2183 2421 138.
2211 2364 2294 2420 At

107 2516 118 2527 ·
203 2443 643 2520 sapientissimi
674 2453 736 2506 et
764 2444 975 2522 optimi
1015 2445 1157 2507 viri:
1207 2446 1433 2521 quibus
1457 2453 1715 2507 mortem
1739 2452 2052 2520 tamquam
2073 2445 2296 2506 beatae

204 2527 368 2587 vitae
411 2528 644 2589 initium
684 2529 749 2590 di
784 2528 1161 2591 immortales
1198 2528 1404 2604 largiri
1444 2531 1807 2603 voluerunt,
1848 2546 2030 2605 quam
2062 2546 2138 2591 eo
2170 2530 2293 2590 for-

203 2618 376 2671 tasse
416 2610 840 2674 iucundiorem
884 2612 1037 2689 ipsis
1080 2615 1216 2674 fore
1255 2612 1578 2684 videbant,
1625 2629 1749 2688 quo
1794 2613 1995 2674 minus
2023 2629 2109 2673 eo
2140 2621 2294 2672 tem·

199 2710 359 2770 pore
385 2702 620 2757 tantum
651 2696 799 2758 boni
832 2703 1353 2773 exspectaverant
1381 2711 1454 2756 ac
1497 2711 1575 2756 ne
1608 2711 1862 2770 sperare
1902 2695 2148 2770 quidem
2182 2712 2291 2770 po—

196 2784 424 2839 terant.
512 2780 664 2841 Nam
710 2797 898 2857 quum
947 2798 1117 2843 mors
1168 2797 1204 2841 e
1247 2779 1454 2841 divina
1495 2781 1813 2840 voluntate
1841 2785 1973 2839 >tota
2009 2780 2291 2853 pendeat,

198 2862 366 2922 haud
411 2879 563 2924 sane
602 2863 662 2924 in
699 2864 963 2926 hominis
996 2872 1307 2942 potestate
1339 2880 1482 2926 esse
1516 2862 1718 2939 possit
1750 2861 2292 2939 quopotissimum

200 2945 304 3006 die
354 2963 604 3023 quaque
654 2947 1020 3010 condicione
1072 2948 1234 3010 mori
1281 2947 1447 3008 velit.
1539 2946 1680 3009 139.
1735 2949 1862 3008 Nec
1912 2962 2125 3008 verum
2176 2951 2294 3017 est,

200 3031 376 3106 quod
425 3030 646 3095 dicitur
687 3049 724 3093 a
768 3032 1165 3108 quibusdam,
1213 3032 1425 3094 mortis
1461 3031 1744 3092 eumdem
1779 3030 2063 3091 omnibus
2101 3027 2294 3091 homi-

196 3113 382 3175 nibus
416 3114 579 3176 diem
608 3132 684 3177 ac
705 3116 1030 3178 terminum
1054 3115 1342 3179 divinitus
1368 3115 1967 3186 esse-constitutum,
1999 3121 2069 3176 ut
2088 3120 2294 3174 autem

198 3199 299 3257 vel
332 3197 510 3260 citius
542 3202 639 3261 vel
671 3200 872 3263 serius
913 3200 1275 3274 moriamur,
1321 3200 1702 3276 singulorum
1731 3196 2042 3259 hominum
2071 3199 2171 3259 vel
2204 3195 2293 3255 in-

194 3282 605 3357 temperantia
629 3286 727 3345 vel
756 3284 1128 3361 negligentia
1157 3284 1537 3360 contingere.
1624 3284 1773 3344 Nam
1790 3329 1805 3355 ,
1841 3289 1909 3345 ut
1930 3281 2078 3342 illud
2102 3278 2293 3341 veris-

193 3364 420 3429 simum
459 3375 555 3427 est
584 3367 971 3443 praefinitum
999 3385 1144 3430 esse
1166 3368 1330 3430 vitae
1352 3367 1679 3430 terminum
1703 3383 1741 3427 a
1763 3367 1883 3428 deo
1912 3381 2093 3441 quem
2114 3379 2293 3441 prae-
