2381 3723
119 176 190 231 47
909 168 1412 230 FRAGMENTA.
2070 174 2191 240 237

699 340 835 379 Posr
875 340 1017 379 DUAS
1060 341 1268 381 PARTES
1310 343 1616 383 ORArloffls.

251 430 350 490 45.
371 434 424 493 h.
479 432 627 491 Nam
661 450 844 506 quum
891 450 968 494 ex
1019 433 1222 493 multis
1258 452 1417 495 unus
1477 433 1532 495 ei
1574 443 1833 514 restaret
1879 437 2196 497 Dolabella

122 517 415 592 paternus
472 514 781 590 inimicuS,
843 516 948 591 qui
1003 533 1138 576 cum
1192 518 1258 592 Q.
1317 519 1621 595 Caepione
1677 520 2023 596 propinquo
2075 537 2191 581 suo

124 606 340 659 contra
376 598 673 660 Scaurum
711 608 942 676 patrem
970 617 1148 661 suum
1183 601 1617 677 obsignaverat
1644 607 1905 677 litteras,
1947 621 2053 665 eas
2080 603 2195 665 sibi

120 681 460 743 inimicitias
492 700 615 744 non
656 692 1017 759 susceptas,
1075 686 1184 744 sed
1217 688 1456 746 relictas
1479 692 1718 763 pietatis
1757 706 1944 749 causa
1967 706 2194 764 ,aeren-

121 768 236 827 das
263 785 387 827 esse
420 767 826 829 arbitrabatur
839 816 853 842 ,
900 773 1231 829 aemulatus
1261 771 1346 829 M.
1375 781 1433 831 et
1455 772 1523 831 L.
1551 772 1854 846 Lucullos,
1904 776 2009 847 qui
2046 775 2198 848 pari

115 853 337 926 pietate
375 859 433 911 et
467 854 762 913 industria
794 854 1067 928 praediti
1115 855 1434 915 admodum
1472 857 1864 917 adolescentes
1898 865 2195 933 paternas

119 937 461 996 inimicitias
486 953 708 1011 maona
735 954 869 997 cum
891 940 1089 1012 aloria
1110 938 1367 1011 fuerant
1392 944 1704 1013 persecuti.
1771 954 1951 1020 [Aeco
1966 970 1995 1004 n
2011 954 2155 1021 ius]

870 1082 1007 1123 POST
1045 1083 1177 1121 TRBS
1217 1083 1445 1122 PARTES·

249 1158 349 1217 45.
369 1162 403 1219 i.
449 1158 683 1230 Quanta
712 1175 849 1220 vero
883 1159 1112 1219 Triarii
1127 1160 1257 1233 suit
1285 1163 1567 1235 iniquitas
1593 1164 1991 1235 criminantis,
2036 1162 2198 1235 quod

121 1253 242 1306 tam
274 1244 650 1317 magnificam
681 1244 914 1303 domum
946 1244 1214 1304 Scaurus
1240 1242 1525 1305 baberet?
1596 1244 1644 1305 0
1674 1248 1938 1320 priscum
1980 1261 2192 1306 censo-

119 1345 245 1389 rem
277 1344 351 1387 ac
375 1343 642 1387 severum
655 1374 669 1401 ,
687 1344 808 1404 per
835 1344 1001 1402 quem
1032 1346 1107 1389 ne
1133 1330 1418 1389 honorato
1437 1331 1670 1403 quidem
1692 1330 1914 1388 homini
1934 1337 1993 1389 et
2009 1332 2192 1403 prin-

120 1415 248 1486 cipi
291 1414 467 1471 liceat
511 1413 731 1472 habere
780 1413 1141 1472 commodam
1193 1421 1251 1473 et
1296 1416 1541 1487 plenam
1590 1414 1894 1487 diynitatis
1941 1414 2190 1485 domum,

121 1493 479 1572 praesertim
529 1512 715 1569 quum
769 1495 1194 1570 propinquitas
1247 1503 1309 1557 et
1350 1495 1670 1556 celebritas
1727 1496 1846 1556 loci
1893 1495 2192 1572 suspicio·

123 1595 263 1638 nem
298 1577 571 1637 desidiae
600 1580 773 1639 tollat
802 1585 906 1639 aut
940 1579 1308 1655 cupiditatis.
1370 1593 1754 1659 [Asconius]

249 1675 431 1735 XXll.
476 1675 575 1735 45.
596 1681 655 1735 k.
735 1676 923 1747 Quam
945 1693 1082 1738 vero
1106 1680 1421 1737 insolenter
1443 1683 1545 1737 tua
1570 1694 1633 1736 se
1655 1679 1930 1750 iactabat,
1971 1677 2190 1752 Triari,

117 1763 313 1823 oratio
326 1806 340 1833 ,
371 1777 546 1833 quum
577 1761 806 1842 diceres
831 1761 1103 1821 Lucullei
1137 1764 1452 1821 marmoris
1478 1765 1885 1821 columnarum
1900 1807 1913 1833 ,
1952 1777 2102 1835 quas
2131 1765 2193 1821 in

124 1847 280 1906 atrio
330 1843 549 1905 Scauri
590 1848 908 1906 collocatas
955 1846 1241 1919 videmus,
1290 1861 1405 1921 per
1444 1845 1642 1904 urbem
1686 1851 1936 1920 praeter
1982 1847 2192 1917 fictilia

121 1931 368 1990 deorum
400 1928 654 2002 fastiqia
682 1933 743 1989 in
779 1933 1078 2004 privatam
1109 1931 1341 1989 domum
1385 1936 1576 1988 vectas
1615 1945 1738 1988 esse
1774 1935 1970 1987 tantas
1996 1932 2191 2001 moles,

121 2019 190 2073 ut
213 2015 356 2072 satis
384 2012 527 2071 dari
557 2014 669 2071 sibi
695 2014 903 2073 damni
935 2014 1146 2086 insecti
1178 2015 1435 2085 coeperit
1470 2012 1806 2085 redemptor
1832 2014 2190 2084 cloacarum,

118 2111 303 2172 quum
351 2099 412 2154 in
457 2096 748 2156 Palatium
795 2100 1085 2171 plaustris
1131 2091 1630 2156 extraherentur!
1715 2096 1996 2154 Videlicet
2033 2097 2192 2154 invi-

118 2181 327 2240 diosae
352 2182 500 2238 istae
524 2184 830 2241 columnae
871 2180 959 2239 ad
988 2184 1289 2255 privatam
1318 2179 1654 2253 superbiam
1669 2224 1682 2250 ,
1732 2194 1911 2252 quam
1936 2181 2194 2253 populus

118 2263 426 2324 Romanus
456 2263 604 2336 odit,
647 2265 929 2324 advectae
959 2272 1097 2323 sunt
1121 2281 1197 2324 ac
1223 2279 1340 2324 non
1369 2264 1455 2322 ad
1468 2263 1774 2336 publicam
1801 2263 2192 2335 maqnificen—

121 2348 267 2407 tiam
283 2391 297 2417 ‚
348 2362 522 2420 quam
561 2348 771 2421 diliqit.
839 2350 932 2406 An
968 2354 1029 2407 tu
1072 2351 1230 2407 solus
1282 2351 1525 2421 ionoras
1571 2362 1739 2406 usum
1793 2348 1865 2406 iis
1898 2345 2193 2405 Scaurum

114 2436 302 2490 antea
323 2430 514 2509 fuisse
547 2433 797 2491 aedilem
824 2434 888 2490 in
914 2426 1140 2491 ornatu
1157 2433 1400 2503 theatri,
1452 2438 1519 2490 ut
1537 2447 1654 2504 pro
1683 2432 1942 2490 muneris
1970 2432 2193 2504 ampli-

123 2514 330 2574 tudine
356 2521 415 2572 et
439 2515 792 2575 liberalitate
817 2531 929 2575 sua
964 2518 1030 2574 in
1061 2517 1303 2575 deorum
1337 2517 1749 2574 immortalium
1782 2516 2058 2574 honorem
2085 2531 2193 2574 re-

121 2599 398 2670 liyionem
444 2599 718 2658 ludorum
767 2605 1101 2673 apparatus·
1146 2599 1379 2658 lautitia
1428 2600 1824 2668 auqustiorem
1874 2593 2195 2657 redderet?

123 2680 283 2739 45.1.
328 2681 456 2754 Ego
493 2697 709 2756 porro,
744 2681 846 2756 qui
875 2681 1147 2742 Albanas
1184 2681 1380 2741 habeo
1420 2679 1765 2750 columnas,
1812 2678 2043 2738 clitellis
2085 2694 2193 2737 eas

123 2760 472 2841 apportavi.
529 2777 871 2843 [Quinctil'i
889 2795 1042 2829 anus
1066 2779 1154 2828 lib.
1179 2781 1243 2828 V.
1270 2793 1383 2843 cap.
1410 2776 1490 2830 13.
1513 2779 1562 2840 §-
1586 2773 1696 2839 40.]
1751 2762 1951 2821 45:111.
2002 2756 2196 2832 Quid?

113 2855 188 2906 tu
216 2850 342 2921 ipse
356 2894 369 2918 ‚
419 2847 647 2919 Triari,
690 2865 834 2924 quos
847 2895 860 2920 ,
909 2854 1157 2922 quantos
1197 2864 1487 2921 quamque
1501 2876 1506 2879 v
1516 2844 1802 2920 profusos
1841 2852 2105 2920 sumptus
2131 2847 2194 2904 in

123 2933 412 2990 columnis
431 2930 670 3004 fecisti!
736 2933 873 2992 Hoc
906 2931 1091 2992 miror
1120 2930 1277 2990 enim
1311 2945 1660 3005 querorque
1692 2945 2057 3003 quemquam
2088 2929 2193 2988 ho-

127 3012 351 3071 minem
381 3014 462 3072 ita
500 3016 902 3090 pessumdare
931 3017 1184 3075 alterum
1216 3013 1421 3074 verbis
1454 3014 1637 3085 velle,
1670 3020 1736 3073 ut
1768 3013 1945 3073 etiam
1977 3028 2194 3071 navem

122 3096 426 3171 perforet,
462 3097 518 3155 in
548 3115 669 3171 qua
692 3099 828 3175 ipse
858 3097 1121 3172 naviget.
1196 3110 1697 3177 [Quinctilianus
1729 3111 1972 3160 li-b.vl11.
2007 3124 2120 3174 cap.
2140 3108 2192 3161 6.

114 3195 171 3256 §-
212 3192 323 3258 47.]
406 3180 585 3239 45..n.
647 3184 878 3243 Domus
930 3180 1036 3241 tibi
1106 3182 1359 3241 deerat?
1422 3180 1507 3238 At
1554 3179 1846 3240 habebas.
1933 3176 2197 3237 Pecunia

122 3263 496 3337 superabat?
567 3265 651 3324 At
682 3266 928 3341 egebas.
1003 3264 1315 3325 Incurristi
1359 3280 1570 3325 amens
1621 3263 1679 3323 in
1728 3264 2076 3324 columnas:
2134 3261 2194 3321 in

121 3345 364 3406 alienos
392 3345 649 3408 insanus
682 3348 984 3410 insanisti:
1030 3349 1419 3423 depressam,
1452 3362 1730 3421 caecam,
1763 3345 2058 3406 iacentem
2089 3345 2195 3405 do·

109 3446 288 3489 mum
340 3430 537 3507 pluris⁴
580 3449 759 3508 quam
817 3439 875 3492 te
908 3440 969 3492 et
1009 3433 1282 3493 fortunas
1331 3439 1470 3492 tuas
1516 3429 1865 3492 aestimasti.
1944 3443 2192 3509 [cicero
