2381 3723
196 153 265 209 91
993 142 1494 203 FRAGMENTA.
2145 142 2285 205 281

197 299 405 355 autem
437 294 516 354 de
545 292 650 368 iis,
682 309 842 368 quae
870 308 1007 353 cum
1038 292 1434 367 intelligentia
1456 300 1602 354 sunt
1630 294 1970 355 efficientes
1999 290 2286 369 pulcher·

196 376 488 437 rimarum
521 393 726 438 rerum
756 386 941 452 atque
987 375 1384 453 optimarum,
1428 382 1490 435 et
1530 377 1608 436 de
1636 376 1738 448 iis,
1785 394 1945 453 quae
1984 384 2285 437 vacantes

199 460 527 537 prudentia
567 459 980 520 inconstantia
1011 461 1493 536 perturbataque
1532 459 1821 521 efficiunt.
1900 463 1994 521 Ac
2025 463 2103 520 de
2135 476 2275 520 ocu-

197 546 400 604 lorum
453 543 699 619 quidem
753 543 993 616 causiS‚
1051 550 1120 604 ut
1166 543 1464 604 haberent
1516 560 1650 603 eam
1692 544 1842 619 vim,
1902 561 2084 620 quam
2116 559 2288 604 nunc⁴

199 627 457 699 habent,
490 627 639 688 satis
666 629 856 688 ferme
887 643 1032 688 esse
1054 626 1282 687 dictum
1308 635 1474 700 puto.
1548 627 1813 688 Maxima
1836 635 2038 689 autem
2064 643 2286 688 eorum

198 709 429 771 utilitas
493 712 722 772 donata
771 712 1036 771 humano
1095 710 1306 787 generi
1364 711 1621 771 deorum
1674 728 1927 772 munere
1984 711 2287 787 deinceps

196 793 558 869 explicetur.
628 797 854 856 Rerum
886 794 1047 855 enim
1086 794 1453 870 optimarum
1485 794 1873 870 cognitiones
1906 793 2085 856 nobis
2118 794 2285 855 oculi

198 879 548 938 attulerunt.
622 880 767 938 Nam
801 878 987 951 haec,
1033 894 1193 952 quae
1230 884 1327 939 est
1362 877 1565 938 habita
1593 880 1673 939 de
1712 878 2111 940 universitate
2145 893 2278 938 ora-

199 959 284 1021 tio
319 976 356 1019 a
388 960 599 1036 nobis,
653 962 815 1022 haud
862 978 1150 1036 umquam
1185 968 1358 1023 esset
1397 961 1679 1036 inventa,
1736 962 1787 1022 si
1828 979 2031 1039 neque
2075 960 2290 1022 sidera.

198 1060 406 1120 neque
457 1046 554 1106 sol
596 1060 798 1121 neque
843 1047 1076 1106 caelum
1136 1046 1252 1106 sub
1313 1047 1632 1107 oculorum
1684 1052 2003 1122 aspectum
2056 1045 2289 1104 cadere

199 1127 570 1203 potuissent.
639 1131 809 1189 Nunc
837 1146 989 1190 vero
1025 1127 1159 1190 dies
1201 1137 1544 1205 noctesque
1575 1130 1772 1191 oculis
1802 1129 2115 1206 cognitae,
2156 1134 2278 1187 tum

199 1211 502 1272 mensium
533 1229 958 1289 annorumque
990 1211 1437 1274 conversiones
1462 1221 1525 1273 et
1548 1217 1868 1274 numerum
1901 1210 2289 1274 machinatae

197 1303 346 1355 sunt
375 1303 437 1356 et
468 1296 735 1371 spatium
760 1294 1055 1373 temporis
1090 1295 1405 1357 dimensae
1441 1297 1602 1357 etad
1639 1297 2060 1373 quaestionem
2092 1294 2289 1356 totius

199 1387 456 1440 naturae
489 1380 880 1456 impulerunt.
955 1379 1184 1457 Quibus
1233 1397 1311 1440 ex
1351 1381 1537 1445 rebus
1579 1381 2031 1458 philosophiam
2074 1376 2280 1452 adepti

200 1479 449 1524 sumus:
510 1480 633 1538 quo
687 1464 853 1525 bono
899 1465 1126 1524 nullum
1175 1463 1536 1539 optabiliuS,
1589 1467 1821 1526 nullum
1866 1460 2282 1540 praestantius

201 1561 404 1621 neque
450 1549 660 1608 datum
693 1554 790 1609 est
834 1547 1172 1613 mortalium
1206 1547 1415 1623 generi
1459 1549 1715 1627 deorum
1757 1565 2064 1609 concessu
2093 1552 2285 1621 atque

200 1644 455 1690 munere
487 1647 690 1706 neque
721 1630 964 1692 dabitur
999 1632 1339 1710 [umquamJ.

1018 1742 1049 1778 ιιι
1423 1743 1457 1780 *

691 1824 703 1837 x
1222 1787 1254 1825 *

347 1872 435 1939 [P.
456 1874 541 1925 47.
562 1873 620 1925 Β.
645 1873 728 1926 ed.
748 1872 928 1939 Steph.
951 1873 1077 1924 haec
1102 1881 1302 1924 exstant
1329 1873 1555 1923 Platonis
1574 1872 1782 1923 verbaz'
1831 1858 1963 1920 οὔθ’
1986 1859 2111 1934 ἥξει
2140 1865 2286 1920 ποτὲ

200 1936 283 2006 τῷ
316 1938 519 2008 θνητῷ
551 1939 699 2007 γένει
733 1934 1021 2024 ‹ineufi-'2¹12’
1048 1933 1113 1992 ἔκ
1147 1939 1309 1992 θεῶν
1345 1931 1485 2020 neg„
1523 1941 1573 2021 in
1610 1955 1739 2003 quae
1764 1938 1869 1989 exit
1903 1937 2000 2018 hoc
2020 1938 2287 2025 Ciceronis»

200 2008 560 2076 fragmentum.
633 2010 759 2061 Hinc
812 2023 1053 2062 orationis
1091 2011 1379 2060 Platonicae
1425 2023 1643 2084 paginae
1675 2004 1839 2058 XLVI
1878 2006 2282 2070 desiderantum,

334 2091 700 2155 Defenstrix.
775 2106 1185 2174 [Priscianus
1223 2108 1289 2159 de
1324 2108 1421 2158 xn
1456 2104 1745 2166 veraaen.
1785 2120 1899 2171 cap.
1929 2105 1981 2157 2.
2017 2104 2065 2167 s.
2099 2102 2209 2171 lo]

646 2260 749 2314 IV.
823 2257 1229 2311 HORTENSIUS
1267 2258 1352 2308 DE
1387 2256 1831 2310 PHILOSOPHIA.

1052 2397 1442 2440 anemurum.

345 2502 402 2550 ln
439 2500 796 2551 enumerandis
830 2500 1280 2561 describendisque
1316 2497 1489 2557 libris,
1541 2511 1669 2560 quos
1705 2495 1829 2544 dicit
1862 2509 1918 2545 se
1954 2494 2018 2544 de
2053 2491 2287 2559 philoso-

204 2570 332 2637 phia
370 2570 642 2636 scripsisse
688 2568 757 2622 M.
805 2568 1030 2626 Tullius,
1082 2568 1432 2623 Hortensium,
1489 2579 1589 2625 quo
1633 2563 1762 2612 libro
1806 2563 1871 2612 ad
1919 2562 2287 2627 philosophiae

204 2639 433 2690 studium
480 2638 755 2706 populares
804 2651 925 2687 suos
973 2635 1263 2688 cohortatus
1322 2642 1430 2683 erat
1476 2632 1687 2693 eiusque
1731 2630 2157 2694 vituperatoribus
2201 2643 2280 2677 te-

206 2708 509 2774 sponderat,
552 2709 716 2772 primo
739 2706 852 2756 ioco
887 2704 1299 2755 commemoravit
1333 2703 1446 2767 ipse
1474 2700 1563 2752 lib.
1590 2699 1653 2747 de
1672 2699 1971 2747 divinatione
1996 2698 2057 2748 ΙΙ.
2086 2711 2202 2762 cap.
2226 2696 2280 2749 1.

207 2779 258 2841 S.
317 2776 362 2825 1.
413 2776 560 2840 quasi
605 2775 862 2839 quoddam
906 2763 1321 2837 προτρεπτικόν
1367 2770 1432 2819 ad
1481 2764 1838 2833 philosophiae
1884 2765 2056 2815 studia
2097 2779 2288 2830 prooe-

207 2846 395 2897 mium.
450 2844 583 2895 coni'.
633 2845 784 2895 etiam
830 2843 1030 2905 Disput.
1090 2840 1290 2891 Tuscul.
1340 2838 1429 2890 lib.
1480 2837 1547 2888 ΙΙ.
1594 2850 1709 2899 cap.
1749 2835 1797 2884 2.
1840 2835 1892 2895 5.
1925 2835 2008 2891 4.,
2063 2832 2152 2886 iib.
2191 2833 2279 2882 111.

209 2912 412 2978 cap.,3.
447 2916 496 2976 5.
533 2912 585 2965 6.
660 2913 732 2961 Ita
766 2918 931 2962 autem
969 2910 1067 2961 hoc
1104 2923 1235 2975 opus
1274 2908 1554 2957 institutum
1593 2903 1755 2953 fuisse
1782 2903 2012 2960 videtur,
2063 2911 2118 2951 ut
2151 2916 2287 2965 quae

210 2982 275 3032 ab
312 2983 403 3043 iis,
437 2981 526 3046 qui
561 2982 624 3032 ab
663 2980 746 3032 his
784 2978 1141 3045 philosophiae
1176 2977 1363 3028 studiis
1396 2973 1756 3033 abhorrerent,
1796 2982 1971 3022 contra
1999 2985 2089 3020 eas
2124 2970 2284 3021 disci-

210 3050 381 3116 plinas
426 3050 529 3100 dici
581 3065 736 3116 posse
781 3050 1096 3105 viderentur,
1156 3061 1219 3095 ea
1268 3046 1438 3112 priore
1488 3042 1617 3092 libro
1668 3048 2092 3105 proponerentur,
2153 3052 2288 3099 quae

209 3130 379 3169 antem
414 3120 481 3169 ad
516 3117 604 3170 illa
651 3125 949 3184 argumenta
990 3114 1238 3166 elevanda
1285 3111 1689 3171 confutandaque
1728 3108 1976 3165 facerent,
2026 3120 2087 3155 ea
2123 3107 2288 3155 altero

210 3188 342 3237 libro
389 3186 709 3237 referrentur.
782 3185 1026 3250 Dialogus
1072 3191 1267 3242 autem,
1321 3182 1408 3244 qni
1456 3193 1487 3229 a
1533 3176 1591 3237 Q.
1648 3176 1912 3227 Hortensio
1950 3180 2144 3223 oratore
2191 3188 2287 3223 no-

208 3271 327 3307 men
363 3256 588 3320 accepit,
641 3254 778 3319 quod
813 3255 857 3304 is
894 3255 1065 3319 priore
1102 3252 1231 3301 libro
1267 3264 1439 3300 eorum
1475 3254 1645 3313 partes
1680 3244 1943 3302 sustinuit,
1995 3242 2080 3305 qui
2116 3241 2288 3308 philo-

207 3325 426 3390 sophiae
459 3325 684 3376 studium
723 3337 964 3374 accusare
1007 3332 1057 3369 et
1094 3320 1382 3383 vituperare
1416 3316 1676 3375 solebant,
1720 3327 1852 3363 anno
1886 3326 1939 3376 p.
1973 3325 2027 3363 u.
2062 3325 2110 3363 c.
2162 3310 2284 3367 ⁷09,

206 3402 327 3459 post
364 3392 480 3444 Chr.
523 3399 627 3443 nat.
664 3408 713 3442 a.
749 3394 836 3445 45.
871 3392 1089 3456 scriptus
1130 3402 1244 3439 esse
1280 3387 1509 3449 videtur,
1556 3384 1760 3434 habitus
1800 3394 1917 3432 vero
1949 3379 2155 3444 fingitur
2186 3376 2286 3428 Ca·—

2255 3595 2289 3615 A
