2381 3723
123 152 197 207 35
838 139 846 145 ’
914 145 1414 212 FRAGMENTA.
2079 153 2208 215 225

122 295 188 353 in
216 296 409 369 ipsum
445 298 608 355 illum
636 296 933 358 Scaurum
974 314 1100 358 esse
1142 299 1321 359 dicta.
1351 333 1435 343 —
1463 301 1659 363 Falso.
1689 334 1773 347 —-
1812 305 1951 375 Quis
1984 302 2208 377 necat?

122 394 329 437 verum
358 386 554 439 tamen
587 381 664 440 ab
689 384 925 443 inimico
952 382 1112 442 dicta
1138 390 1198 442 et
1230 384 1495 461 obiecta]

253 460 451 524 Subiit
498 461 677 528 etiam
720 464 934 540 populi
962 462 1253 530 iudicium
1281 466 1627 541 inquirente
1656 470 1761 529 On.
1809 470 2073 531 Domitio
2105 470 2204 529 tri·

8 569 21 580 ἡ
123 544 293 605 buno
332 545 550 621 plebis.
617 560 1016 629 [Asconius]

1095 679 1297 718 minen.

250 747 309 808 2.
356 752 523 813 Reus
567 759 665 813 est
705 756 901 815 sactus
949 772 986 813 a
1015 755 1083 828 Q.
1115 754 1374 815 Servilio
1409 756 1717 832 Caepione
1758 760 1894 835 lege
1926 759 2200 834 Servilia,

121 850 313 909 quum
342 833 565 896 iudicia
612 852 806 911 penes
851 846 1201 912 equestrem
1234 837 1508 900 ordinem
1542 850 1755 903 essent
1787 851 1851 902 et
1877 843 1941 902 P.
1976 842 2198 904 Rutilio

120 916 411 1066 ἷίἓηιηαῐό
448 936 629 1069 nemo
660 928 779 981 tam
811 920 1110 983 innocens
1144 921 1490 998 videretur,
1543 932 1611 983 ut
1640 942 1762 1012 non
1793 925 2033 986 timeret
2078 926 2197 987 illa

209 1017 479 1053 sconlus

1064 1107 1270 1145 Inuum.

246 1179 304 1241 3.
348 1182 447 1241 Ab
493 1185 712 1244 eodem
756 1185 933 1246 etiam
976 1188 1113 1262 lege
1141 1184 1329 1246 Varia
1375 1190 1586 1245 custos
1632 1184 1733 1244 ille
1787 1187 1872 1244 rei
1916 1187 2198 1261 publicae

121 1263 487 1341 proditionis
534 1275 631 1329 est
675 1266 733 1328 in
783 1269 1009 1329 crimen
1056 1276 1346 1330 vocatus:
1390 1274 1654 1328 vexatus
1695 1284 1730 1326 a
1761 1269 1830 1342 Q.
1866 1270 2055 1330 Vario
2097 1272 2196 1331 tri-

120 1350 286 1409 buno
321 1349 519 1424 plebis
548 1358 650 1411 est
686 1360 809 1413 non
845 1354 1033 1413 multo
1071 1359 1232 1412 ante.
1300 1365 1687 1434 [Asepnius]

182 1461 197 1474 ·
247 1434 462 1511 [Huius
489 1439 813 1496 multorum
831 1439 1147 1498 ‘calumniis
1163 1440 1367 1497 vexati
1387 1440 1506 1496 viri
1520 1439 1711 1509 filium
1726 1482 1741 1509 ,
1768 1438 2007 1511 iudices,
2037 1456 2198 1499 nunc

117 1518 310 1577 invidi
332 1525 508 1593 atque
540 1522 768 1580 inimici
791 1523 1170 1602 iqnominioso
1198 1521 1665 1596 repetundarum
1689 1521 1907 1581 iudicio
1922 1522 2197 1597 perfun-

17 1629 23 1633 ·
118 1603 267 1661 dere
294 1606 506 1662 volant.
581 1604 729 1664 Eius
754 1620 1001 1664 causam
1027 1611 1092 1664 ut
1115 1608 1440 1680 reciperem
1456 1650 1471 1677 ,
1521 1604 1634 1665 hoc
1660 1606 1983 1665 clarissimi
1999 1609 2197 1680 patris

117 1688 437 1745 memoriae
467 1687 677 1779 debere
704 1704 797 1747 me
826 1689 1202 1767 existimavi]

669 1796 802 1847 Dicit
834 1800 1014 1848 iterum
1051 1798 1117 1849 de
1151 1806 1295 1864 patre
1331 1798 1399 1848 M.
1439 1797 1642 1848 Scauri:

248 1879 375 1938 4.a.
418 1881 551 1940 Non
595 1879 1016 1942 enim‘tantum
1061 1881 1396 1942 admiratus
1444 1897 1578 1941 sum
1622 1896 1737 1955 ego
1780 1880 1948 1942 illum
1983 1883 2194 1958 virum,

119 1962 284 2024 sicut
320 1979 568 2037 omneS,
621 1964 732 2024 sed
777 1963 955 2023 etiam
989 1964 1321 2040 praecipue
1366 1963 1572 2023 dilexi.
1642 1963 1875 2023 Primus
1907 1965 2065 2024 enim
2100 1983 2195 2026 me

119 2047 483 2121 flagrantem
537 2046 741 2108 studio
789 2048 985 2108 laudis
1030 2048 1090 2108 in
1127 2063 1302 2123 spem
1353 2046 1617 2121 impulit,
1670 2062 1861 2120 posse
1909 2047 2194 2108 virtutem

118 2131 256 2192 sine
285 2129 607 2206 praesidio
640 2131 919 2191 fortunae
951 2148 1074 2206 quo
1109 2130 1532 2191 contendisset
1577 2129 1786 2189 labore
1816 2135 1878 2188 et
1911 2138 2195 2191 constan-

121 2214 206 2274 tia
233 2213 576 2289 pervenire.
647 2229 1036 2310 [Asconius]

245 2299 306 2357 4.
321 2303 373 2356 b.
418 2298 493 2357 Et
540 2297 827 2372 quoniam
879 2306 1175 2374 congesta
1224 2296 1334 2357 fuit
1373 2296 1686 2357 accusatio
1736 2297 1928 2372 magis
1964 2314 2191 2361 acervo

120 2381 392 2456 quodam
435 2381 777 2456 criminum,
833 2399 953 2442 non
1003 2381 1393 2442 distinctione
1439 2381 1639 2456 aliqua
1680 2396 1974 2455 generum
2006 2389 2065 2442 et
2093 2398 2194 2442 va-

118 2465 357 2525 rietate.
432 2478 855 2544 [Severianus
886 2489 1099 2547 syntom.
1142 2481 1272 2534 rhet.
1323 2496 1436 2545 cap.
1488 2482 1552 2531 de
1592 2480 1923 2545 disponendis
1970 2482 2195 2531 crimini·

120 2565 218 2614 bus
273 2580 325 2630 p.
383 2561 504 2616 334.
562 2566 644 2618 ed
707 2564 920 2630 Gapper.
925 2564 976 2630 ]·
1049 2551 1141 2609 his
1179 2553 1235 2609 si
1274 2547 1421 2608 univ
1426 2565 1564 2609 erse
1601 2564 1977 2630 [Charisius
2003 2569 2091 2617 lib
2129 2569 2189 2618 11

117 2646 325 2712 p.198
364 2645 596 2714 Putsch]
629 2637 825 2709 potius
852 2635 1030 2709 quam
1060 2634 1421 2707 armamentis
1448 2633 1535 2690 ad
1558 2637 1794 2706 sinyula
1814 2636 2193 2710 respondero,

117 2717 330 2777 videar
373 2734 595 2778 causae
635 2725 810 2792 atque
848 2717 1048 2791 officio
1085 2733 1211 2777 meo
1240 2718 1402 2776 vsatis
1443 2715 1677 2788 fecisse.
1765 2719 1963 2777 Nihilo
2002 2720 2197 2778 minus

116 2810 315 2861 tamen
350 2806 527 2861 totam
572 2818 846 2874 causam,
876 2803 1148 2872 iudices,
1202 2802 1563 2874 explicemus
1601 2809 1777 2874 atque
1820 2810 1957 2860 ante
1999 2804 2196 2861 oculos

114 2887 447 2959 expositam
485 2886 937 2945 consideremus.
1005 2885 1104 2944 Ita
1138 2884 1432 2957 facillime
1462 2893 1519 2943 et
1556 2885 1762 2968 quilius
1792 2884 1867 2944 de
1892 2885 2066 2945 rebus
2089 2900 2195 2944 nos

121 2969 322 3028 dicere
349 2975 615 3043 oporteat
645 2970 876 3042 etquid
899 2984 998 3028 vos
1027 2971 1197 3042 sequi
1220 2969 1528 3028 conveniat
1552 2962 1901 3041 intelliqetis.

248 3051 318 3109 11.
365 3051 424 3109 4.
441 3072 487 3108 c.
574 3052 897 3113 Bostarem
932 3051 1114 3127 igitur
1145 3049 1471 3124 quemdam
1493 3049 1831 3110 Norensem
1866 3050 2193 3125 fugientem

120 3150 158 3194 θ
188 3133 469 3195 Sardinla
499 3133 715 3196 Scauri
744 3135 1093 3195 adventum·
1161 3149 1581 3216 [Severianus
1612 3165 1724 3214 cap.
1757 3150 2192 3214 de‘propositione

120 3234 404 3283 adversarii
443 3248 493 3299 p.
551 3233 671 3288 337.
725 3235 808 3287 ed.
853 3232 1093 3300 Capper.]
1181 3219 1451 3278 Triarius
1478 3221 1829 3279 criminatur
1852 3219 2027 3277 huius
2053 3233 2190 3276 ma-

117 3305 323 3363 litiosis
351 3304 652 3364 blanditiis
693 3321 726 3364 e
749 3304 908 3378 fuya
949 3309 1283 3370 revocatam
1315 3309 1491 3376 atque
1515 3303 1799 3377 <hospitali
1821 3317 2059 3362 mensae
2086 3301 2195 3361 ad-
2213 3342 2240 3353 ,

119 3387 364 3447 bibitum
396 3403 616 3448 venereo
655 3388 731 3447 ab
762 3389 987 3463 hospite
1026 3393 1296 3448 necatum
1331 3403 1455 3446 esse
1482 3391 1541 3446 et
1579 3383 1946 3525 prius5illum
1992 3384 2194 3458 sepui-

207 3486 321 3529 c1c.
360 3472 463 3529 lv.
493 3478 547 3532 3.
1471 3526 1474 3529 ,
1504 3506 1512 3529 1
1712 3468 1738 3525 1
