2381 3723
164 130 247 198 74
971 128 1074 188 DE
1104 129 1422 191 OFFICIIS

164 283 343 344 buius
374 283 643 344 muneris
674 279 856 341 alicui
885 280 974 342 rei
996 281 1279 357 publicae
1314 279 1733 342 obvenerit—
1755 282 1916 342 malo
1942 279 2104 341 enim
2139 280 2241 343 alii

168 384 349 442 quam
380 374 629 426 nostrae
661 364 945 438 ominari,
978 381 1181 439 neque
1215 372 1412 424 tamen
1444 364 1523 423 de
1552 372 1794 438 nostra,
1826 366 1939 426 sed
1967 364 2047 424 de
2070 366 2238 426 omni

162 468 230 512 re
258 448 503 526 publica
528 447 775 525 disputo
800 482 904 524 -,
936 449 1139 509 danda
1170 447 1284 509 erit
1316 464 1506 524 opera
1535 454 1604 508 ut
1632 465 1850 510 omnes
1877 447 2239 523 intelligant,

162 535 216 595 si
248 533 402 594 salvi
432 549 578 594 esse
607 533 823 606 velint,
858 532 1211 594 necessitati
1234 548 1378 594 esse
1400 532 1760 608 parendum.
1825 538 2032 608 Atque
2056 531 2239 593 etiam

161 634 414 689 omnes,
475 616 579 691 qui
626 633 753 676 rem
802 616 1109 692 publicam
1158 616 1615 692 gubernabunt,
1676 618 2004 677 consulere
2052 615 2240 678 debe-

163 704 342 774 bunt,
403 707 470 760 ut
510 717 719 760 earum
770 717 975 761 rerum
1017 699 1198 777 copia
1252 700 1360 772 sit,
1422 716 1582 775 quae
1629 707 1778 759 sunt
1823 699 2240 760 necessariae.

163 787 429 859 Quarum
463 781 661 858 qualis
695 783 1071 861 comparatio
1104 783 1237 844 fieri
1267 785 1467 845 soleat
1491 791 1552 843 et
1592 783 1818 844 debeat
1844 800 1969 844 non
2008 791 2108 844 est
2133 799 2240 844 ne-

163 884 345 928 cesse
391 866 740 942 disputare:
786 875 884 930 est
927 866 1083 928 enim
1121 867 1181 935 in
1214 874 1535 944 promptu:
1577 875 1806 928 tantum
1840 869 2016 928 locus
2061 867 2239 927 attin-

162 951 403 1028 gendus
443 949 577 1012 fmt.
667 951 766 1010 75.
824 953 1019 1027 Caput
1069 959 1269 1011 autem
1322 958 1420 1011 est
1469 951 1527 1010 in
1583 951 1749 1012 omni
1800 953 2239 1026 procuratione

161 1034 392 1111 negotii
421 1042 485 1095 et
512 1034 781 1096 muneris
811 1033 1069 1111 publici,
1099 1043 1167 1095 ut
1194 1034 1486 1096 avaritiae
1514 1036 1776 1111 pellatur
1791 1035 1967 1096 etiam
1994 1033 2240 1096 minima

163 1118 457 1195 suspicio.
532 1119 845 1180 ‘Utinam’
890 1118 1087 1194 inquit
1120 1120 1183 1179 C.
1217 1118 1467 1180 Pontius
1496 1118 1741 1179 ¹Samnis
1787 1120 1902 1178 ead
1952 1119 2052 1178 illa
2087 1126 2238 1179 tem-

163 1220 319 1279 pora
353 1221 450 1263 me
485 1205 730 1264 fortuna
761 1201 1210 1264 reservavisset
1239 1210 1305 1263 et
1326 1210 1457 1263 tum
1491 1218 1695 1263 essem
1728 1209 1942 1275 natuS,
1985 1204 2236 1277 quando

162 1286 421 1348 Romani
443 1287 607 1348 dona
628 1286 911 1362 accipere
934 1286 1316 1362 coepissent!
1356 1287 1489 1348 Non
1529 1302 1737 1346 essem
1754 1303 1983 1363 passus
2004 1285 2237 1346 diutius

161 1387 276 1431 eos
307 1371 658 1446 imperare?
728 1372 817 1431 Ne
856 1369 942 1430 ilii
989 1372 1178 1431 multa
1217 1372 1465 1430 saecula
1506 1371 1927 1445 exspectanda
1971 1372 2236 1432 luerunt.
2342 1448 2346 1454 Δ

161 1454 351 1514 Modo
384 1452 544 1513 enim
587 1454 705 1514 boc
736 1455 961 1515 malum
995 1455 1053 1514 in
1095 1450 1253 1513 banc
1302 1471 1431 1514 rem
1463 1453 1764 1530 publicam
1808 1453 2050 1515 invasit.
2127 1455 2238 1514 lta-

161 1553 287 1612 que
336 1535 512 1596 facile
548 1535 751 1613 patior
792 1544 917 1597 tum
950 1537 1158 1612 potius
1186 1537 1467 1612 Pontium
1510 1537 1734 1612 fuisse,
1782 1538 1840 1599 si
1884 1537 2133 1614 quidem
2179 1537 2234 1597 in

162 1619 264 1681 illo
299 1627 536 1680 tantum
587 1619 699 1680 fuit
749 1620 1013 1682 roboris.
1100 1621 1383 1681 Nondum
1435 1629 1678 1683 centum
1727 1629 1790 1682 et
1832 1622 2044 1682 decem
2096 1619 2238 1681 anni

162 1710 333 1778 sunt,
369 1720 555 1777 quum
593 1705 671 1764 de
703 1705 982 1780 pecuniis
1013 1705 1371 1781 repetundis
1414 1722 1449 1765 a
1476 1707 1544 1765 L.
1572 1705 1803 1767 Pisone
1830 1707 1950 1766 lata
1989 1707 2088 1764 lex
2123 1716 2238 1778 est,

164 1789 327 1848 nulla
353 1795 538 1848 antea
571 1805 757 1865 quum
792 1787 1023 1850 suisset.
1091 1794 1173 1849 At
1200 1804 1352 1849 vero
1385 1796 1604 1866 postea
1632 1797 1725 1850 tot
1755 1791 1926 1866 leges
1952 1797 2014 1849 et
2034 1788 2239 1864 proxi·

161 1888 299 1933 mae
330 1889 614 1949 quaeque
652 1872 969 1945 duriorcS,
1019 1879 1112 1934 tot
1153 1873 1273 1945 rei,
1326 1879 1417 1934 tot
1458 1873 1754 1948 damnati,
1811 1881 2042 1934 tantum
2080 1874 2238 1936 Itali-

160 1973 302 2017 cum
362 1957 583 2018 bellum
646 1966 901 2034 propter
948 1956 1312 2017 iudiciorum
1363 1966 1610 2039 metum
1643 1956 2005 2031 excitatum,
2068 1964 2239 2019 tanta

161 2039 421 2101 sublatIs
461 2041 699 2116 legibus
746 2048 808 2102 et
852 2039 1093 2103 iudiciis
1136 2040 1424 2116 expilatio
1464 2040 1857 2118 direptioque
1898 2040 2237 2113 sociorum,

162 2133 229 2184 nt
287 2123 702 2185 imbecillitate
773 2124 1060 2197 aliorum,
1141 2140 1264 2185 non
1327 2132 1544 2185 nostra
1607 2123 1831 2186 virtute
1898 2126 2239 2186 valeamus,

161 2206 345 2271 xxll.
396 2208 493 2267 76.
582 2209 815 2268 Laudat
847 2208 1202 2268 Africanum
1237 2207 1591 2280 Panaetiu8‚
1628 2210 1795 2283 quod
1846 2208 2028 2270 fuerit
2053 2209 2242 2270 absti-

163 2306 337 2349 nens,
412 2290 627 2363 Quidni
663 2290 911 2351 laudet?
981 2292 1107 2351 Sed
1148 2291 1209 2351 in
1242 2290 1344 2352 illo
1381 2291 1499 2352 alia
1528 2292 1792 2353 maiora.
1858 2293 2022 2354 Laus
2051 2292 2240 2353 absti-

165 2372 407 2433 nentiae
447 2389 572 2434 non
618 2372 879 2434 hominis
926 2381 1026 2435 est
1071 2376 1304 2447 solum,
1355 2377 1470 2436 sed
1516 2377 1700 2436 etiam
1732 2383 2076 2453 temporum
2110 2375 2241 2437 illo·

163 2473 315 2516 rum.
389 2456 563 2518 Omni
592 2458 1001 2519 Macedonem
1022 2475 1176 2533 gaza
1196 2507 1210 2532 ,
1246 2475 1405 2534 quae
1436 2458 1549 2520 tuit
1569 2462 1851 2533 maxima,
1882 2460 2117 2536 potitus
2144 2467 2242 2521 est

168 2541 441 2613 PaulluS‚
487 2548 720 2602 tantum
742 2539 803 2603 in
830 2541 1134 2603 aerarium
1165 2542 1466 2618 pecuniae
1493 2542 1751 2617 invexit,
1804 2551 1874 2604 ut
1907 2542 2092 2604 unius
2133 2543 2240 2603 im·

163 2623 464 2698 peratoris
510 2626 745 2701 praeda
792 2626 975 2687 finem
1033 2624 1303 2687 attuierit
1358 2626 1742 2689 tributorum.
1814 2630 1898 2688 At
1943 2628 2048 2687 bic
2090 2626 2237 2688 nihil

161 2708 412 2770 domum
433 2726 607 2772 suam
621 2710 828 2780 intulit
847 2718 1092 2785 praeter
1112 2711 1468 2772 memoriam
1491 2710 1755 2773 nominis
1774 2710 2236 2787 sempiternam.

163 2791 431 2854 limitatus
498 2800 736 2867 patrem
799 2793 1128 2855 Africanus
1192 2792 1380 2855 nihilo
1439 2794 1806 2872 locupletior
1862 2794 2239 2870 Karthagine

159 2890 405 2935 eversa.
477 2876 676 2949 Quid?
717 2876 827 2952 qui
855 2876 987 2939 eius
1013 2878 1251 2954 collega
1286 2878 1396 2939 fuit
1416 2877 1476 2939 in
1508 2895 1776 2940 censura
1791 2879 1862 2939 L.
1885 2878 2237 2949 Mummius,

162 2976 304 3020 num
339 2958 487 3035 quid
523 2958 869 3035 copiosior,
923 2979 1111 3036 quum
1156 2960 1649 3039 copiosissimam
1696 2962 1912 3023 urbem
1961 2961 2237 3023 funditus

160 3042 555 3105 sustulisset?
641 3044 871 3105 ltaliam
933 3062 1156 3106 ornare
1213 3062 1395 3121 quam
1461 3047 1713 3107 domum
1766 3062 1943 3107 suam
2004 3045 2235 3107 maluit.

158 3126 541 3203 Quamquam
570 3127 742 3188 ltalia
784 3136 1003 3189 ornata
1045 3128 1267 3190 domus
1297 3131 1434 3205 ipsa
1477 3128 1621 3190 mihi
1668 3129 1913 3191 videtur
1936 3129 2235 3200 ornatior.

160 3210 260 3268 77.
284 3212 521 3272 Nullum
552 3210 734 3286 igitur
755 3210 964 3271 vitium
989 3212 1241 3274 taetrius
1256 3221 1379 3288 est,
1408 3221 1602 3286 uteo,
1639 3214 1807 3275 unde
1830 3230 2088 3289 egressa
2114 3224 2234 3285 est,

164 3293 386 3352 referat
413 3310 484 3354 se
515 3293 741 3366 oratio,
785 3310 972 3368 quam
1018 3295 1305 3369 avaritia,
1346 3297 1704 3371 praesertim
1749 3297 1807 3357 in
1851 3296 2234 3373 principibus

161 3380 221 3434 et
242 3390 370 3434 rem
412 3375 714 3451 publicam
741 3375 1251 3452 gubernantibus.
1323 3380 1566 3442 Habere
1596 3380 1755 3442 enim
1787 3380 2072 3457 quaestui
2099 3396 2231 3450 rem

356 3583 394 3609 h
