2381 3723
621 145 764 205 L113.
798 147 896 206 111.
944 142 1109 207 CAP.
1143 136 1500 216 19-21.s.
1532 155 1792 211 ἰε-84.
2123 146 2247 210 103

165 294 552 372 praeripere,
607 298 857 358 fallere?
942 297 1096 357 Nihil
1148 299 1430 373 profecto
1482 296 1705 359 minus.
1793 295 1894 358 82.
1936 297 2047 356 Est
2096 312 2245 372 ergo

165 379 290 438 ulla
331 395 437 440 res
479 380 631 441 tanti
672 388 777 441 aut
833 381 1225 442 commodum
1267 384 1455 443 ullum
1506 389 1629 442 tam
1675 379 2120 457 expetendum,
2180 387 2249 440 ut

162 460 275 520 viri
309 461 456 523 boni
489 470 552 524 et
589 465 984 540 splendorem
1015 471 1078 525 et
1117 482 1343 528 nomen
1372 463 1655 526 amittas?
1741 462 1897 540 Quid
1940 469 2037 523 est
2075 464 2244 538 quod

162 545 408 606 adferre
445 553 681 608 tantum
731 546 935 624 possit
981 547 1208 610 utilitas
1251 548 1371 610 ista
1425 565 1584 626 quae
1635 546 1884 620 dicitur,
1948 552 2243 623 quantum

162 629 437 703 auferre,
492 630 547 691 si
599 630 746 693 boni
795 630 910 692 viri
956 648 1178 693 nomen
1231 632 1552 710 eripuerit,
1603 632 1788 693 fidem
1831 629 2245 706 iustitIamque

162 712 537 774 detraxerit?
625 713 780 791 Quid
817 713 977 775 enim
1019 714 1275 777 interest
1329 724 1528 777 utrum
1569 733 1649 777 ex
1698 716 1945 778 homine
1989 731 2059 776 se
2101 730 2245 775 con·

161 802 363 937 ¹»gestat
398 796 545 940 Yquis
578 796 636 859 in
689 799 933 860 beluam
964 815 1039 859 an
1072 799 1338 919 hominis
1366 800 1564 876 figura
1596 798 2033 883 immanitatem
2069 806 2246 874 gerat

203 895 237 939 e
266 896 384 940 uae

286 1006 450 1067 XXI.
496 1004 693 1082 Quid?
739 1007 842 1085 qui
879 958 1282 1070 omnia-recta
1313 1016 1374 1070 et
1401 1009 1671 1071 honesta
1694 1009 2042 1086 negllgunt,
2096 1009 2241 1071 dum

165 1090 355 1151 modo
408 1090 743 1166 potentiam
796 1102 1284 1170 consequantur,
1341 1110 1546 1154 nonne
1588 1091 1751 1153 idem
1786 1092 2035 1153 iaciunt
2077 1095 2242 1168 quod

162 1172 245 1244 is,
302 1174 408 1248 qui
436 1173 618 1236 etiam
650 1193 936 1238 socerum
980 1178 1212 1239 habere
1240 1175 1437 1239 voluit
1457 1192 1633 1249 eum,
1680 1175 1854 1237 cuius
1894 1175 2244 1252 ipse-auda-

164 1255 260 1317 cia
294 1265 520 1333 potens
556 1262 765 1322 esset?
848 1260 1008 1322 Utile
1050 1260 1108 1322 ei
1152 1259 1475 1322 videbatur
1519 1258 2066 1336 plurimumposse
2099 1261 2242 1320 alte·

164 1340 294 1403 rius
333 1340 585 1402 invidia.
670 1344 740 1404 Id
785 1362 967 1420 quam
1008 1344 1402 1406 iniustumin
1445 1342 1701 1421 patriam
1746 1350 1809 1404 et
1849 1359 2032 1420 quam
2063 1350 2243 1419 turpe

164 1432 227 1484 et
272 1441 457 1500 quam
507 1425 718 1489 inutile
758 1436 933 1490 esset
977 1446 1104 1491 non
1125 1429 1407 1491 'videbat
1494 1430 1637 1506 Ipse
1688 1435 1892 1490 autem
1945 1442 2133 1488 socer
2180 1426 2241 1486 in

165 1524 276 1569 ore
326 1526 577 1585 semper
622 1510 894 1574 Graecos
949 1529 1166 1574 versus
1208 1513 1288 1574 de
1327 1511 1685 1575 Phoenissis
1734 1512 2027 1584 habebat,
2083 1528 2242 1586 quos

164 1589 365 1737 ditcan}
396 1602 466 1736 tltlt
494 1601 746 1690 potero,
784 1594 1096 1669 incondite
1125 1597 1422 1670 fortasse,
1454 1597 1565 1658 sed
1598 1604 1798 1658 tamen
1817 1644 1833 1670 ,
1862 1604 1932 1658 ut
1961 1613 2065 1658 res
2099 1611 2242 1672 pos·

164 1693 217 1736 si
274 1695 335 1738 ιιι
365 1693 402 1738 e
448 1694 558 1754 igi:

333 1819 487 1879 Nam
517 1814 578 1880 si?
595 1816 933 1881 'violandum
964 1831 1050 1881 est
1080 1822 1172 1881 ius
1187 1869 1202 1895 ,
1240 1800 1549 1897 'reqnandi
1567 1823 1770 1897 qratia

348 1904 701 1964 Violandum
728 1910 845 1965 est.-
886 1906 1025 1967 aliis
1050 1907 1227 1966 rebus
1254 1908 1528 1982 pietatem
1557 1909 1738 1966 colas.

167 2054 456 2132 Capitalis
485 2057 771 2119 Eteocles
807 2058 907 2118 vel
937 2056 1144 2134 potius
1174 2055 1533 2133 Euripides,
1586 2053 1690 2130 qui
1718 2052 1781 2114 id
1812 2070 2029 2128 unum,
2075 2056 2244 2129 quod

165 2138 441 2201 omnium
494 2139 1034 2202 sceleratissimum
1082 2139 1293 2212 ruerit,
1347 2137 1691 2215 exceperit!
1781 2135 1883 2199 83.
1940 2137 2096 2213 Quid
2140 2136 2244 2213 igi·

165 2231 266 2284 tur
294 2222 528 2284 minuta
559 2223 929 2301 colligimus»,
960 2222 1367 2297 hereditates,
1417 2229 1826 2296 mercaturaS,
1858 2219 2244 2285 venditiones

164 2306 631 2369 fraudulentas?
713 2309 877 2370 Ecce
908 2307 1045 2383 tibi,
1098 2306 1204 2384 qui
1233 2323 1343 2368 rex
1385 2305 1599 2385 populi
1628 2304 1889 2369 Romani
1935 2306 2245 2369 dominus·

164 2407 288 2466 que
342 2388 614 2453 omnium
665 2392 937 2469 gentium
987 2409 1132 2454 esse
1187 2390 1610 2469 concupiverit
1657 2390 1865 2468 idque*
1888 2389 2243 2466 perfecerit!

161 2475 340 2535 Hanc
379 2473 777 2551 cupiditatem
811 2475 865 2538 si
897 2478 1225 2539 honestam
1271 2475 1408 2551 quis
1451 2492 1599 2537 esse
1641 2473 1815 2547 dicit,
1872 2491 2085 2537 amens
2127 2483 2244 2535 est.

163 2560 395 2619 Probat
424 2559 582 2620 enim
619 2562 823 2636 legum
858 2568 922 2622 et
960 2558 1254 2621 libertatis
1289 2555 1604 2620 interitum
1624 2569 1960 2633 earumque
1991 2576 2245 2636 oppres·

163 2643 408 2704 sionem
442 2650 693 2704 taetram
725 2651 787 2705 et
817 2643 1241 2706 detestabiiem
1271 2642 1603 2719 gloriosam
1637 2647 1828 2716 putat.
1905 2642 2017 2717 Qui
2044 2649 2244 2701 autem

164 2728 390 2788 fatetur
417 2727 748 2789 honestum
784 2744 907 2789 non
942 2745 1085 2790 esse
1125 2727 1184 2787 in
1220 2742 1293 2787 ea
1334 2723 1603 2798 civitate,
1660 2740 1820 2800 quae
1848 2723 2037 2784 libera
2069 2723 2249 2785 fuerit

163 2828 455 2886 quaeque
485 2827 631 2873 esse
659 2812 910 2886 debent,
952 2807 1242 2894 regnate,
1291 2811 1402 2871 sed
1441 2809 1526 2884 ei,
1565 2807 1668 2885 qui
1697 2806 1759 2868 id
1792 2809 1996 2869 facere
2025 2806 2237 2885 possit

161 2910 310 2955 esse
354 2894 534 2969 utile,
583 2901 706 2970 qua
745 2896 909 2958 hunc
953 2894 1380 2971 obiurgatione
1422 2901 1526 2955 aut
1561 2910 1686 2969 quo
1718 2891 1924 2969 potius
1963 2892 2243 2956 convicio

164 2995 195 3037 a
224 2986 405 3039 tanto
437 2995 650 3040 errore
680 2995 871 3040 coner
896 2980 1204 3040 avellere?
1286 2979 1501 3039 Potest
1530 2976 1818 3051 enim,'di
1838 2976 2244 3040 immortales!

161 3061 456 3138 cuiquam
497 3079 643 3124 esse
675 3062 823 3124 utile
866 3062 1288 3124 foedissimum
1332 3068 1396 3122 et
1436 3060 1844 3123 taeterrimum
1889 3060 2247 3138 paricidium

161 3145 434 3221 patriae,
490 3145 770 3221 quamvis
816 3146 901 3219 is,
964 3145 1068 3222 qui
1109 3162 1181 3207 se
1224 3162 1300 3206 eo
1336 3144 1760 3217 obstrinxerit,
1807 3144 1882 3204 ab
1927 3138 2247 3219 oppressis

162 3229 405 3290 civibus
463 3234 759 3306 ‘parens’
817 3229 1200 3292 nominetur?
1284 3230 1625 3290 Honestate
1681 3227 1866 3303 igitur
1932 3226 2249 3301 dirigenda

163 3313 391 3375 utilitas
424 3321 525 3374 est
554 3320 618 3373 et
662 3313 906 3389 quidem
934 3312 1055 3386 sic,
1107 3321 1176 3373 ut
1207 3313 1364 3372 haec
1404 3313 1528 3373 duo
1577 3311 1767 3371 verbo
1815 3308 1973 3369 inter
2018 3326 2088 3369 se
2130 3308 2250 3367 dis-

165 3413 458 3474 crepare,
517 3412 585 3457 re
635 3411 824 3458 unum
876 3414 1101 3459 sonare
1154 3395 1496 3456 videantur.
1586 3390 1689 3451 84.
1745 3389 1880 3448 Non
1925 3390 2125 3447 habeo
2172 3387 2249 3442 ad
