2381 3723
176 115 273 176 64
998 112 1093 170 on
1123 109 1445 171 omens
2019 78 2106 230 af

187 279 295 324 aut
339 261 543 338 aliquo
587 278 735 322 casu
778 268 963 337 atque
993 262 1262 333 fortuna,
1291 260 1350 321 in
1373 262 1546 321 hunc
1590 259 1752 320 oculi
1796 257 2234 355 omniuml-pon

187 346 471 407 iiciuntur
503 352 687 420 atque
739 344 797 404 in
837 362 971 405 eum
1021 345 1166 418 quid
1211 354 1379 419 agat,
1442 360 1621 419 quem
1675 343 1752 402 ad
1802 343 2054 404 modum
2089 356 2234 441 pta-

188 427 508 504 inquiritur
548 436 636 500 et,
689 436 995 503 tamquam
1026 426 1084 486 in
1123 426 1460 487 clarissima
1494 429 1630 486 luce
1666 432 1979 497 versetur,
2021 426 2118 499 ἰν
2141 431 2230 489 ad
2349 478 2350 483 ,

192 516 312 573 lum
369 513 698 572 obscurum
753 517 960 585 potest
1018 526 1132 569 nec
1186 509 1412 569 dictum
1465 508 1597 569 eius
1656 525 1799 571 esse
1839 527 1954 571 nec
2011 513 2047 570 Γ.
2141 513 2231 572 od
2319 556 2320 559 η

188 596 290 654 45.
338 595 605 669 Quorum
630 598 830 652 autem
854 592 1045 669 prima
1068 599 1240 653 aetas
1262 600 1516 668 propter
1536 592 1929 654 humilitatem
1952 600 2015 654 et
2037 625 2047 640 ι
2119 597 2226 655 ad·
2319 560 2350 663 f

190 676 428 738 ritatem
456 676 513 735 in
547 675 856 737 hominum
897 675 1281 751 ignoratione
1313 682 1624 747 versatur,
1660 675 1727 750 ii,
1771 676 1950 738 simul
1983 670 2232 741 acken·

191 777 302 820 nes
340 774 482 820 esse
515 765 883 834 coeperunt,
923 775 1143 834 magna
1189 765 1474 834 spectare
1504 767 1566 818 et
1606 759 1685 819 ad
1715 775 1790 819 ea
1823 760 2005 821 rectis
2038 777 2070 820 s
2091 746 2268 859 'mg'
2319 768 2342 801 θ’

191 843 417 903 debent
459 844 865 914 contendere,
924 843 1090 917 quod
1133 858 1209 903 eo
1254 841 1519 902 firmiore
1559 841 1760 903 animo
1810 843 2057 916 facient,
2121 838 2209 920 qi.
2235 808 2351 937 ‘³²²3

192 943 314 987 non
358 926 543 987 modo
587 943 709 986 non
762 923 1066 985 invidetur
1112 924 1195 983 illi
1246 923 1457 997 aetati,
1519 942 1729 986 verum
1771 925 1949 986 etiam
1999 929 2353 1014 favetur«,

190 1008 387 1069 Prima
417 1015 513 1070 est
542 1008 722 1084 igitur
755 1007 1128 1069 adolescenti
1162 1007 1607 1068 commendatio
1644 1009 1722 1068 ad
1741 1008 2014 1083 gloriam,
2050 1008 2106 1068 si
2143 1027 2287 1085 qua
2327 1054 2353 1095 m

190 1108 270 1152 ex
293 1091 525 1153 bellicis
549 1090 734 1153 rebus
760 1090 1100 1167 comparari
1127 1097 1350 1165 potest,
1379 1089 1436 1150 in
1464 1107 1587 1165 qua
1611 1091 1781 1151 multi
1807 1092 1971 1166 apud
1993 1092 2283 1153 maiores
2331 1136 2353 1181 m

192 1183 441 1237 nostros
501 1174 896 1235 exstiterunt:
954 1190 1202 1249 semper
1245 1173 1403 1234 enim
1466 1175 1593 1233 fere
1653 1174 1810 1233 bella
1865 1175 2280 1250 gerebantur.

191 1260 321 1318 Tua
351 1266 551 1321 autem
583 1265 752 1318 aetas
783 1257 993 1317 incidit
1022 1257 1080 1316 in
1123 1258 1182 1317 id
1218 1257 1470 1329 bellum,
1520 1256 1691 1317 cuius
1732 1258 1921 1317 altera
1949 1274 2092 1332 pars
2130 1275 2283 1320 sce·
2341 1312 2355 1339 ἢ.

108 1332 114 1343 ’
193 1341 333 1401 leris
363 1340 612 1403 nimium
641 1340 880 1413 habuit,
937 1343 1128 1400 altera
1169 1338 1468 1400 felicitatis
1498 1355 1730 1416 parum.
1800 1341 1931 1415 Quo
1967 1348 2174 1402 tamen
2214 1341 2280 1402 in
2343 1338 2354 1405 ἶ

190 1425 351 1485 bello
388 1440 574 1498 quum
618 1431 676 1484 te
722 1422 1046 1498 Pompeius
1100 1426 1234 1483 alae
1277 1421 1451 1483 alteri
1487 1422 1913 1498 praefecisset,
1976 1440 2281 1500 magnam
2352 1494 2354 1499 ⁴

193 1508 433 1566 laudern
466 1513 528 1566 et
558 1522 595 1564 a
628 1522 868 1567 summo
899 1505 1030 1565 viro
1071 1514 1132 1566 et
1172 1506 1249 1565 ab
1281 1507 1552 1567 exercitu
1590 1507 2057 1580 consequebare
2093 1509 2280 1584 equi·
2351 1509 2354 1515 “

191 1590 412 1663 tando,
444 1587 800 1661 iaculando,
834 1588 994 1648 omni
1026 1587 1266 1648 militari
1295 1589 1508 1650 labore
1538 1590 1880 1650 tolerando.
1954 1591 2171 1666 Atque
2200 1609 2280 1653 ea

193 1671 436 1748 quidem
472 1677 575 1730 tua
603 1672 736 1731 laus
768 1670 994 1744 pariter
1024 1688 1160 1731 cum
1193 1688 1261 1731 re
1294 1672 1538 1746 publica
1578 1671 1814 1732 cecidit.
1884 1671 2026 1732 Mihi
2058 1681 2276 1736 autem

190 1755 342 1815 haec
391 1753 585 1815 oratio
638 1760 931 1829 suscepta
973 1771 1095 1814 non
1142 1755 1220 1814 de
1263 1762 1320 1815 te
1365 1762 1489 1828 est,
1551 1756 1662 1815 sed
1704 1756 1781 1815 de
1824 1772 2053 1831 genere
2097 1762 2273 1819 toto:

193 1855 376 1914 quarn
409 1838 490 1899 ob
520 1854 648 1898 rem
678 1853 1007 1914 pergamus
1038 1838 1117 1898 ad
1150 1853 1252 1912 ea,
1296 1854 1455 1913 quae
1498 1844 1744 1899 restant.
1833 1840 1933 1899 46.
1974 1840 2053 1901 Ut
2081 1838 2279 1916 igitur
2343 1850 2356 1938 ξ

190 1919 250 1982 in
281 1921 531 1998 reliquis
562 1923 747 1983 rebus
790 1923 978 1982 multo
1026 1921 1256 1982 maiora
1288 1938 1477 1997 opera
1520 1929 1664 1983 sunt
1692 1921 1873 1982 animi
1913 1939 2094 1997 quam
2131 1939 2274 1985 cor·
2351 1951 2356 2010 χ

192 2004 391 2081 poris,
445 2006 536 2067 sic
571 2022 681 2066 eae
724 2023 856 2078 res,
910 2021 1065 2080 quas
1106 2004 1351 2080 ingenio
1398 2003 1471 2066 ἀ
1524 2005 1760 2065 ratione
1813 2005 2271 2081 persequimur,
2355 2023 2358 2086 ς

188 2089 491 2163 gratiores
524 2097 668 2150 sunt
709 2106 891 2164 quam
921 2088 1088 2160 illae,
1134 2104 1289 2162 quas
1325 2085 1578 2148 viribus.
1652 2088 1850 2148 Prima
1882 2088 2065 2164 igitur
2097 2105 2270 2150 com·
2355 2095 2358 2102 '

190 2171 496 2231 mendatio
541 2170 946 2247 proficiscitur
985 2188 1022 2230 a
1056 2170 1387 2244 modestia,
1438 2180 1563 2231 tum
1604 2171 1828 2246 pietate
1860 2172 1918 2232 in
1951 2180 2268 2246 parentes,

192 2252 247 2312 in
295 2270 446 2314 suos
487 2253 934 2314 benevolentia.
1003 2254 1309 2314 Facillime
1350 2263 1546 2314 autem
1600 2261 1663 2315 et
1698 2254 1756 2314 in
1803 2254 2092 2331 optimam
2127 2272 2267 2329 par·

192 2343 313 2396 tem
350 2342 811 2411 cognoscuntur
838 2336 1300 2409 adolescenteS,
1337 2336 1442 2411 qui
1472 2354 1543 2398 se
1570 2338 1649 2397 ad
1681 2339 1882 2398 claros
1929 2345 1992 2398 et
2018 2337 2268 2413 sapien-

192 2425 286 2478 tes
316 2419 484 2479 viros
522 2419 679 2478 bene
710 2420 1104 2480 consulentes
1134 2419 1224 2480 rei
1257 2420 1536 2494 publicae
1561 2422 1975 2493 contulerunt,
2008 2421 2266 2495 quibus·

192 2517 331 2561 cum
364 2500 417 2562 si
451 2503 805 2577 frequentes
835 2508 1005 2574 sunt,
1050 2502 1399 2577 opinionem
1442 2505 1726 2564 adserunt
1767 2505 1997 2580 populo
2042 2519 2265 2564 eorum

191 2585 325 2645 fore
381 2601 451 2646 se
494 2584 752 2658 simileS,
815 2603 974 2660 quos
1020 2585 1135 2647 sibi
1184 2585 1304 2662 ipsi
1352 2588 1711 2661 delegerunt
1756 2589 1832 2646 ad
1880 2585 2263 2647 imitandum.

189 2668 288 2727 47.
335 2668 399 2728 Ρ.
452 2668 655 2729 Rutilii
697 2668 1174 2730 adolescentiam
1228 2670 1306 2728 ad
1360 2669 1705 2744 opinionem
1759 2674 1820 2730 et
1872 2668 2264 2730 innocentiae

193 2757 255 2810 et
301 2750 449 2811 iuris
508 2751 799 2813 scientiae
848 2752 912 2812 Ρ.
956 2751 1139 2812 Mucii
1194 2752 1645 2815 commendavit
1687 2754 1927 2814 domus.
2000 2754 2148 2813 Nam
2192 2754 2260 2812 L.

189 2833 438 2908 quidem
493 2836 780 2908 CrassuS,
845 2852 1030 2909 quum
1081 2843 1252 2896 esset
1299 2836 1629 2898 admodum
1676 2837 2070 2908 adolescens,
2133 2853 2259 2896 non

189 2916 437 2980 aliunde
465 2925 773 2981 mutuatus
800 2921 926 2991 est,
958 2920 1072 2979 sed
1096 2917 1213 2979 sibi
1236 2918 1370 2993 ipse
1403 2919 1640 2995 peperit
1670 2918 1988 2979 maximam
2015 2920 2261 2979 laudem

190 3016 266 3059 ex
313 2998 414 3060 illa
465 3000 862 3063 accusatione
909 3001 1095 3062 nobili
1147 3008 1209 3061 et
1254 3001 1554 3076 gloriosa,
1607 3007 1696 3075 et,
1753 3019 1874 3077 qua
1916 3010 2110 3064 aetate
2153 3001 2257 3077 qui

191 3090 570 3158 exercentur,
600 3085 783 3144 laude
806 3084 988 3144 adfici
1010 3086 1231 3155 solent,
1259 3093 1323 3144 ut
1348 3086 1427 3145 de
1444 3085 1859 3146 Demosthene
1882 3086 2256 3161 accepimus,

190 3181 262 3225 ea
302 3174 501 3227 aetate
542 3169 607 3228 L.
653 3167 912 3227 Crassus
957 3167 1227 3228 ostendit
1267 3166 1328 3226 id
1359 3184 1430 3228 se
1471 3167 1528 3228 in
1572 3169 1705 3229 foro
1739 3170 1967 3244 optime
2010 3168 2127 3227 iam
2173 3170 2257 3228 fa-

191 3262 362 3321 cere,
425 3250 591 3322 quod
644 3249 824 3310 etiam
866 3256 992 3310 tum
1044 3257 1289 3326 poterat
1338 3250 1502 3311 domi
1547 3267 1684 3311 cum
1733 3252 1914 3311 laude
1954 3252 2253 3312 meditari.

189 3329 347 3390 XIV.
393 3330 493 3391 48.
583 3331 709 3392 Sed
752 3349 936 3407 quum
976 3333 1206 3409 duplex
1237 3335 1389 3396 ratio
1424 3333 1504 3395 sit
1532 3333 1856 3408 orationis,
1904 3350 2162 3410 quarum
2192 3335 2255 3395 in

249 3587 289 3611 k
