2381 3723
153 115 271 180 156
629 117 959 179 LAELIUS
991 118 1092 178 DE
1123 116 1471 178 AMICITIA
1506 116 1738 178 LIBER
1835 67 1840 70 ἢ
2150 128 2214 177 ἂι

150 268 411 329 honesta
452 267 846 330 concertatio.
923 267 1025 329 Sic
1066 275 1126 329 et
1168 267 1457 332 util‘rcates
1498 285 1577 329 ex
1620 264 1879 328 amicitia
1901 264 2219 327 maximae

149 348 470 427 capientur
511 359 573 412 et
616 350 731 413 erit
765 350 896 414 eius
938 359 1110 414 ortus
1139 369 1176 412 a
1220 360 1438 413 natura
1480 368 1662 428 quam
1697 352 1772 411 ab
1809 348 2224 410 imbecillitate

150 434 398 510 gravior
441 441 504 495 et
540 434 763 498 verior.
835 438 1009 497 Nam*
1039 435 1091 497 si
1134 435 1360 497 utilitas
1412 433 1861 511 conglutinaret
1901 431 2219 504 amicitias,

149 518 366 579 eadem
436 525 807 579 commutata
868 518 1274 581 dissolveret:
1353 520 1464 580 sed
1521 518 1664 595 quia
1726 526 1941 579 natura
2001 515 2221 577 mutari

150 618 274 662 non
299 608 534 678 potest,
565 601 796 664 idcirco
827 619 1013 664 verae
1036 602 1335 683 amicitiae
1358 602 1768 679 sempiternae
1790 609 1952 663 sunt.
2010 600 2218 661 Ortum

152 683 396 759 quidem
433 684 731 745 amicitiae
763 683 1016 761 videtiS‚
1052 685 1168 747 nisi
1202 686 1349 762 quid
1379 687 1460 746 ad
1494 687 1649 746 haec
1679 688 1835 746 forte
1857 684 2063 745 vu‘ltiS.

273 797 560 859 FANmus.
632 799 722 859 Tu
753 816 901 861 vero
935 817 1156 876 perge,
1197 798 1392 860 Laeli!
1440 802 1556 862 Pro
1589 800 1708 859 hoc
1744 797 1932 871 enim,
1982 796 2087 874 qui
2115 796 2220 857 nii-

150 899 265 941 nor
294 890 389 941 est
417 888 595 955 natu,
634 899 771 943 meo
803 882 934 943 iure
964 884 1339 960 respondeo.

274 990 374 1053 33.
422 992 768 1056 ΞοΑΕνοιΑ.
813 997 1004 1056 Recte
1027 1001 1092 1055 tu
1116 994 1393 1070 quidem:
1429 1009 1610 1069 quam
1630 992 1709 1055 ob
1726 1010 1857 1054 rem
1878 993 2217 1055 audiamus.

274 1106 348 1166 X.
415 1106 696 1167 LAeuus.
757 1106 983 1167 Audite
1012 1124 1195 1180 vero,
1238 1106 1448 1184 optimi
1478 1105 1617 1180 viri,
1651 1123 1754 1179 ea,
1793 1125 1952 1184 quae
1988 1107 2194 1184 saepis

153 1188 305 1249 sime
361 1188 521 1250 inter
578 1208 674 1251 me
731 1198 792 1251 et
856 1191 1208 1267 Scipionem
1262 1192 1340 1252 de
1408 1189 1670 1251 amicitia
1727 1190 2216 1253 disserebantur:

153 1290 519 1348 quamquam
569 1274 670 1334 ille
718 1273 965 1348 quidem
1017 1274 1162 1335 nihil
1207 1274 1512 1336 difficilius
1560 1291 1703 1335 esse
1752 1273 1995 1335 dicebat
2036 1292 2216 1351 quam

151 1355 470 1417 amicitiam
506 1374 706 1432 usque
738 1359 819 1419 ad
850 1366 1189 1419 extremum
1228 1358 1387 1418 diem
1421 1358 1582 1418 vitae
1628 1374 2019 1433 permanere:
2076 1375 2219 1420 nam

58 1473 61 1474 ν
152 1443 247 1500 vel
284 1448 506 1500 utnon
547 1438 709 1500 idem
755 1441 1076 1517 expediret
1115 1440 1385 1502 incidere
1427 1457 1617 1516 saepe
1657 1443 1756 1501 vel
1797 1449 1865 1503 ut
1896 1443 1974 1501 de
2011 1443 2081 1501 re
2113 1459 2213 1517 pu-

151 1523 309 1582 blica
348 1540 472 1585 non
513 1523 675 1584 idem
737 1524 1094 1585 sentiretur:
1143 1524 1367 1587 mutari
1411 1524 1590 1586 etiam
1644 1541 1854 1600 mores·
1905 1524 2218 1587 hominurn

151 1622 341 1679 saepe
400 1605 669 1680 dicebat,
731 1607 883 1667 alias
942 1608 1222 1669 adversis
1285 1610 1499 1682 rebuS‚
1559 1601 1707 1668 alias
1769 1614 1970 1669 aetate
2022 1608 2218 1684 ingra-

152 1698 462 1750 vescente.
536 1692 745 1765 Atque
788 1707 996 1751 earum
1047 1708 1252 1752 rerum
1303 1693 1652 1767 exemplum
1703 1709 1782 1753 ex
1833 1691 2219 1753 similitudine

152 1770 433 1848 capiebat
478 1772 744 1834 ineuntis
789 1773 1033 1847 aetatis,
1097 1776 1267 1850 quod
1319 1774 1540 1836 summi
1593 1792 1923 1851 puerorum
1974 1791 2219 1836 amores

151 1874 342 1933 saepe
376 1874 502 1918 una
545 1874 681 1918 cum
709 1865 1029 1934 praetexta
1066 1868 1212 1935 toga
1254 1868 1658 1936 ponerentur:
1730 1858 1831 1920 34.
1885 1859 1980 1920 sin
2015 1866 2219 1921 autem

152 1943 227 2000 ad
258 1940 733 2003 adolescentiam
768 1941 1231 2022 perduxissent,
1270 1942 1466 2005 dirimi
1499 1950 1701 2004 tamen
1733 1942 2037 2013 interdum
2076 1960 2222 2004 con·

152 2025 421 2087 tentione
448 2027 548 2086 vel
576 2024 832 2089 uxoriae
865 2029 1248 2091 condicionis
1277 2033 1374 2089 vel
1408 2025 1714 2089 commodi
1742 2027 2016 2100 alicuiuS,
2052 2027 2222 2102 quod

149 2109 310 2168 idem
346 2108 603 2186 adipisci
650 2119 912 2187 uterque
952 2129 1073 2174 non
1111 2121 1346 2188 posset.
1419 2112 1595 2185 Quod
1637 2111 1692 2172 si
1735 2111 1838 2187 qui
1881 2109 2124 2186 longius
2159 2111 2220 2171 ir:

151 2192 410 2254 amicitia
443 2195 718 2270 provecti
747 2206 986 2271 essent,
1038 2205 1243 2257 tamen
1276 2212 1466 2271 saepe
1501 2194 1886 2268 labefactari,
1940 2194 1993 2256 si
2023 2194 2083 2254 in
2116 2195 2222 2255 ho-

151 2277 319 2337 noris
366 2278 823 2338 contentionem
861 2278 1251 2340 incidissent:
1297 2285 1537 2354 pestem
1583 2280 1743 2339 enim
1780 2280 2003 2339 nullam
2036 2276 2221 2340 maio-

150 2376 279 2419 rem
331 2376 475 2422 esse
527 2360 801 2422 amicitiis
855 2379 1037 2437 quam
1086 2358 1152 2422 ‘in
1204 2360 1517 2438 plerisque
1568 2361 1868 2437 pecuniae
1926 2361 2224 2438 cupidita-

151 2451 299 2516 tem,
337 2441 397 2503 in
431 2443 674 2519 optimis
708 2445 1056 2522 quibusque
1082 2445 1335 2507 honoris
1382 2453 1687 2506 certamen
1731 2452 1793 2505 et
1825 2444 2087 2520 gloriae,
2144 2461 2224 2505 ex

153 2543 276 2599 quo
317 2523 661 2589 inimicitias
694 2528 987 2590 maximas
1022 2546 1214 2606 saepe
1248 2531 1406 2589 inter
1441 2527 1848 2590 amicissimos
1883 2527 2222 2589 exstitisse.

151 2607 251 2670 35.
296 2611 521 2687 Magna
565 2611 743 2674 etiam
788 2610 1045 2674 discidia
1085 2619 1148 2672 et
1193 2615 1554 2689 plerumque
1586 2612 1749 2676 iusta
1779 2611 1983 2684 nasci,
2036 2629 2223 2687 quum

151 2693 379 2770 aliquid
419 2695 497 2755 ab
543 2695 753 2757 amieis
800 2696 965 2771 quod
1008 2704 1240 2758 rectum
1283 2713 1406 2758 non
1445 2701 1615 2757 esset
1655 2698 2103 2772 postularetur,
2158 2702 2226 2755 ut

153 2786 257 2839 aut
291 2777 553 2841 libidinis
579 2779 834 2842 ministri
858 2788 964 2841 aut
990 2778 1304 2841 adiutores
1338 2789 1548 2841 essent
1568 2780 1645 2839 ad
1677 2778 1975 2840 iniuriam.
2043 2779 2226 2852 Quod

153 2861 255 2935 qui
284 2872 672 2938 recusarent,
706 2861 989 2939 quamvis
1011 2863 1271 2924 honeste
1303 2864 1364 2923 id
1395 2865 1683 2934 facerent,
1719 2862 1815 2924 ius
1850 2872 2048 2923 tamen
2079 2863 2226 2921 ami-

152 2943 327 3005 citiae
360 2946 652 3007 deserere
693 2955 1096 3024 arguerentur
1126 2948 1205 3008 ab
1237 2947 1341 3020 iis,
1400 2945 1622 3023 quibus
1665 2944 1927 3022 obsequi
1972 2947 2225 3008 nollent.

152 3029 289 3090 illos
345 3036 578 3102 autem,
647 3030 751 3106 qui
811 3029 1054 3106 quidvis
1114 3031 1195 3091 ab
1260 3029 1455 3092 amieo
1516 3031 1818 3092 auderent
1886 3030 2225 3106 postulare,

154 3112 568 3188 postulatione
594 3113 731 3188 ipsa
760 3113 1036 3190 profiteri
1077 3114 1281 3174 omnia
1311 3131 1380 3174 se
1422 3113 1599 3174 amici
1630 3130 1819 3175 causa
1860 3128 2005 3174 esse
2036 3113 2227 3171 factu·

153 3211 278 3254 ros.
343 3197 571 3257 Eorum
619 3197 870 3272 querela
898 3197 1239 3259 inveterata
1282 3215 1406 3258 non
1435 3198 1624 3259 modo
1653 3194 2089 3258 familiaritates
2123 3211 2227 3254 ex·

153 3275 378 3351 stingui
422 3281 654 3352 solere,
705 3281 817 3339 sed
863 3278 1042 3339 etiam
1087 3280 1229 3342 odia
1270 3278 1436 3356 gigni
1477 3280 1865 3356 sempiterna.
1944 3279 2116 3338 Haec
2142 3278 2226 3345 ita

156 3359 337 3416 multa
381 3361 554 3433 quasi
609 3363 730 3421 sata
778 3361 1135 3437 impendere
1188 3363 1491 3439 amicitiis,
1551 3373 1620 3425 nt
1668 3362 1870 3425 omnia
1917 3362 2218 3437 subtersu-
