2381 3723
158 86 284 150 326
954 83 1436 145 FRAGMENTA
2147 97 2248 154 136

159 240 237 300 In
265 239 457 300 medio
488 240 720 299 venient
744 243 964 298 nautae
988 237 1294 298 cernenda
1311 236 1644 312 profundo,

162 324 280 395 Qui
301 325 535 397 siqnum
563 327 918 397 exspectans
943 337 1226 394 maqnum
1254 328 1454 382 manet
1482 320 1702 381 Oriona
1717 341 1738 379 .-

160 407 383 482 Nempe
409 410 522 467 iter
547 412 613 466 ut
638 408 788 466 ratis
814 412 873 466 et
895 407 1078 466 noctis
1102 421 1382 465 mensura
1404 410 1697 481 patescat,

162 490 380 562 Qualia
396 493 588 566 plura
613 491 908 550 hominum
932 491 1146 563 qenai
1171 490 1241 548 di
1261 491 1437 563 siqua
1463 489 1774 550 dederunt.
2140 497 2245 553 765

871 657 979 709 m.
1050 653 1521 707 PROGNOSTICA.

888 784 1261 824 anemurum
1294 785 1495 827 nomm.

294 879 399 929 Hoc
445 877 667 928 carmine
712 873 1090 941 Φαινομένοις
1122 876 1389 928 subiuncto
1424 878 1611 927 Aratus
1645 877 1858 928 Eudoxo
1895 877 2021 927 duce
2056 878 2124 929 de
2160 895 2239 930 or-

158 950 310 999 bibus
333 945 665 1009 caelestibuS‚
708 945 772 995 de
797 945 960 996 stellis
990 946 1306 1031 singuiorum
1326 959 1639 1025 quorumque
1659 947 1922 1011 signorum
1939 948 2236 1011 comitibus,

161 1019 225 1068 de
256 1017 527 1083 portentis,
568 1028 696 1077 quae
717 1015 830 1079 ipse
858 1014 911 1064 A
922 1025 1167 1079 ιοσημε
1182 1016 1254 1064 ια
1285 1016 1320 1067 i.
1354 1031 1400 1065 e.
1426 1007 1569 1072 Διός
1603 1030 1647 1064 s.
1686 1015 1815 1065 caeli
1847 1016 2024 1081 sigua,
2056 1016 2237 1068 Cicero

161 1095 210 1138 et
241 1087 468 1136 Avienus
504 1084 939 1149 Prognostica
968 1085 1258 1147 nominant,
1296 1085 1538 1150 deinceps
1558 1085 1814 1148 exposuit.
1861 1085 1996 1135 Haec
2016 1084 2235 1147 Tullius,

162 1164 218 1205 ut
250 1155 478 1214 videtur,
512 1153 784 1203 admodum
820 1151 1228 1204 adolescentulus
1255 1153 1611 1219 interpretatus
1637 1161 1714 1203 est
1746 1151 1840 1218 (cf.
1867 1153 1933 1203 de
1956 1161 2063 1204 nat.
2088 1155 2232 1207 deor.

162 1225 250 1274 lib.
278 1224 340 1273 11.
399 1238 482 1289 ep.
514 1219 631 1286 41.)
678 1230 728 1271 et
774 1228 935 1271 aetate
979 1222 1079 1271 iam
1127 1230 1399 1287 provectus
1445 1221 1661 1272 fortasse
1703 1223 1956 1271 recensuit
2001 1220 2093 1286 (ad
2129 1227 2235 1274 Att.

159 1293 326 1344 lib.11.
353 1306 436 1356 ep.
454 1287 550 1356 1.).
609 1290 830 1340 Tulliani
866 1299 1033 1340 autem
1061 1291 1299 1340 carminis
1318 1292 1536 1356 exiguae
1561 1299 1679 1340 sunt
1704 1289 1974 1353 reliquiae:
2017 1292 2116 1341 Vv.
2135 1292 2237 1344 132

159 1379 238 1424 sq.
272 1377 300 1411 e
327 1361 571 1411 Priscian.
611 1358 700 1410 lib.
717 1358 784 1408 X.
805 1373 918 1423 cap.
932 1362 983 1409 2.
1014 1360 1162 1420 5.11.
1182 1385 1257 1398 -
1286 1361 1347 1410 V.
1369 1360 1485 1412 160.
1510 1374 1576 1410 ex
1593 1358 1756 1410 eiusd.
1781 1359 1869 1409 lib.
1885 1359 2024 1410 XVI.
2049 1375 2164 1425 cap.
2183 1364 2234 1412 2.

158 1432 210 1493 5.
237 1429 316 1481 16.
355 1436 406 1479 et
441 1428 531 1478 lib.
551 1428 731 1478 XVIII.
770 1442 883 1492 cap.
905 1427 989 1478 21.
1022 1431 1072 1488 5.
1097 1430 1214 1479 172.
1248 1455 1322 1466 --
1355 1430 1452 1479 vv,
1491 1426 1758 1481 177-182.
1795 1443 1826 1478 e
1854 1427 1959 1478 Cic.
1980 1429 2048 1479 dc
2068 1429 2234 1479 divin.

158 1499 249 1550 lib.
270 1499 311 1548 I.
345 1512 459 1563 cap.
481 1498 532 1546 7.
569 1499 618 1558 5.
643 1495 726 1549 13.
748 1523 815 1534 -
851 1497 952 1549 Vv.
975 1495 1262 1550 183-185.
1298 1499 1460 1549 indid.
1495 1512 1609 1563 cap.
1630 1496 1682 1548 8.
1721 1497 1872 1559 5.14.
1899 1523 1962 1535 --
1993 1498 2236 1550 vv.216-

157 1567 278 1620 218.
330 1565 493 1616 indid.
544 1580 657 1631 cap.
678 1565 728 1616 9.
776 1565 928 1626 5.15.
974 1593 1041 1602 -
1087 1565 1496 1624 Vv.219-224.
1542 1566 1704 1617 indid.
1741 1580 1856 1632 cap.
1873 1565 1924 1617 8.
1964 1566 2125 1628 §.14.
2169 1594 2238 1605 --

155 1637 256 1686 Vv.
280 1636 380 1686 225
406 1649 483 1697 sq.
516 1634 677 1685 indid.
715 1648 829 1698 cap.
849 1633 900 1687 9.
937 1632 1092 1695 5.15.
1122 1661 1188 1670 —-
1223 1635 1321 1685 Vv.
1342 1635 1633 1687 322—324.
1668 1634 1826 1685 indid.
1852 1649 1967 1700 cap.
1986 1633 2039 1686 9.
2079 1635 2234 1698 5.15.

159 1705 368 1755 Caetera
398 1704 613 1754 cursivis
651 1716 895 1768 expressa
927 1703 1066 1768 typis
1095 1703 1450 1770 supplementa
1483 1709 1599 1753 sunt
1627 1703 1803 1754 Grotii.

155 1824 422 1886 Primum
449 1822 716 1898 equidem
744 1823 1010 1883 modicae
1030 1831 1254 1899 parent
1280 1840 1459 1899 quum
1484 1839 1712 1888 comua
1740 1825 1997 1887 Phoebes

156 1909 425 1983 Aequore
451 1908 528 1967 ab
552 1906 840 1988 Hesperio
853 1953 868 1981 ,
911 1915 1245 1970 nascentem
1271 1925 1517 1970 cernere
1540 1924 1792 1970 mensem
1821 1916 1940 1972 est.-

154 1992 236 2052 At
258 2008 436 2067 quum
452 1993 660 2068 prima
690 1992 840 2052 deae
865 1998 1093 2053 tenuem
1121 1995 1233 2053 lux
1258 1999 1479 2053 emovet
1501 1994 1787 2065 umbram,

156 2076 327 2137 Luna
359 2076 466 2136 tibi
487 2083 763 2150 quartam
781 2077 1135 2151 properabit
1159 2078 1418 2138 reddere
1444 2080 1650 2137 lucem.

156 2160 417 2222 Dimidia
445 2166 711 2219 octavam
724 2205 739 2232 ‚
778 2161 1032 2221 medium
1052 2161 1179 2232 fax
1209 2164 1441 2236 inteqra
1466 2176 1717 2221 mensem
2202 2174 2235 2225 ὁ

154 2244 407 2304 Denotat
439 2248 614 2317 atque
640 2245 795 2302 alias
818 2245 954 2301 aliis
979 2246 1217 2304 variata
1239 2248 1454 2318 fiquris

170 2328 419 2387 Venturi
442 2341 748 2385 numerum
775 2328 947 2385 solita
973 2333 1062 2386 est
1088 2343 1353 2388 narrare
1380 2330 1515 2389 diei.

155 2409 378 2484 Nempe
403 2415 673 2469 extrema
700 2408 804 2469 tibi
815 2415 1104 2484 poterunt
1124 2412 1359 2475 edicere
1383 2414 1569 2476 noctis

155 2492 454 2567 Siqniferi
465 2500 706 2567 partes,
744 2508 1024 2567 maqaum
1053 2497 1159 2569 qui
1184 2496 1403 2570 diqerit
1428 2511 1669 2558 annum.

157 2576 310 2648 Quin
333 2582 393 2637 et
408 2578 737 2652 plantandi
761 2594 894 2638 cum
923 2583 1181 2653 tempore
1210 2588 1434 2655 tempus
1448 2581 1690 2639 arandi
2171 2588 2235 2640 10

152 2661 427 2736 Iuppiter
451 2679 486 2724 e
511 2665 666 2722 celso
691 2665 917 2723 cunctis
944 2665 1290 2724 monstravit
1318 2662 1579 2739 Olympo.

153 2746 370 2805 Navita
398 2753 670 2807 venturos
701 2763 735 2806 e
761 2749 928 2806 caelo
947 2747 1219 2821 providet
1247 2747 1478 2819 imbres,

153 2829 234 2889 Et
258 2836 426 2889 catus
458 2832 520 2889 in
546 2830 737 2890 medio
767 2846 969 2890 saevos
1001 2831 1162 2890 timet
1184 2846 1442 2905 aequore
1469 2831 1706 2902 m‘mbos,

154 2913 474 2974 Arcturum
500 2913 842 2987 observans,
871 2919 931 2973 et
953 2920 1192 2977 caetera
1217 2915 1420 2976 sidera
1441 2920 1622 2989 ponto

153 2996 275 3057 Aut
300 3013 554 3073 crepera
585 3000 718 3058 luce
744 3005 850 3057 aut
873 3000 1088 3073 primis
1111 3005 1330 3060 exacta
1358 2999 1626 3060 tenebris.
2176 3002 2236 3054 15

154 3079 389 3141 Scilicet
411 3081 563 3140 haec
590 3084 762 3155 lonqo
787 3089 919 3141 rota
940 3080 1185 3154 fervida
1214 3082 1367 3144 Solis
1393 3085 1456 3143 in
1484 3098 1643 3143 anno

153 3164 454 3236 Permeat‚
497 3171 605 3224 aut
623 3166 841 3240 pelaqo
865 3165 1137 3242 cauden-‘5¹
1160 3182 1340 3242 quum
1366 3170 1557 3242 surqit
1584 3166 1732 3236 an.

154 3244 272 3303 Aut
303 3247 484 3306 ruber
508 3248 744 3307 occidui
765 3263 941 3321 quum
970 3252 1259 3323 merqitur
1286 3252 1561 3325 aequoris
1588 3249 1781 3321 undis,

158 3325 379 3384 Cuncta
407 3344 576 3388 suam
602 3336 871 3404 spectant
896 3332 1035 3390 dum
1066 3336 1223 3394 caeli
1256 3335 1458 3409 sidera
1485 3336 1692 3394 lucem.
