2381 3723
193 127 312 190 126
547 124 746 185 CATO
781 123 1034 185 MAIOR
1065 124 1166 184 DE
1200 123 1640 184 SENECTUTE
1671 124 1901 182 LIBER
2193 137 2257 187 lo

189 279 369 340 etiarn
402 275 732 338 addiscunt
761 274 1016 350 aliquid,
1060 281 1127 335 ut
1156 282 1219 335 et
1249 274 1540 344 Solonem
1574 274 1853 334 versibus
1894 274 2256 349 gloriantem

189 361 500 434 videmus,
559 360 661 436 qui
711 376 781 419 se
834 357 1057 419 cotidie
1107 357 1336 432 aliquid
1387 357 1803 418 addiscentem
1846 355 1993 417 dicit
2041 374 2254 419 senem

189 447 349 519 fieri,
405 452 473 505 ut
518 460 634 519 ego
684 441 829 515 feci,
886 439 990 517 qui
1016 440 1248 501 litteras
1286 443 1551 502 Graecas
1592 457 1785 501 senex
1828 438 2041 513 didici,
2097 457 2255 516 quas

191 529 435 605 quidem
495 527 584 587 sic
632 525 812 586 avide
860 525 1098 602 adripui
1152 524 1329 600 quasi
1387 524 1730 585 diuturnam
1783 522 1941 584 sitim
2004 525 2257 599 explere

189 612 474 689 cupienS,
536 615 604 670 ut
635 625 708 669 ea
740 608 877 683 ipsa
917 609 1058 667 mihi
1094 615 1306 669 essent
1337 615 1512 681 nota,
1567 606 1787 682 quibus
1825 623 1923 667 me
1951 624 2115 667 nunc
2152 624 2255 666 ex-

189 694 403 770 emplis
439 692 526 755 uti
558 691 797 753 videtis.
873 692 1048 765 Quod
1084 708 1269 767 quum
1311 691 1535 752 fecisse
1571 690 1888 751 Socratem
1931 689 1990 749 in
2026 690 2256 751 fidibus

187 778 487 851 audirem,
542 778 761 836 vellem
793 775 1073 851 equidem
1099 774 1278 835 etiam
1308 773 1455 836 illud
1475 808 1561 819 —
1585 775 1906 835 discebant
1937 773 2097 833 enim
2125 775 2255 833 fidi-

191 861 303 922 bus
333 859 565 936 antiqui
604 895 701 932 -,
734 860 847 919 sed
878 858 936 919 in
973 858 1184 920 litteris
1219 865 1383 919 certe
1415 857 1743 919 elaboravi.

309 945 409 1004 IX.
457 943 558 1003 27.
644 945 730 1003 Ne
753 959 916 1004 nunc
947 942 1193 1018 quidem
1226 942 1387 1003 vires
1419 941 1705 1002 desidero
1729 941 2145 1003 adolescentis
2170 976 2255 985 —-

186 1027 237 1089 is
282 1027 440 1088 enim
494 1033 624 1088 erat
669 1029 845 1088 locus
887 1028 1038 1087 alter
1083 1027 1161 1086 de
1199 1025 1362 1088 vitiis
1394 1023 1753 1090 ⁴senectutis
1790 1059 1891 1097 —-,
1942 1041 2066 1085 non
2110 1026 2253 1101 plus

189 1128 368 1188 quam
411 1111 779 1172 adolescens
834 1109 992 1171 tauri
1040 1116 1145 1169 aut
1196 1109 1501 1186 elephanti
1549 1106 1996 1169 desiderabam.
2073 1108 2254 1182 Quod

190 1203 313 1268 cst,
358 1212 432 1257 eo
470 1197 649 1256 decet
678 1192 764 1255 uti
792 1200 854 1254 et
883 1192 1180 1269 quidquid
1212 1210 1360 1270 agas
1390 1209 1575 1269 agere
1603 1210 1718 1268 pro
1757 1191 2008 1253 viribus.
2083 1191 2255 1264 Quae

188 1278 347 1339 enim
392 1276 518 1340 vox
550 1284 762 1354 potest
804 1294 947 1338 esse
994 1277 1402 1353 contemptior
1447 1293 1630 1352 quam
1659 1274 1900 1336 Milonis
1938 1274 2252 1336 Crotonia-

187 1364 323 1422 tae?
371 1362 501 1437 qui,
548 1379 731 1436 quum
768 1362 888 1421 iam
932 1374 1126 1422 senex
1171 1369 1341 1423 esset
1370 1360 1769 1435 athletasque
1786 1376 1857 1422 se
1885 1366 2252 1420 exercentes

186 1444 243 1505 in
297 1444 598 1505 curriculo
646 1443 913 1519 videret,
965 1443 1289 1519 aspexisse
1338 1445 1604 1507 lacertos
1649 1460 1801 1506 suos
1854 1442 2075 1503 dicitur
2128 1444 2251 1502 illa-

186 1526 573 1602 crimansque
614 1525 879 1587 dixisse:
941 1530 1050 1588 ‘At
1076 1526 1140 1587 hi
1171 1526 1417 1603 quidem
1461 1525 1686 1590 mortui
1721 1526 1841 1587 iam
1872 1530 2059 1587 sunt.’
2113 1527 2251 1588 Non

184 1626 334 1669 vero
384 1617 504 1670 tarn
548 1608 645 1670 isti
697 1626 879 1685 quam
925 1617 990 1671 tu
1032 1610 1200 1687 ipsc,
1255 1619 1538 1688 nugator.
1617 1613 1829 1687 Neque
1870 1609 2029 1670 enim
2076 1627 2156 1671 ex
2194 1619 2255 1671 te

184 1709 473 1767 umquam
516 1709 586 1754 es
638 1692 1022 1767 nobilitatuS,
1081 1696 1197 1755 sed
1245 1712 1323 1755 ex
1367 1693 1658 1756 lateribus
1699 1703 1759 1755 et
1805 1692 2050 1755 lacertis
2105 1692 2252 1755 tuis.

183 1774 335 1836 Nihil
368 1775 512 1837 Sex.
543 1776 755 1838 Aelius
802 1779 951 1851 tale,
1000 1775 1143 1838 nihil
1183 1778 1386 1840 multis
1430 1778 1604 1840 annis
1649 1784 1790 1838 ante
1825 1777 1912 1837 Ti.
1947 1777 2253 1838 Corunca-

187 1858 348 1934 niuS,
403 1859 545 1921 nihil
587 1861 773 1923 modo
816 1863 881 1922 P.
918 1863 1214 1939 Crassus,
1265 1881 1302 1925 a
1345 1865 1567 1939 quibus
1617 1863 1751 1924 iura
1794 1859 2030 1923 civibus
2071 1878 2254 1939 prae-

182 1943 636 2007 scribebantur:
689 1963 947 2021 quorum
978 1964 1179 2023 usque
1205 1948 1284 2007 ad
1313 1955 1651 2008 extremum
1681 1944 1959 2022 spiritum
1989 1953 2085 2006 est
2106 1963 2251 2021 pro·

183 2036 360 2089 vecta
379 2029 718 2106 prudentia.
810 2029 908 2091 28.
945 2031 1165 2091 Orator
1186 2039 1392 2091 metuo
1415 2048 1495 2092 ne
1518 2033 1874 2107 languescat
1894 2035 2249 2090 senectute:

182 2120 275 2173 est
305 2112 463 2172 enim
503 2129 724 2174 munus
759 2113 891 2174 eius
930 2132 1056 2175 non
1098 2114 1323 2190 ingenii
1351 2116 1582 2188 solum,
1629 2116 1740 2175 sed
1777 2116 2034 2174 laterum
2065 2111 2251 2174 etiam

181 2202 242 2254 et
271 2194 504 2256 virium.
594 2195 851 2257 Omnino
884 2214 1173 2259 canorum
1199 2197 1349 2258 illud
1380 2198 1441 2258 in
1473 2213 1630 2259 voce
1665 2195 2043 2274 splendescit
2066 2196 2250 2257 etiam

180 2277 392 2338 nescio
429 2296 551 2353 quo
595 2286 778 2354 pacto
821 2279 881 2339 in
925 2289 1274 2354 senectute,
1331 2281 1500 2357 quod
1545 2281 1829 2358 equidem
1877 2281 2080 2340 adhuc
2121 2298 2250 2342 non

180 2359 354 2421 amisi
385 2368 448 2421 et
479 2360 701 2422 videtis
733 2378 961 2425 annos.
1020 2366 1132 2426 sed
1161 2372 1363 2425 tamen
1399 2366 1666 2427 decorus
1705 2371 1800 2426 est
1840 2363 2006 2426 senis
2038 2381 2248 2426 sermo

178 2441 422 2519 quietus
459 2452 520 2505 et
549 2443 876 2521 remissus,
927 2447 1194 2524 facitque
1222 2465 1527 2525 persaepe
1553 2448 1691 2527 ipsa
1726 2446 1843 2509 sibi
1875 2447 2249 2508 audientiam

179 2524 388 2588 diserti
428 2527 593 2589 senis
637 2537 884 2605 compta
927 2538 987 2591 et
1025 2531 1182 2593 mitis
1226 2532 1445 2593 oratio.
1502 2533 1708 2629 ‘Quam
1739 2532 1792 2593 si
1821 2530 1957 2608 ipse
1988 2531 2250 2608 exsequi

177 2628 485 2686 nequeas,
531 2612 739 2690 possis
771 2620 973 2675 tamen
1008 2614 1283 2691 Scipioni
1310 2615 1670 2692 praecipere
1700 2623 1761 2676 et
1786 2614 2015 2676 Laelio.
2090 2615 2248 2689 Quid

176 2701 273 2756 est
329 2696 487 2757 enim
544 2696 870 2760 iucundius
932 2705 1251 2760 senectute
1309 2699 1534 2777 stipata
1593 2698 1812 2761 studiis
1871 2698 2249 2760 iuventutis?

176 2778 273 2839 29.
317 2782 417 2841 An
449 2798 528 2841 ne
559 2797 666 2842 eas
712 2781 956 2857 quidem
987 2781 1150 2844 vires
1197 2782 1499 2844 senectuti
1527 2782 1927 2859 relinquimus
1946 2830 1961 2855 ,
2004 2791 2072 2843 ut
2097 2784 2245 2844 ado-

174 2862 480 2924 lescentes
518 2864 767 2939 doceat,
812 2864 1114 2939 instituat,
1167 2867 1248 2926 ad
1284 2884 1466 2928 omne
1490 2866 1676 2927 officii
1699 2883 1920 2928 munus
1944 2865 2249 2927 instruat?

176 2961 297 3020 quo
331 2945 575 3022 quidem
612 2965 802 3024 opere
834 2949 980 3026 quid
1021 2956 1232 3027 potest
1261 2967 1404 3012 esse
1434 2951 1854 3028 praeclarius?
1910 2949 2057 3010 Mihi
2090 2967 2243 3011 vero

175 3030 278 3090 Cn.
327 3037 388 3090 et
417 3031 481 3090 P.
514 3031 835 3106 Scipiones
867 3041 928 3094 ct
966 3033 1064 3094 avi
1104 3033 1192 3094 tui
1226 3035 1380 3109 duo,
1432 3036 1498 3094 L.
1533 3033 1830 3095 Aemilius
1880 3041 1942 3094 et
1988 3032 2051 3091 P.
2083 3031 2245 3093 Afri-

172 3129 384 3187 canus,
430 3115 721 3176 comitatu
749 3116 1084 3177 nobilium
1067 3134 1357 3178 iuvenum
1390 3118 1678 3180 fortunati
1702 3118 2085 3198 videbantur,
2120 3135 2238 3179 nec

169 3195 274 3254 ulli
313 3197 612 3258 bonarum
666 3200 883 3259 artium
925 3200 1197 3277 magistri
1242 3220 1368 3264 non
1411 3202 1575 3263 beati
1613 3201 1893 3279 putandi,
1952 3186 2237 3276 quamvis

172 3279 605 3370 consenuerint
635 3280 793 3342 vires
824 3290 1009 3358 atque
1042 3286 1395 3347 defecerint.
1464 3285 1598 3348 Etsi
1640 3287 1758 3351 ista
1802 3284 1937 3361 ipsa
1970 3284 2236 3346 defectio

171 3355 383 3418 virium
413 3362 867 3425 adolescentiae
894 3364 1054 3428 vitiis
1081 3369 1342 3430 efficitur
1375 3370 1628 3449 saepius
1660 3386 1843 3447 quam
1878 3366 2235 3431 senectutis.
