2381 3723
170 146 264 202 ιιι
388 194 405 208 ,
728 198 741 209 s
941 131 1446 193 bRAGMENTA
2121 123 2239 197 301

294 288 407 348 15..
434 277 607 347 Ἐπεὶ
629 278 702 357 δὲ
716 278 999 386 Μάρκος
1015 274 1296 356 ’Ἀππιος
1319 280 1393 344 ἔν
1414 302 1547 344 τινι
1562 278 1714 366 δίκῃ
1734 280 2245 365 accceptasso'faeae

163 392 281 445 νος
311 361 453 432 εἷπε
486 371 689 447 φίλον
717 362 928 429 αὐτοῦ
951 365 1324 471 δεδεῆσθαι
1346 374 1709 469 παρασχεῖν
1731 365 2111 448 ἐπιμέλειαν
2138 367 2249 429 καὶ

168 448 521 552 λογιότητα
560 448 672 514 καὶ
715 452 956 513 πίστιν·
1001 441 1192 513 Ἐἶθ’
1237 441 1452 524 οὕτως
1520 442 1691 548 ἔφη
1702 450 2024 553 σιδηροῦς
2053 449 2251 551 γέγο-

167 559 287 613 νας
330 531 726 617 ανθρωπος,
767 526 937 598 ωστε
981 527 1194 614 μηδὲν
1239 529 1311 595 ἐκ
1357 529 1705 597 τοσούτων
1744 555 1843 597 ων
1884 527 2170 619 ᾐτήσατο
2209 527 2243 598 ὁ

167 623 362 704 φίλος
396 621 840 721 παρασχεῖν;’
947 632 1298 701 [Plutarch.
1333 635 1438 686 Cic.
1464 651 1593 717 cap.
1633 634 1748 702 26.]

300 705 397 766 16.
443 699 737 802 Μάρκον
760 695 1111 766 Ἀκυίνιον
1130 700 1366 781 ἔχοντα
1394 696 1546 767 δύο
1565 697 1910 786 γαμβροὺς
1941 699 2249 803 φυγάδας

148 781 525 888 Αδραστον
545 783 785 850 ἐκάλει.
821 803 1179 889 [Plutarch.
1214 804 1317 856 cic.
1346 817 1455 870 cap.
1475 804 1588 886 27]
1622 788 1918 850 Λευκίου
1936 784 2009 851 δὲ
2024 780 2247 851 Κόττα

166 865 519 954 τιμητικὴν
565 871 833 972 ἔχοντος
876 863 1122 975 ἀρχήν,
1171 866 1648 950 φιλοινοτάτου
1693 865 1757 935 δ’
1806 891 2038 952 οντος,
2070 863 2250 933 ὑπα-

166 957 352 1020 τείαν
391 948 638 1056 μετιὼν
683 948 719 1017 ὁ
769 952 1076 1035 Κικέρων
1109 950 1390 1056 ἐδίψησε
1430 951 1541 1018 καὶ
1582 975 1720 1018 των
1758 955 2000 1058 φίλων
2021 949 2250 1041 κύκλω

167 1035 661 1144 περιστάντων,
692 1060 800 1140 ως
814 1037 1074 1102 ἔπινεν·
1109 1029 1398 1137 Ὀρθῶς
1430 1040 1756 1142 φοβεῖσθε
1820 1030 2000 1100 εἶπε“
2009 1032 2099 1120 μή
2136 1015 2251 1118 μόι

168 1123 431 1205 γε’νοιτο
460 1116 741 1205 χαλεπὰς
769 1114 805 1186 ὁ
837 1119 1158 1226 τιμητής,
1177 1142 1282 1185 οτι
1310 1113 1498 1221 υδωρ
1532 1117 1739 1185 πίνωῖ
1809 1138 1996 1226 [Idem
2027 1134 2178 1203 ibid]

301 1211 398 1271 17.
455 1210 774 1292 Βοκωνίω
803 1200 868 1269 δ’
901 1201 1283 1309 ἀπαντήσας
1313 1197 1547 1286 άγοντι
1597 1209 1758 1288 μεθ’
1795 1203 2041 1271 εαυτοῦ
2075 1214 2250 1286 τρεῖς

167 1269 1559 1475 ἆμιῐρὲόῖβαέτῗῗτῗῖγέἔίρὲἕῖἴὲεςφὲἰῗέρᾬ
1573 1363 1811 1437 τέκναῖ
1902 1390 2068 1458 [idem
2096 1388 2247 1478 ibid]

304 1459 403 1524 18.
450 1454 744 1539 Μάρκου
786 1457 860 1522 δὲ
887 1459 1171 1524 Γελλίου
1202 1454 1569 1533 δοκοῦντος
1599 1449 1726 1520 οὐκ
1767 1453 1832 1532 ἐξ
1867 1455 2250 1556 ἐλευθέρων

169 1541 545 1644 γεγονέναι,
574 1546 757 1624 λαμπ
801 1544 844 1628 ᾇ
872 1539 946 1607 δὲ
979 1544 1075 1641 τῇ
1083 1541 1280 1624 φωνῇ
1307 1538 1419 1605 καὶ
1422 1537 1691 1641 μεγάλῃ
1705 1536 2063 1648 γράμματα
2084 1535 2253 1645 πρὸς

167 1623 294 1732 τὴν
312 1623 707 1730 σύγκλητον
785 1606 1264 1728 ξἀναγνόντος·
1323 1619 1446 1725 Μὴ
1487 1621 1892 1727 θαυμάζετε’
1937 1618 2130 1691 εἶπε’
2142 1622 2252 1687 καὶ

169 1706 373 1788 αὐτὸς
407 1700 499 1786 εἷς
525 1710 663 1775 ἐστι
692 1713 829 1775 τῶν
859 1703 1510 1813 ἀναπεφωνηκότων.
1620 1726 1785 1793 [Idem
1819 1727 1973 1812 ibid]

299 1799 398 1860 19.
438 1789 612 1859 Ἐπεὶ
643 1787 717 1859 δὲ
754 1796 1061 1870 Φαῦστος
1097 1786 1134 1857 ὁ
1157 1792 1390 1858 Σύλλα
1428 1794 1554 1856 τοῦ
1563 1815 1849 1893 μοναρχ
1874 1789 2133 1871 ’σαντος
2178 1793 2253 1856 ἐν

161 1874 375 1984 Ῥωμη
406 1877 517 1943 καὶ
546 1878 837 1955 πολλοὺς
870 1876 978 1943 ἐπὶ
1006 1874 1283 1964 θανάτω
1317 1873 1832 1978 προγράψαντος
1893 1901 1936 1942 ν
1964 1879 2254 1951 δανείοις

168 1959 534 2069 γενόμενος
565 1965 677 2029 καὶ
721 1958 934 2028 πολλὰ
976 1965 1092 2043 τῆς
1134 1942 1369 2035 οὐσίας
1406 1958 1874 2063 διασπαθήσας
1923 1955 2250 2059 άπαρτίαν

172 2056 589 2153 προεγραψε,
616 2040 936 2149 ’ταύτην’
954 2039 1168 2150 ἔφη’
1190 2047 1447 2127 μαλλον
1477 2065 1682 2130 αυτω
1692 2039 1818 2128 τὴν
1849 2037 2253 2127 προγραφὴν

168 2126 483 2216 ἀρέσκειν
515 2125 559 2216 ἢ
589 2126 715 2214 τὴν
743 2125 1079 2218 πατρῴαν.
1189 2146 1353 2215 [idem
1388 2144 1536 2213 ibid.]

934 2272 1009 2324 V.
1045 2270 1132 2320 DE
1171 2269 1494 2323 AUGURIIS.

314 2355 495 2425 [Quem
541 2357 799 2409 Ciceronis
850 2357 1053 2408 librum'
1080 2359 1144 2408 de
1190 2358 1421 2424 auguriis
1456 2358 1755 2424 inscriptum
1791 2358 1963 2409 laudat
1993 2359 2257 2412 Charisius

173 2426 265 2480 lib.
304 2428 346 2478 1.
373 2440 428 2492 p.
455 2424 573 2490 98..
602 2426 837 2476 eumdem
873 2427 1075 2477 videtur
1112 2426 1282 2477 dicere
1318 2424 1526 2478 Servius
1564 2428 1629 2476 ad
1666 2428 1796 2480 Aen.
1826 2427 1912 2478 lib.
1951 2429 2016 2479 V.
2051 2443 2104 2480 v·
2132 2427 2253 2487 237,

173 2509 331 2559 quum
370 2495 663 2547 Ciceronem
701 2496 752 2544 in
787 2494 1133 2561 Auguralibus
1171 2504 1545 2547 commemorat.
1618 2496 1781 2546 Etiam
1820 2496 2079 2549 Ciceronis
2114 2498 2257 2548 locus

175 2564 241 2613 de
278 2564 440 2616 divin.
481 2563 570 2613 lib.
607 2564 671 2615 11.
717 2577 829 2628 cap.
869 2563 958 2617 36.
994 2566 1044 2625 S.
1082 2564 1166 2614 76.
1216 2564 1317 2614 huc
1351 2564 1604 2628 pertinere
1638 2564 1879 2629 videtur.]

305 2649 362 2709 1.
425 2649 630 2710 Cicero
689 2650 766 2710 de
824 2651 1133 2724 auourz'z‘s:
1197 2647 1561 2709 Omnibus
1622 2648 1749 2708 avi
1808 2647 2117 2709 inceita
2174 2682 2255 2691 —--

179 2731 556 2801 [Charisius
590 2731 680 2782 lib.
721 2733 762 2784 1.
800 2747 853 2797 p
894 2728 999 2797 98.]

302 2799 361 2859 2.
408 2798 610 2862 Oscen
640 2804 960 2875 auqurium
987 2803 1344 2862 consuetudo
1372 2803 1534 2862 dicit.
1596 2801 1798 2861 Cicero
1826 2805 2037 2873 tamen,
2068 2802 2260 2875 inquit

171 2886 433 2959 Plinius,
468 2892 528 2945 et
552 2887 653 2946 hic
685 2883 914 2945 oscinis
947 2886 1120 2946 dixit.
1209 2898 1368 2967 [Idem
1405 2902 1493 2953 lib
1533 2896 1846 2966 1.p.112.]

462 3020 612 3072 vn.
648 3019 736 3070 DE
770 3020 922 3071 IURE
957 3019 1154 3070 CIVILI
1189 3019 1258 3069 IN
1297 3018 1525 3069 ARTEM
1561 3017 1954 3075 REDIGENDO.

319 3103 494 3167 [Plena
525 3105 681 3157 huius
715 3106 834 3156 libri
869 3107 1133 3172 inscriptio
1167 3104 1382 3156 habetur
1415 3104 1553 3171 apud
1588 3102 1806 3154 Gellium
1843 3103 1930 3153 lib.
1958 3104 1995 3151 1.
2030 3117 2144 3167 cap.
2168 3104 2254 3153 22.

170 3175 236 3236 §.·
271 3173 351 3236 7.
399 3188 427 3223 c
466 3188 565 3236 quo
611 3173 722 3225 loco
769 3176 921 3226 etiam
971 3181 1183 3240 apparet
1228 3174 1365 3224 hunc
1400 3175 1584 3224 librum
1621 3173 1895 3238 separatim
1942 3170 2102 3221 fuisse
2150 3172 2257 3221 edi-

170 3250 282 3292 tum
320 3256 352 3291 a
387 3241 457 3304 Μ.
486 3240 702 3308 Tullio]

267 3301 641 3478 1ii1A¹iq¹¹⁰
676 3330 1018 3391 excellente
1063 3345 1134 3390 ac
1175 3328 1382 3389 nobile
1432 3328 1588 3391 viro.
1680 3343 2053 3411 [Charisius
2091 3340 2181 3392 lib.
2217 3340 2255 3389 1.

173 3427 225 3478 Ρ·
