2381 3723
52 237 60 243 ἢ
126 162 193 218 71
710 152 786 210 v.
831 151 1000 211 CAP.
1033 143 1226 214 i-s.
1272 160 1620 221 §.34—41.
2087 152 2207 217 187

128 301 486 366 Corinthum
537 300 1045 379 contempsisset,
1100 310 1303 364 utrum
1354 301 1519 364 illurn
1569 303 1763 365 civem
1810 306 2209 366 excellentem

129 406 206 448 an
239 386 570 447 atriensem
603 385 952 462 diligentem
985 388 1268 461 putaret?
1334 386 1689 448 Reviviscat
1721 387 1821 447 Μ’.
1860 386 2075 449 Curius
2108 395 2214 449 aut

131 487 346 532 eorum
375 469 627 544 aliquis,
683 487 946 545 quorum
988 469 1050 529 in
1078 469 1223 529 villa
1257 486 1331 530 ac
1381 472 1566 531 domo
1613 470 1757 530 nihil
1801 470 2210 548 splendidum,

131 554 277 614 nihil
315 562 598 614 ornatum
633 553 743 614 fuit
785 560 1028 630 praeter
1055 552 1261 630 ipsos,
1318 559 1379 613 et
1408 553 1613 614 videat
1651 553 1915 629 aliquem
1960 554 2210 615 summis

131 636 345 714 populi
395 635 712 697 beneficiis
760 654 941 697 usum
984 636 1339 698 barbatulos
1394 637 1615 698 mullos
1660 644 2086 714 exceptantem
2134 638 2211 697 de

131 720 370 797 piscina
413 726 474 779 et
516 727 987 800 pertractantem
1032 728 1093 780 et
1131 737 1561 781 muraenarum
1610 721 1788 796 copia
1830 719 2209 797 gloriantem,

131 820 340 865 nonne
383 803 547 863 hunc
577 802 883 865 hominem
924 803 1005 865 ita
1055 820 1302 865 servum
1345 803 1602 877 iudicet,
1655 810 1724 864 ut
1765 822 1843 865 ne
1884 804 1943 864 in
1988 802 2211 865 familia

132 887 383 963 quidem
419 886 669 962 dignum
701 885 932 948 maiore
980 886 1098 948 alio
1131 885 1381 963 negotio
1416 889 1630 963 putet?
1719 888 1820 949 39.
1866 890 1964 947 An
1997 904 2209 948 eorum

131 970 401 1033 servitus
448 970 634 1031 dubia
677 977 802 1044 est,
860 970 961 1045 qui
991 970 1328 1047 cupiditate
1368 970 1590 1047 peculii
1636 972 1861 1032 nullam
1901 969 2211 1032 condicio·

133 1071 274 1115 nem
306 1060 600 1115 recusant
643 1053 1006 1115 durissimae
1048 1053 1402 1115 servitutis?
1474 1053 1839 1115 Hereditatis
1883 1071 2031 1130 spes
2063 1053 2209 1130 quid

131 1136 465 1213 iniquitatis
507 1137 566 1198 in
596 1137 923 1199 serviendo
961 1154 1084 1198 non
1131 1136 1435 1204 suscipit?
1479 1154 1660 1213 quem
1694 1145 1903 1198 nutum
1940 1138 2210 1213 locuple·

133 1223 213 1283 tis
248 1220 380 1281 orbi
410 1220 577 1283 senis
607 1238 731 1281 non
760 1221 1091 1282 observat?
1160 1222 1462 1296 Loquitur
1490 1222 1567 1282 ad
1593 1223 2003 1282 voluntatem:
2039 1219 2208 1295 quid-

134 1304 284 1380 quid
318 1305 749 1365 denunciatum
784 1313 879 1366 est
913 1303 1084 1371 facit,
1136 1305 1523 1379 adsectatur,
1579 1304 1851 1377 adsidet,
1910 1311 2206 1364 munerat.

133 1387 287 1463 Quid
346 1387 563 1448 horum
625 1395 721 1449 est
770 1386 981 1448 liberi?
1053 1386 1198 1463 quid
1250 1387 1515 1464 denique
1545 1404 1669 1450 non
1729 1386 1893 1449 servi
1956 1386 2211 1448 inertis?

134 1473 235 1531 lll.
279 1472 380 1532 40.
470 1470 666 1547 Quid?
710 1470 826 1531 iam
869 1470 970 1531 illa
1009 1470 1343 1547 cupiditaS‚
1398 1489 1557 1548 quae
1602 1470 1845 1532 videtur
1884 1488 2027 1532 esse
2068 1470 2210 1531 libe-

132 1556 348 1628 ralior,
385 1554 669 1629 honoris,
705 1555 968 1631 imperii,
1009 1554 1492 1631 provinciarum,
1543 1572 1725 1631 quam
1776 1555 1929 1616 dura
1978 1562 2075 1616 est
2105 1555 2211 1614 do·

134 1638 326 1710 mina,
363 1655 544 1714 quam
577 1638 938 1715 imperiosa,
984 1655 1164 1713 quam
1202 1640 1568 1700 vehemens!
1646 1639 1945 1715 Cethego,
1983 1636 2208 1699 homini

133 1739 259 1783 non
300 1721 770 1796 probatissimo,
810 1720 1046 1783 servire
1077 1722 1281 1797 coegit
1304 1740 1445 1796 θος,
1494 1723 1598 1798 qui
1635 1721 1749 1784 sibi
1780 1738 1925 1783 esse
1968 1720 2207 1799 amplis·

134 1804 271 1867 simi
313 1804 706 1880 videbantur,
762 1821 1018 1866 munera
1063 1805 1332 1879 mittere,
1385 1814 1573 1868 noctu
1605 1805 1812 1868 venire
1850 1807 2099 1867 domum
2131 1804 2203 1865 ad

135 1906 306 1962 eum,
362 1890 629 1964 precari,
683 1889 951 1965 denique
999 1891 1366 1966 supplicare.
1456 1890 1623 1964 Quae
1667 1889 1931 1950 servitus
1980 1897 2103 1961 est,
2156 1887 2208 1948 si

134 1973 290 2033 haec
340 1973 587 2036 libertas
643 1973 975 2036 existimari
1028 1975 1275 2050 potest?
1331 1971 1526 2048 Quid?
1581 1990 1769 2049 quum
1810 1970 2205 2047 cupiditatum

133 2055 486 2118 dominatus
548 2059 821 2119 excessit
845 2065 908 2119 et
957 2056 1112 2118 alius
1171 2065 1269 2118 est
1317 2055 1601 2117 dominus
1628 2063 1882 2117 exortus
1935 2071 2013 2116 ex
2066 2071 2207 2115 con-

134 2136 394 2200 scientia
446 2149 866 2215 peccatorum,
921 2141 1131 2213 timor,
1201 2156 1382 2215 quam
1423 2147 1520 2202 est
1568 2139 1669 2200 illa
1721 2138 1972 2214 misera,
2027 2155 2209 2214 quam

133 2224 292 2283 dura
323 2222 619 2287 servitus!
694 2223 1215 2286 Adolescentibus
1234 2224 1439 2299 paullo
1469 2222 1926 2300 loquacioribus
1958 2232 2054 2284 est
2085 2238 2206 2282 ser-

135 2305 456 2380 viendum,
508 2325 753 2381 omncs,
800 2306 904 2383 qui
933 2306 1161 2384 aliquid
1196 2307 1355 2368 scire
1382 2306 1698 2381 videntur,
1751 2315 2059 2383 tamquam
2103 2306 2208 2366 do·

137 2387 282 2449 mini
319 2389 622 2452 timentur.
692 2393 884 2452 ludex
918 2408 1064 2452 vero
1095 2398 1386 2467 quantum
1422 2392 1603 2452 habet
1634 2391 2039 2454 dominatum!
2085 2406 2207 2465 quo

137 2473 356 2534 timore
387 2482 685 2536 nocentes
717 2474 953 2536 adficit!
1025 2477 1123 2536 An
1155 2492 1280 2536 non
1312 2483 1408 2536 est
1443 2473 1641 2536 omnis
1670 2483 1870 2537 metus
1904 2473 2210 2537 servitus?

135 2557 237 2615 41.
280 2556 434 2631 Quid
480 2560 642 2620 valet
680 2558 860 2635 igitur
887 2558 988 2618 illa
1029 2557 1515 2634 eloquentissimi
1559 2557 1699 2631 viri,
1752 2560 1816 2616 L.
1853 2558 2074 2629 Crassi,
2109 2571 2208 2616 co-

139 2638 320 2714 piosa
363 2642 556 2717 magis
603 2659 784 2716 quam
838 2641 1088 2717 sapiens
1136 2640 1362 2704 oratio:
1437 2640 1700 2718 ‘Eripite
1750 2657 1866 2701 nos
1891 2657 1968 2700 ex
2021 2639 2209 2700 servi-

138 2726 312 2783 tute.’
387 2725 555 2799 Quae
579 2733 677 2786 est
694 2727 813 2787 ista
834 2724 1100 2787 servitus
1127 2733 1251 2787 tam
1276 2727 1440 2787 claro
1466 2723 1695 2786 homini
1717 2731 1962 2798 tamque
1986 2721 2209 2782 nobili?

138 2805 350 2867 Omnis
383 2808 564 2868 animi
601 2808 891 2870 debilitati
935 2817 997 2869 et
1038 2809 1281 2871 humilis
1314 2816 1375 2870 et
1415 2807 1585 2869 fracti
1627 2806 1914 2868 timiditas
1945 2803 2208 2868 servitus

138 2896 257 2950 est.
333 2891 564 2953 ‘Nolite
617 2891 821 2954 sinere
872 2910 988 2955 nos
1044 2892 1325 2968 cuiquam
1376 2890 1658 2954 servire!
1747 2892 1811 2951 In
1878 2889 2206 2952 libertatem

138 2972 437 3034 vindicari
470 2977 639 3036 vult?
706 2976 974 3037 Minime.
1047 2976 1202 3052 Quid
1244 2975 1403 3038 enim
1448 2974 1763 3052 adiungit?
1835 2973 1995 3035 ‘Nisi
2029 2972 2207 3034 vobis

139 3055 495 3119 universis.’
571 3058 896 3121 Dominum
937 3066 1201 3132 mutare,
1261 3077 1382 3121 non
1428 3059 1580 3119 liber
1628 3075 1773 3121 esse
1814 3060 1958 3119 vult.
2037 3054 2185 3130 ‘Qui

139 3141 257 3200 bus
286 3148 350 3201 et
386 3158 725 3218 possumus
767 3150 829 3204 et
868 3144 1212 3204 debemus?
1284 3144 1411 3204 Nos
1442 3159 1612 3216 vero,
1644 3142 1700 3204 si
1732 3140 1974 3218 quidem
2008 3138 2206 3198 animo

138 3224 394 3284 excelso
438 3234 499 3286 et
539 3228 662 3288 alto
709 3236 771 3288 et
801 3225 1122 3287 virtutibus
1158 3235 1531 3303 exaggerato
1578 3239 1821 3297 sumus,
1873 3238 1988 3283 nec
2028 3223 2207 3283 debe·
2305 3256 2317 3263 -

141 3323 278 3366 mus
310 3324 424 3368 nec
454 3326 812 3384 possumus.
887 3310 976 3371 Tu
1022 3327 1216 3386 posse
1256 3318 1316 3371 te
1357 3310 1572 3383 dicito,
1632 3306 1915 3385 quoniam
1962 3305 2206 3382 quidem

143 3395 352 3463 potes,
405 3393 633 3453 debere
677 3410 754 3454 ne
796 3393 1054 3467 dixeris,
1116 3393 1402 3470 quoniam
1455 3393 1598 3454 nihil
1651 3390 1971 3466 quisquam
2027 3390 2209 3450 debet

142 3469 256 3531 nisi
291 3476 459 3563 quod
491 3485 590 3537 est
646 3484 826 3553 turpe
857 3495 979 3539 non
1021 3478 1304 3539 reddere.
1373 3477 1497 3537 Sed
1528 3477 1680 3535 haec
1711 3474 2027 3533 hactenus.
2100 3471 2208 3530 llle
