2381 3723
133 93 212 157 16
346 186 355 195 ‘
937 94 1040 154 DE
1073 91 1395 154 OFFlCllS

133 262 254 320 que
285 243 549 304 maxime
577 241 903 304 virtutibus
931 241 1028 302 his
1061 242 1397 304 lenioribus
1428 243 1541 302 erit
1562 249 1848 313 ornatus,
1882 239 2207 313 modestia,

132 326 563 404 temperantia,
594 328 709 386 hac
741 327 908 403 ipsa,
948 327 1025 385 de
1058 343 1181 401 qua
1210 328 1397 386 multa
1418 325 1539 385 iam
1571 324 1733 384 dicta
1764 328 1935 395 sunt,
1960 321 2208 383 iustitia.
2285 376 2288 379 .

131 413 281 471 Nam
323 412 497 471 fortis
545 408 784 470 animus
825 417 887 469 et
925 418 1186 483 magnus
1236 408 1296 468 in
1327 408 1577 469 homine
1620 423 1745 467 non
1777 407 2051 483 perfecto
2085 421 2210 466 nec

133 493 395 570 sapienti
449 491 783 552 ferventior
841 493 1206 568 plerumque
1268 497 1394 564 est,
1453 492 1593 550 illae
1658 489 1915 550 virtutes
1974 489 2209 565 bonum

134 577 333 638 virum
376 574 664 636 videntur
691 574 898 652 potius
930 573 1249 650 attingere.
1329 578 1535 650 Atque
1591 574 1744 634 haec
1799 571 1860 632 in
1907 572 2208 633 moribus.

132 661 237 720 47.
282 661 371 719 De
401 655 833 741 benevolentia
865 664 1089 732 autem,
1123 674 1308 733 quam
1340 657 1604 735 quisque
1635 657 1858 716 habeat
1885 672 2033 732 erga
2065 672 2205 728 nos,

134 743 393 820 primum
425 741 569 802 illud
604 747 701 801 est
727 740 787 800 in
823 741 1029 802 officio
1048 788 1063 814 ,
1093 749 1159 802 ut
1187 740 1245 802 ei
1273 741 1599 819 plurimum
1621 739 1979 813 tribuamuS,
2014 754 2051 798 a
2080 755 2206 815 quo

134 825 461 902 plurimum
493 824 839 900 diligamur,
883 826 994 884 sed
1026 823 1517 886 benevolentiam
1548 824 2210 885 non-adolescentulo·

135 927 271 970 rum
312 924 486 969 more
523 907 748 969 ardore
794 910 1061 984 quodam
1106 908 1362 983 amoris,
1403 909 1517 969 sed
1548 906 1870 970 stabilitate
1895 905 2102 984 potius
2147 912 2212 966 et

137 993 486 1054 constantia
528 991 890 1053 iudicemus.
967 990 1070 1052 Sin
1116 999 1296 1053 erunt
1337 991 1577 1064 merita,
1634 999 1704 1052 ut
1752 1008 1877 1052 non
1920 990 2210 1063 ineunda,

136 1076 253 1137 sed
282 1077 605 1137 referenda
628 1074 707 1136 sit
733 1076 927 1152 gratia
944 1122 960 1148 ,
994 1074 1189 1136 maior
1212 1077 1514 1152 quaedam
1544 1091 1691 1136 cura
1721 1073 2070 1135 adhibenda
2090 1079 2208 1134 est.

138 1161 376 1223 Nullum
423 1160 585 1221 enim
623 1160 892 1221 officium
932 1160 1260 1220 referenda
1310 1158 1505 1236 gratia
1549 1157 1744 1234 mag-is
1786 1156 2212 1219 necessarium

136 1251 254 1305 est.
340 1241 443 1306 48.
485 1245 662 1320 Quod
692 1243 746 1304 si
780 1260 884 1317 ea,
937 1259 1091 1319 quae
1125 1244 1353 1305 utenda
1383 1241 1733 1320 acceperis,
1773 1242 2010 1303 maiore
2045 1257 2213 1301 men-

139 1345 315 1402 sura,
375 1326 429 1387 si
479 1328 662 1388 modo
703 1326 944 1403 possis,
1001 1326 1171 1388 iubet
1209 1327 1472 1388 reddere
1511 1325 1853 1400 HesioduS,
1916 1324 2212 1402 quidnam

140 1410 441 1472 beneficio
484 1410 808 1487 provocati
848 1412 1050 1470 facere
1086 1412 1422 1472 debemus?
1462 1428 1539 1471 an
1570 1408 1787 1471 imitari
1830 1426 2017 1486 agros
2049 1410 2216 1470 ferti-

141 1496 260 1567 les,
294 1493 398 1569 qui
429 1495 616 1555 multo
648 1496 790 1571 plus
821 1494 1087 1555 efferunt
1116 1512 1301 1571 quam
1328 1495 1740 1572 acceperunt?
1799 1492 2036 1554 Etenim
2069 1491 2125 1554 si
2152 1493 2216 1552 in

140 1594 285 1651 eOS,
332 1594 492 1653 quos
521 1593 844 1654 speramus
874 1578 1053 1639 nobis
1087 1581 1482 1654 profuturos,
1527 1595 1652 1640 non
1686 1575 2033 1639 dubitamus
2080 1577 2216 1637 offi-

142 1660 235 1721 cia
281 1662 592 1734 conferre,
663 1663 876 1737 quales
918 1661 979 1721 in
1020 1679 1133 1724 eos
1174 1679 1320 1724 esse
1366 1663 1695 1735 debemuS,
1761 1660 1864 1737 qui
1903 1660 2023 1721 iam
2068 1677 2216 1736 pro·

142 1746 427 1805 fuerunt?
496 1745 644 1804 Nam
693 1761 880 1819 quum
932 1745 1055 1806 duo
1111 1763 1342 1821 genera
1391 1744 1764 1807 liberalitatis
1820 1743 1968 1818 sint,
2019 1761 2216 1805 unum

142 1827 327 1889 dandi
357 1826 668 1904 beneficii,
723 1829 977 1890 alterum
1019 1830 1351 1904 reddendi,
1406 1831 1622 1892 demus
1664 1845 1861 1891 necne
1900 1829 1961 1890 in
1996 1835 2218 1890 nostra

140 1918 450 1990 potestate
492 1920 616 1976 est:
674 1930 799 1975 non
843 1913 1105 1974 reddere
1151 1913 1288 1975 viro
1325 1915 1493 1976 bono
1534 1931 1660 1976 non
1702 1914 1872 1987 licet,
1917 1914 2105 1974 modo
2149 1912 2215 1972 id

140 1998 351 2059 facere
395 1997 597 2072 possit
639 1995 773 2059 sine
811 1995 1046 2058 iniuria.
1134 1998 1238 2058 49.
1280 1999 1697 2075 Acceptorum
1737 2005 1939 2058 autem
1981 1996 2215 2057 benefi-

142 2079 376 2142 ciorum
430 2089 576 2142 sunt
625 2081 901 2142 delectus
939 2080 1237 2156 habendi,
1296 2099 1412 2143 nec
1454 2081 1701 2142 dubium
1747 2081 1891 2158 quin
1943 2079 2212 2141 maximo

141 2164 364 2240 cuique
413 2162 738 2239 plurimum
781 2164 1094 2227 debeatur.
1180 2168 1246 2227 ln
1292 2182 1414 2241 quo
1459 2173 1661 2227 tamen
1703 2163 1763 2225 in
1811 2164 2022 2242 primis
2085 2180 2211 2240 quo

142 2248 406 2322 quisque
447 2246 684 2320 anim0‚
738 2247 973 2322 studio,
1020 2248 1453 2311 benevolentia
1488 2248 1701 2310 fecerit
1738 2249 2213 2326 ponderandum

140 2337 255 2389 est.
332 2329 502 2390 Multi
525 2328 685 2390 enim
719 2329 949 2391 faciunt
977 2335 1165 2394 multa
1193 2333 1529 2394 temeritate
1557 2335 1855 2410 quadam,
1894 2331 2027 2393 sine
2056 2331 2214 2393 iudi-

140 2412 235 2471 cio
277 2413 378 2472 vel
410 2413 627 2474 morbo
670 2412 731 2474 in
777 2430 994 2476 omnes
1022 2416 1121 2477 vel
1154 2417 1476 2494 repentino
1511 2417 1779 2493 quodam
1815 2416 1995 2492 quasi
2021 2423 2211 2477 vento

137 2494 368 2572 impetu
397 2495 578 2557 animi
608 2493 867 2559 incitati:
915 2516 1074 2575 quae
1102 2499 1403 2563 beneficia
1431 2518 1630 2577 aeque
1661 2517 1883 2577 magna
1909 2518 2035 2562 non
2067 2506 2215 2561 sunt

140 2578 427 2640 habenda
463 2587 648 2658 atque
679 2599 783 2657 ea,
827 2600 985 2658 quae
1014 2584 1273 2660 iudicio,
1311 2583 1700 2648 considerate
1732 2593 2211 2660 constanterque

139 2664 339 2723 delata
391 2671 552 2726 sunt.
630 2666 754 2727 Sed
806 2665 863 2726 in
923 2669 1287 2730 collocando
1329 2667 1633 2730 beneflcio
1677 2676 1738 2730 et
1781 2668 1841 2730 in
1885 2668 2212 2730 referenda

136 2746 348 2821 gratia,
380 2747 433 2809 si
456 2756 700 2810 caetera
730 2749 903 2827 paria
933 2758 1103 2826 sunt,
1134 2753 1257 2815 hoc
1283 2752 1545 2814 maxime
1575 2751 1762 2814 officii
1792 2759 1915 2827 est,
1947 2759 2017 2815 ut
2045 2751 2209 2829 quis·

138 2846 259 2904 que
286 2830 549 2892 maxime
580 2832 716 2910 opis
741 2834 1038 2911 indigeat,
1071 2798 1153 2897 i'ta
1183 2837 1240 2897 ei
1266 2836 1653 2935 potissimum
1680 2835 1992 2913 opitulari.
2038 2836 2209 2913 quod

137 2920 350 2974 contra
385 2914 454 2974 fit
484 2931 521 2975 a
547 2915 881 2993 plerisque.
954 2920 1008 2977 A
1035 2937 1158 2996 quo
1185 2920 1345 2980 enim
1374 2920 1697 2998 plurimum
1718 2930 1989 2996 sperant,
2026 2919 2210 2981 etiam

135 2995 187 3057 si
219 2995 363 3058 ille
347 2997 421 3059 lis
462 3016 586 3059 non
617 3008 785 3076 eget,
836 3008 1041 3063 tamen
1072 3002 1128 3064 ei
1160 3003 1549 3079 pot1ssimum
1580 3003 1941 3067 inserviunt.

256 3081 418 3142 XVI.
465 3082 567 3143 50.
656 3083 896 3160 Optime
937 3092 1141 3147 autem
1183 3090 1449 3151 societas
1479 3089 1791 3151 hominum
1831 3088 2208 3152 coniunctio·

133 3180 255 3237 que
289 3164 663 3239 servabitur,
716 3166 798 3241 si,
856 3175 926 3229 ut
960 3170 1226 3247 quisque
1259 3172 1373 3234 erit
1407 3172 1977 3249 coniunctissimuS,
2027 3172 2113 3233 ita
2146 3172 2208 3233 in

132 3262 272 3306 eum
310 3247 697 3323 benignitatis
742 3251 1066 3325 plurimum
1117 3257 1487 3318 conferetur.
1576 3258 1708 3319 Sed
1760 3274 1920 3333 quae
1949 3265 2207 3319 naturae

129 3327 427 3405 principia
458 3330 577 3392 sint
618 3334 1066 3398 communitatis
1109 3347 1171 3399 et
1222 3339 1534 3403 societatis
1575 3342 1880 3403 humanae
1920 3348 2207 3418 repeten-
