2381 3723
662 502 750 583 M·
817 502 1089 584 TULLll
1157 500 1588 583 CICERONIS

298 648 426 744 DE
486 649 891 747 omens
953 656 1076 747 An
1137 651 1554 749 MARCUM
1613 650 1944 747 FinUM

793 819 1022 881 LIBER
1067 818 1486 880 SECUNDUS.

720 1083 1543 1144 ARGUMENTUM.

240 1210 506 1276 Proposito
544 1220 866 1278 argumento,
922 1212 987 1262 de
1031 1228 1128 1275 quo
1158 1213 1257 1262 hoc
1291 1213 1421 1262 libro
1458 1227 1521 1261 ex
1563 1211 1831 1277 partitione
1861 1226 1951 1269 ea,
1990 1215 2170 1271 ‘quam

102 1281 154 1328 ln
192 1280 361 1344 priore
395 1279 523 1329 libro
561 1280 777 1340 fecerat,
817 1282 1162 1346 disputaturus
1195 1283 1289 1340 sit,
1325 1284 1545 1346 primurn
1581 1280 1896 1344 prooemium
1933 1277 2054 1327 facit
2096 1278 2164 1326 Μ.

104 1347 302 1399 Tullius
334 1348 637 1412 explicando
673 1350 737 1399 de
772 1351 881 1401 suis
917 1350 1276 1415 philosophiae
1312 1351 1495 1400 studiis
1531 1355 1581 1398 et
1614 1348 1973 1414 scriptionibus
2005 1361 2066 1395 ac
2102 1348 2172 1395 do

102 1417 295 1467 ratione
329 1416 728 1481 philosophandi
746 1418 1069 1479 Academica,
1104 1426 1159 1468 ut
1195 1419 1259 1468 de
1295 1433 1394 1467 una
1418 1432 1615 1482 quaque
1645 1431 1800 1466 causa
1828 1416 1880 1465 in
1906 1423 2172 1476 utramque

102 1492 296 1547 partem
341 1484 653 1548 disputetur,
712 1500 826 1550 cap.
869 1486 919 1537 1.
972 1488 1022 1539 2.
1074 1489 1123 1550 5.
1171 1486 1350 1540 1-8,
1424 1486 1554 1534 Tum
1597 1493 1947 1551 argumentum
1990 1491 2171 1532 tractat

105 1552 187 1609 id,
232 1552 296 1600 de
330 1567 428 1614 quo
459 1552 558 1601 hoc
591 1552 720 1601 libro
755 1555 1076 1618 potissimum
1108 1556 1210 1605 sibi
1245 1555 1514 1605 dicendum
1547 1569 1661 1603 esse
1697 1555 1795 1616 ait,
1844 1568 1904 1602 ac
1948 1551 2168 1616 primum

104 1619 308 1680 quidem
344 1620 408 1668 de
444 1620 554 1668 utili
590 1623 818 1686 exponit,
857 1623 1199 1689 cap.3.-—24.
1235 1625 1285 1685 5.
1322 1622 1512 1676 9-87.
1534 1659 1549 1682 ,
1586 1629 1635 1671 et
1671 1621 1926 1686 explicata
1963 1619 2169 1682 quidem

106 1689 341 1737 universa
398 1688 536 1737 utilis
592 1696 797 1750 natura,
858 1705 1007 1752 quam
1056 1701 1209 1759 neg-at
1259 1692 1321 1741 ab
1383 1691 1645 1741 honestate
1696 1705 1809 1740 esse
1871 1690 2170 1750 seiunctam,

106 1771 217 1820 cap.
257 1758 309 1808 3.
346 1757 394 1818 5.
426 1756 477 1809 9.
524 1755 637 1815 10.,
683 1757 780 1807 hoc
826 1759 1093 1809 adseverat
1126 1761 1253 1810 nihil
1290 1769 1376 1810 aut
1413 1758 1584 1809 utilius
1625 1766 1711 1808 aut
1757 1759 2016 1809 nocentius
2056 1770 2175 1811 esse

104 1824 396 1875 hominibus
427 1825 479 1874 in
511 1826 585 1875 eis
621 1825 799 1887 rebus,
853 1842 982 1889 quae
1016 1828 1169 1880 utiles
1199 1831 1327 1890 sint,
1382 1843 1531 1891 quam
1563 1826 1794 1878 homines
1832 1826 2002 1892 ipsos,
2054 1839 2173 1890 cap.

105 1894 281 1946 3-5.
318 1895 369 1956 5.
412 1894 680 1958 11-16.,
720 1911 869 1960 quam
900 1895 963 1946 ob
995 1912 1100 1947 rem
1137 1898 1483 1947 conciliandos
1515 1897 1709 1947 animos
1740 1895 1998 1946 hominum
2032 1901 2079 1942 et
2107 1891 2175 1942 ad

109 1977 230 2012 usus
275 1971 472 2016 nostros
509 1964 861 2031 adiungendus
898 1980 1011 2015 esse
1056 1967 1208 2026 dicit,
1247 1971 1383 2029 quod
1412 1967 1478 2016 sit
1505 1978 1687 2014 munus
1718 1965 1919 2014 virtutis
1967 1959 2175 2012 exclusa

109 2032 260 2081 etiam
307 2033 356 2081 vi
401 2033 660 2095 fortunae,
711 2049 826 2100 cap.
875 2036 927 2087 5.
964 2034 1016 2089 6.
1061 2035 1396 2096 5.·17-20.
1468 2033 1600 2083 Tum
1642 2047 1854 2091 causas,
1908 2045 2060 2094 qnam
2109 2029 2177 2079 ob

108 2114 214 2151 rem
248 2101 481 2153 homines
524 2101 817 2152 hominibus
865 2103 1170 2164 inserviant,
1218 2111 1476 2153 enumerat
1509 2111 1559 2152 et
1602 2109 1901 2166 pertractat,
1954 2100 2177 2149 benevo-

111 2168 346 2231 lentiam,
401 2170 811 2233 admirationem,
869 2172 1134 2222 commoda
1175 2182 1383 2238 accepta
1440 2178 1527 2220 ant
1577 2169 1903 2234 accipienda,
1957 2182 2071 2232 cap.
2121 2164 2175 2216 6.

110 2238 157 2297 S.
198 2237 475 2297 20-22.‚
530 2238 646 2286 dein
694 2241 966 2302 separatim
1010 2241 1134 2289 dicit
1180 2241 1245 2289 de
1292 2239 1642 2290 benevolentia
1687 2245 1735 2287 et
1778 2237 2028 2286 contrario
2066 2235 2179 2283 eius

111 2312 278 2367 metu,
315 2319 430 2369 cap.
468 2307 522 2358 7.
560 2305 613 2356 8.
649 2307 697 2367 5.
736 2305 988 2363 23-30.,
1023 2315 1129 2357 tum
1165 2309 1228 2357 de
1257 2308 1447 2374 gloria,
1486 2321 1597 2371 cap.
1627 2305 1814 2357 9—14.
1855 2308 1905 2368 5.
1929 2303 2178 2362 31—51.,

111 2381 218 2421 tum
254 2373 319 2422 de
355 2372 687 2423 beneficentia
723 2380 773 2423 et
808 2374 1135 2440 liberalitate,
1172 2391 1285 2441 cap.
1326 2377 1549 2427 15—24.
1588 2378 1638 2439 5.
1671 2374 1922 2435 52-85.,
1962 2373 2180 2434 denique

114 2441 178 2490 de
211 2440 427 2490 aliarum
468 2456 632 2491 rerum
663 2443 906 2504 utilitate,
954 2459 1066 2508 cap.
1103 2446 1189 2496 24.
1230 2445 1280 2507 S.
1320 2445 1406 2497 86.
1442 2444 1562 2504 8Ί.,
1618 2449 1873 2508 postremo
1908 2441 2181 2490 utilitatum

113 2509 545 2574 comparationem
583 2511 824 2574 instituit,
863 2527 974 2578 cap.
1013 2515 1098 2564 25.
1134 2515 1185 2574 5.
1216 2511 1439 2566 88-90,
2010 2521 2018 2528 ’

235 2663 278 2722 Ι.
330 2664 383 2723 1.
474 2664 665 2739 Quem
693 2664 771 2724 ad
808 2663 1294 2723 modumofficia
1327 2664 1699 2724 ducerentur
1730 2662 1807 2722 ab
1838 2662 2183 2732 honestate,

116 2747 324 2806 Marce
358 2746 473 2819 fili,
528 2754 714 2823 atque
747 2747 823 2807 ab
870 2746 1034 2807 omni
1074 2763 1304 2821 genere
1334 2745 1575 2807 virtutis
1614 2745 1763 2806 satis
1814 2742 2184 2820 explicatum

118 2828 381 2888 arbitror
407 2829 562 2889 libro
588 2829 927 2906 superiore.
1004 2828 1295 2905 Sequitur
1320 2837 1387 2890 ut
1408 2831 1562 2890 haec
1586 2827 1929 2889 officiorum
1953 2841 2187 2902 genera

120 2928 488 2987 persequar,
550 2930 709 2987 quae
764 2912 1069 2989 pertinent
1112 2914 1193 2973 ad
1242 2912 1400 2973 vitae
1452 2914 1677 2973 cultum
1732 2918 1796 2971 et
1842 2912 1921 2971 ad
1973 2926 2186 2969 earum

122 3013 358 3069 rerum,
427 2995 648 3071 quibus
685 3003 937 3057 utuntur
977 2995 1289 3069 homines,
1347 2998 1695 3068 facultateS,
1748 2995 1827 3055 ad
1868 3010 2054 3070 opes»,
2107 2991 2190 3052 ad

123 3079 366 3154 copias:
409 3078 470 3140 in
507 3097 630 3153 quo
664 3089 788 3141 tum
823 3079 1036 3156 quaeri
1066 3078 1193 3139 dixi
1224 3078 1371 3155 quid
1405 3079 1578 3153 utile,
1613 3078 1759 3154 quid
1786 3076 2027 3148 inutile,
2057 3082 2189 3136 tum

122 3178 200 3221 ex
228 3162 474 3222 utilibus
520 3162 665 3237 quid
713 3163 916 3224 utilius
959 3169 1064 3223 aut
1115 3162 1262 3238 quid
1306 3162 1568 3224 maxime
1603 3162 1767 3222 utile.
1845 3163 1936 3226 De
1967 3157 2191 3232 quibus

122 3242 328 3303 dicere
368 3245 723 3321 adgrediar,
776 3244 828 3305 si
871 3262 1069 3321 pauca
1111 3246 1280 3321 prius
1326 3247 1403 3306 de
1432 3245 1709 3307 instituto
1742 3261 1814 3304 ac
1855 3243 1933 3302 de
1961 3241 2197 3306 iudicio,

120 3341 260 3386 meo
319 3325 554 3389 dixero,
643 3328 702 3388 2.
761 3328 1140 3402 Quamquam
1192 3329 1348 3389 enim
1409 3328 1544 3388 libri
1592 3327 1787 3389 nostri
1837 3326 2192 3389 complures
