<?xml version="1.0" encoding="UTF-8"?>
<!DOCTYPE html PUBLIC "-//W3C//DTD XHTML 1.0 Transitional//EN"
    "http://www.w3.org/TR/xhtml1/DTD/xhtml1-transitional.dtd">
<html xmlns="http://www.w3.org/1999/xhtml" xml:lang="en" lang="en">
 <head>
  <title>
</title>
<meta http-equiv="Content-Type" content="text/html;charset=utf-8" />
  <meta name='ocr-system' content='tesseract 3.04.00' />
  <meta name='ocr-capabilities' content='ocr_page ocr_carea ocr_par ocr_line ocrx_word'/>
</head>
<body>
  <div class='ocr_page' id='page_1' title='image "./scriptaquaemans01wesegoog_0013.png"; bbox 0 0 2381 3723; ppageno 0'>
   <div class='ocr_carea' id='block_1_1' title="bbox 886 143 2304 201">
    <p class='ocr_par' dir='ltr' id='par_1_1' title="bbox 886 143 2304 201">
     <span class='ocr_line' id='line_1_1' title="bbox 886 143 2304 201; baseline 0.004 -6"><span class='ocrx_word' id='word_1_1' title='bbox 886 143 1267 197; x_wconf 82' lang='lat' dir='ltr'><strong>PROOEMIUM</strong></span> <span class='ocrx_word' id='word_1_2' title='bbox 1304 145 1623 197; x_wconf 84' lang='lat' dir='ltr'><strong>EDITORIS.</strong></span> <span class='ocrx_word' id='word_1_3' title='bbox 2219 162 2304 201; x_wconf 75' lang='lat' dir='ltr'><strong>vit</strong></span> 
     </span>
    </p>
   </div>
   <div class='ocr_carea' id='block_1_2' title="bbox 206 282 2306 3451">
    <p class='ocr_par' dir='ltr' id='par_1_2' title="bbox 206 282 2306 3451">
     <span class='ocr_line' id='line_1_2' title="bbox 215 282 2300 350; baseline 0.001 -16"><span class='ocrx_word' id='word_1_4' title='bbox 215 289 367 334; x_wconf 82' lang='lat' dir='ltr'><strong>esset.</strong></span> <span class='ocrx_word' id='word_1_5' title='bbox 441 282 638 332; x_wconf 86' lang='lat' dir='ltr'><strong>Nonius</strong></span> <span class='ocrx_word' id='word_1_6' title='bbox 673 283 804 332; x_wconf 81' lang='lat' dir='ltr'><strong>enim</strong></span> <span class='ocrx_word' id='word_1_7' title='bbox 837 297 938 333; x_wconf 90' lang='lat' dir='ltr'><strong>non</strong></span> <span class='ocrx_word' id='word_1_8' title='bbox 972 284 1038 334; x_wconf 89' lang='lat' dir='ltr'><strong>de</strong></span> <span class='ocrx_word' id='word_1_9' title='bbox 1083 297 1142 333; x_wconf 90' lang='lat' dir='ltr'><strong>eo</strong></span> <span class='ocrx_word' id='word_1_10' title='bbox 1178 285 1334 336; x_wconf 88' lang='lat' dir='ltr'><strong>verbo</strong></span> <span class='ocrx_word' id='word_1_11' title='bbox 1376 285 1488 348; x_wconf 90' lang='lat' dir='ltr'><strong>ipso</strong></span> <span class='ocrx_word' id='word_1_12' title='bbox 1518 282 1765 346; x_wconf 84' lang='lat' dir='ltr'><strong>loquitur,</strong></span> <span class='ocrx_word' id='word_1_13' title='bbox 1810 286 1901 336; x_wconf 88' lang='lat' dir='ltr'><strong>sed</strong></span> <span class='ocrx_word' id='word_1_14' title='bbox 1929 287 1992 335; x_wconf 86' lang='lat' dir='ltr'><strong>de</strong></span> <span class='ocrx_word' id='word_1_15' title='bbox 2027 287 2182 336; x_wconf 83' lang='lat' dir='ltr'><strong>verbo</strong></span> <span class='ocrx_word' id='word_1_16' title='bbox 2202 303 2300 350; x_wconf 86' lang='lat' dir='ltr'><strong>pu-</strong></span> 
     </span>
     <span class='ocr_line' id='line_1_3' title="bbox 213 351 2300 419; baseline 0.001 -17"><span class='ocrx_word' id='word_1_17' title='bbox 213 352 353 403; x_wconf 72' lang='lat' dir='ltr'><strong>nitur</strong></span> <span class='ocrx_word' id='word_1_18' title='bbox 386 360 462 412; x_wconf 90' lang='lat' dir='ltr'><strong>et,</strong></span> <span class='ocrx_word' id='word_1_19' title='bbox 495 359 553 401; x_wconf 78' lang='lat' dir='ltr'><strong>ut</strong></span> <span class='ocrx_word' id='word_1_20' title='bbox 570 351 834 416; x_wconf 88' lang='lat' dir='ltr'><strong>Zumptius</strong></span> <span class='ocrx_word' id='word_1_21' title='bbox 857 361 994 402; x_wconf 88' lang='lat' dir='ltr'><strong>recte</strong></span> <span class='ocrx_word' id='word_1_22' title='bbox 1013 353 1113 407; x_wconf 89' lang='lat' dir='ltr'><strong>iam</strong></span> <span class='ocrx_word' id='word_1_23' title='bbox 1144 353 1460 417; x_wconf 81' lang='lat' dir='ltr'><strong>observavit,</strong></span> <span class='ocrx_word' id='word_1_24' title='bbox 1501 353 1552 401; x_wconf 89' lang='lat' dir='ltr'><strong>in</strong></span> <span class='ocrx_word' id='word_1_25' title='bbox 1577 354 1690 418; x_wconf 90' lang='lat' dir='ltr'><strong>ipso</strong></span> <span class='ocrx_word' id='word_1_26' title='bbox 1712 355 1869 404; x_wconf 91' lang='lat' dir='ltr'><strong>verbo</strong></span> <span class='ocrx_word' id='word_1_27' title='bbox 1891 356 2118 419; x_wconf 64' lang='lat' dir='ltr'><strong>fatigare</strong></span> <span class='ocrx_word' id='word_1_28' title='bbox 2145 356 2300 406; x_wconf 86' lang='lat' dir='ltr'><strong>huius</strong></span> 
     </span>
     <span class='ocr_line' id='line_1_4' title="bbox 212 420 2302 486; baseline 0.001 -15"><span class='ocrx_word' id='word_1_29' title='bbox 212 422 313 471; x_wconf 88' lang='lat' dir='ltr'><strong>loci</strong></span> <span class='ocrx_word' id='word_1_30' title='bbox 362 420 669 471; x_wconf 76' lang='lat' dir='ltr'><strong>mentionem</strong></span> <span class='ocrx_word' id='word_1_31' title='bbox 713 420 903 482; x_wconf 80' lang='lat' dir='ltr'><strong>nullam</strong></span> <span class='ocrx_word' id='word_1_32' title='bbox 952 421 1090 472; x_wconf 74' lang='lat' dir='ltr'><strong>facit.</strong></span> <span class='ocrx_word' id='word_1_33' title='bbox 1165 421 1288 486; x_wconf 86' lang='lat' dir='ltr'><strong>Cap.</strong></span> <span class='ocrx_word' id='word_1_34' title='bbox 1327 422 1413 474; x_wconf 97' lang='grc'><strong>26.</strong></span> <span class='ocrx_word' id='word_1_35' title='bbox 1453 422 1503 484; x_wconf 89' lang='grc'><strong>5.</strong></span> <span class='ocrx_word' id='word_1_36' title='bbox 1539 421 1625 474; x_wconf 88' lang='grc'><strong>90.</strong></span> <span class='ocrx_word' id='word_1_37' title='bbox 1673 439 1786 472; x_wconf 89' lang='lat' dir='ltr'><strong>cum</strong></span> <span class='ocrx_word' id='word_1_38' title='bbox 1824 424 2113 473; x_wconf 87' lang='lat' dir='ltr'><strong>novissimis</strong></span> <span class='ocrx_word' id='word_1_39' title='bbox 2139 426 2302 473; x_wconf 89' lang='lat' dir='ltr'><strong>edito-</strong></span> 
     </span>
     <span class='ocr_line' id='line_1_5' title="bbox 212 490 2300 555; baseline 0.001 -15"><span class='ocrx_word' id='word_1_40' title='bbox 212 490 356 540; x_wconf 85' lang='lat' dir='ltr'>ribus</span> <span class='ocrx_word' id='word_1_41' title='bbox 402 497 589 555; x_wconf 79' lang='lat' dir='ltr'><strong>quanto</strong></span> <span class='ocrx_word' id='word_1_42' title='bbox 633 492 925 552; x_wconf 79' lang='lat' dir='ltr'><strong>superiores</strong></span> <span class='ocrx_word' id='word_1_43' title='bbox 963 492 1114 541; x_wconf 81' lang='lat' dir='ltr'><strong>simus</strong></span> <span class='ocrx_word' id='word_1_44' title='bbox 1162 507 1192 540; x_wconf 88' lang='lat' dir='ltr'><strong>e</strong></span> <span class='ocrx_word' id='word_1_45' title='bbox 1231 491 1370 541; x_wconf 88' lang='lat' dir='ltr'><strong>libris</strong></span> <span class='ocrx_word' id='word_1_46' title='bbox 1406 492 1553 541; x_wconf 89' lang='lat' dir='ltr'><strong>bonis</strong></span> <span class='ocrx_word' id='word_1_47' title='bbox 1597 492 1813 540; x_wconf 87' lang='lat' dir='ltr'><strong>restitui.</strong></span> <span class='ocrx_word' id='word_1_48' title='bbox 1886 491 2103 542; x_wconf 85' lang='lat' dir='ltr'><strong>Orellius</strong></span> <span class='ocrx_word' id='word_1_49' title='bbox 2134 509 2300 542; x_wconf 83' lang='lat' dir='ltr'><strong>sumus</strong></span> 
     </span>
     <span class='ocr_line' id='line_1_6' title="bbox 210 557 2300 627; baseline 0.001 -19"><span class='ocrx_word' id='word_1_50' title='bbox 210 559 441 624; x_wconf 75' lang='lat' dir='ltr'><strong>scripsit.</strong></span> <span class='ocrx_word' id='word_1_51' title='bbox 514 558 638 622; x_wconf 82' lang='lat' dir='ltr'><strong>Cap.</strong></span> <span class='ocrx_word' id='word_1_52' title='bbox 665 557 749 608; x_wconf 88' lang='grc'><strong>28.</strong></span> <span class='ocrx_word' id='word_1_53' title='bbox 779 562 828 623; x_wconf 93' lang='grc'><strong>5.</strong></span> <span class='ocrx_word' id='word_1_54' title='bbox 872 558 986 610; x_wconf 87' lang='grc'><strong>100.</strong></span> <span class='ocrx_word' id='word_1_55' title='bbox 1017 575 1133 610; x_wconf 89' lang='lat' dir='ltr'><strong>cum</strong></span> <span class='ocrx_word' id='word_1_56' title='bbox 1162 560 1397 624; x_wconf 88' lang='lat' dir='ltr'><strong>Zumptio</strong></span> <span class='ocrx_word' id='word_1_57' title='bbox 1422 567 1571 623; x_wconf 86' lang='lat' dir='ltr'><strong>atque</strong></span> <span class='ocrx_word' id='word_1_58' title='bbox 1590 560 1792 626; x_wconf 76' lang='lat' dir='ltr'><strong>Ungero</strong></span> <span class='ocrx_word' id='word_1_59' title='bbox 1824 561 1962 612; x_wconf 89' lang='lat' dir='ltr'><strong>edidi</strong></span> <span class='ocrx_word' id='word_1_60' title='bbox 1995 562 2300 627; x_wconf 88' lang='lat' dir='ltr'><strong>optimorum</strong></span> 
     </span>
     <span class='ocr_line' id='line_1_7' title="bbox 211 627 2299 695; baseline 0 -17"><span class='ocrx_word' id='word_1_61' title='bbox 211 644 272 678; x_wconf 85' lang='lat' dir='ltr'><strong>ac</strong></span> <span class='ocrx_word' id='word_1_62' title='bbox 311 627 651 692; x_wconf 88' lang='lat' dir='ltr'><strong>plurimorum</strong></span> <span class='ocrx_word' id='word_1_63' title='bbox 688 627 932 679; x_wconf 89' lang='lat' dir='ltr'><strong>librorum</strong></span> <span class='ocrx_word' id='word_1_64' title='bbox 976 629 1301 679; x_wconf 83' lang='lat' dir='ltr'><strong>auctoritate:</strong></span> <span class='ocrx_word' id='word_1_65' title='bbox 1375 629 1531 691; x_wconf 87' lang='lat' dir='ltr'><strong>Quam</strong></span> <span class='ocrx_word' id='word_1_66' title='bbox 1560 632 1609 680; x_wconf 84' lang='lat' dir='ltr'><strong>si</strong></span> <span class='ocrx_word' id='word_1_67' title='bbox 1647 645 1905 695; x_wconf 87' lang='lat' dir='ltr'><strong>sequemur</strong></span> <span class='ocrx_word' id='word_1_68' title='bbox 1940 631 2124 688; x_wconf 86' lang='lat' dir='ltr'><strong>ducem,</strong></span> <span class='ocrx_word' id='word_1_69' title='bbox 2163 646 2299 679; x_wconf 82' lang='lat' dir='ltr'><strong>num-</strong></span> 
     </span>
     <span class='ocr_line' id='line_1_8' title="bbox 212 695 2299 763; baseline 0.001 -16"><span class='ocrx_word' id='word_1_70' title='bbox 212 713 363 762; x_wconf 81' lang='lat' dir='ltr'><strong>quam</strong></span> <span class='ocrx_word' id='word_1_71' title='bbox 395 695 745 747; x_wconf 83' lang='lat' dir='ltr'><strong>aberrabimus</strong></span> <span class='ocrx_word' id='word_1_72' title='bbox 776 712 1133 763; x_wconf 73' lang='lat' dir='ltr'><strong><em>sequemurque</em></strong></span> <span class='ocrx_word' id='word_1_73' title='bbox 1164 706 1215 749; x_wconf 78' lang='lat' dir='ltr'><strong>ei</strong></span> <span class='ocrx_word' id='word_1_74' title='bbox 1248 698 1327 756; x_wconf 85' lang='lat' dir='ltr'><strong>id,</strong></span> <span class='ocrx_word' id='word_1_75' title='bbox 1381 700 1516 763; x_wconf 88' lang='lat' dir='ltr'><strong>quod</strong></span> <span class='ocrx_word' id='word_1_76' title='bbox 1548 705 1640 748; x_wconf 76' lang='lat' dir='ltr'><strong>etc.</strong></span> <span class='ocrx_word' id='word_1_77' title='bbox 1714 698 1997 762; x_wconf 84' lang='lat' dir='ltr'><strong>Numquam</strong></span> <span class='ocrx_word' id='word_1_78' title='bbox 2045 701 2179 749; x_wconf 89' lang='lat' dir='ltr'><strong>enim</strong></span> <span class='ocrx_word' id='word_1_79' title='bbox 2218 715 2299 749; x_wconf 88' lang='lat' dir='ltr'><strong>me</strong></span> 
     </span>
     <span class='ocr_line' id='line_1_9' title="bbox 210 766 2299 834; baseline 0 -18"><span class='ocrx_word' id='word_1_80' title='bbox 210 766 444 816; x_wconf 89' lang='lat' dir='ltr'><strong>eiusdem</strong></span> <span class='ocrx_word' id='word_1_81' title='bbox 475 766 616 815; x_wconf 83' lang='lat' dir='ltr'><strong>verbi</strong></span> <span class='ocrx_word' id='word_1_82' title='bbox 653 767 886 830; x_wconf 77' lang='lat' dir='ltr'><strong>repetitio</strong></span> <span class='ocrx_word' id='word_1_83' title='bbox 922 768 974 816; x_wconf 89' lang='lat' dir='ltr'><strong>in</strong></span> <span class='ocrx_word' id='word_1_84' title='bbox 1004 782 1108 817; x_wconf 86' lang='lat' dir='ltr'><strong>una</strong></span> <span class='ocrx_word' id='word_1_85' title='bbox 1143 768 1491 817; x_wconf 87' lang='lat' dir='ltr'><strong>enunciatione</strong></span> <span class='ocrx_word' id='word_1_86' title='bbox 1522 769 1766 832; x_wconf 77' lang='lat' dir='ltr'><strong>adducet,</strong></span> <span class='ocrx_word' id='word_1_87' title='bbox 1802 776 1857 818; x_wconf 84' lang='lat' dir='ltr'><strong>ut</strong></span> <span class='ocrx_word' id='word_1_88' title='bbox 1892 777 2122 833; x_wconf 87' lang='lat' dir='ltr'><strong>apertum</strong></span> <span class='ocrx_word' id='word_1_89' title='bbox 2157 769 2299 834; x_wconf 85' lang='lat' dir='ltr'><strong>glos-</strong></span> 
     </span>
     <span class='ocr_line' id='line_1_10' title="bbox 210 835 2299 902; baseline -0 -17"><span class='ocrx_word' id='word_1_90' title='bbox 210 849 356 885; x_wconf 87' lang='lat' dir='ltr'><strong>sema</strong></span> <span class='ocrx_word' id='word_1_91' title='bbox 392 835 842 900; x_wconf 83' lang='lat' dir='ltr'><strong>adsequemurque,</strong></span> <span class='ocrx_word' id='word_1_92' title='bbox 903 837 1040 898; x_wconf 86' lang='lat' dir='ltr'><strong>quod</strong></span> <span class='ocrx_word' id='word_1_93' title='bbox 1066 835 1282 885; x_wconf 86' lang='lat' dir='ltr'><strong>Orellius</strong></span> <span class='ocrx_word' id='word_1_94' title='bbox 1319 844 1369 885; x_wconf 86' lang='lat' dir='ltr'><strong>et</strong></span> <span class='ocrx_word' id='word_1_95' title='bbox 1404 835 1798 902; x_wconf 84' lang='lat' dir='ltr'><strong>Stiirenburgius</strong></span> <span class='ocrx_word' id='word_1_96' title='bbox 1832 846 2157 902; x_wconf 89' lang='lat' dir='ltr'><strong>receperunt,</strong></span> <span class='ocrx_word' id='word_1_97' title='bbox 2212 843 2299 885; x_wconf 86' lang='lat' dir='ltr'><strong>aut</strong></span> 
     </span>
     <span class='ocr_line' id='line_1_11' title="bbox 210 903 2299 969; baseline 0 -15"><span class='ocrx_word' id='word_1_98' title='bbox 210 919 665 968; x_wconf 78' lang='lat' dir='ltr'><strong>consequenmrque</strong></span> <span class='ocrx_word' id='word_1_99' title='bbox 696 905 958 968; x_wconf 86' lang='lat' dir='ltr'><strong>recipiam.</strong></span> <span class='ocrx_word' id='word_1_100' title='bbox 1033 904 1156 969; x_wconf 87' lang='lat' dir='ltr'><strong>Cap.</strong></span> <span class='ocrx_word' id='word_1_101' title='bbox 1195 904 1280 955; x_wconf 88' lang='grc'><strong>29.</strong></span> <span class='ocrx_word' id='word_1_102' title='bbox 1313 905 1364 967; x_wconf 91' lang='grc'><strong>5.</strong></span> <span class='ocrx_word' id='word_1_103' title='bbox 1406 903 1522 956; x_wconf 83' lang='grc'><strong>103.</strong></span> <span class='ocrx_word' id='word_1_104' title='bbox 1568 905 1731 956; x_wconf 89' lang='lat' dir='ltr'><strong>lenem</strong></span> <span class='ocrx_word' id='word_1_105' title='bbox 1770 905 2025 957; x_wconf 83' lang='lat' dir='ltr'><strong>Ciceronis</strong></span> <span class='ocrx_word' id='word_1_106' title='bbox 2074 916 2123 956; x_wconf 87' lang='lat' dir='ltr'><strong>et</strong></span> <span class='ocrx_word' id='word_1_107' title='bbox 2164 920 2299 955; x_wconf 89' lang='lat' dir='ltr'><strong>com-</strong></span> 
     </span>
     <span class='ocr_line' id='line_1_12' title="bbox 213 972 2300 1038; baseline 0 -16"><span class='ocrx_word' id='word_1_108' title='bbox 213 974 439 1038; x_wconf 80' lang='lat' dir='ltr'><strong>positam</strong></span> <span class='ocrx_word' id='word_1_109' title='bbox 488 973 687 1023; x_wconf 89' lang='lat' dir='ltr'><strong>dicendi</strong></span> <span class='ocrx_word' id='word_1_110' title='bbox 732 972 947 1023; x_wconf 81' lang='lat' dir='ltr'><strong>formam</strong></span> <span class='ocrx_word' id='word_1_111' title='bbox 980 975 1192 1033; x_wconf 84' lang='lat' dir='ltr'><strong>retinui,</strong></span> <span class='ocrx_word' id='word_1_112' title='bbox 1242 982 1299 1023; x_wconf 91' lang='lat' dir='ltr'><strong>ut</strong></span> <span class='ocrx_word' id='word_1_113' title='bbox 1327 975 1626 1024; x_wconf 80' lang='lat' dir='ltr'><strong>scriberem:</strong></span> <span class='ocrx_word' id='word_1_114' title='bbox 1673 982 1729 1024; x_wconf 80' lang='lat' dir='ltr'><strong>ut</strong></span> <span class='ocrx_word' id='word_1_115' title='bbox 1761 976 1834 1024; x_wconf 86' lang='lat' dir='ltr'><strong>ad</strong></span> <span class='ocrx_word' id='word_1_116' title='bbox 1866 977 2031 1026; x_wconf 85' lang='lat' dir='ltr'><strong>ludum</strong></span> <span class='ocrx_word' id='word_1_117' title='bbox 2066 984 2120 1025; x_wconf 89' lang='lat' dir='ltr'><strong>et</strong></span> <span class='ocrx_word' id='word_1_118' title='bbox 2145 976 2300 1024; x_wconf 83' lang='lat' dir='ltr'><strong>iocum</strong></span> 
     </span>
     <span class='ocr_line' id='line_1_13' title="bbox 206 1041 2300 1108; baseline 0 -16"><span class='ocrx_word' id='word_1_119' title='bbox 206 1044 343 1108; x_wconf 78' lang='lat' dir='ltr'><strong>facti</strong></span> <span class='ocrx_word' id='word_1_120' title='bbox 376 1056 491 1092; x_wconf 84' lang='lat' dir='ltr'><strong>esse</strong></span> <span class='ocrx_word' id='word_1_121' title='bbox 524 1041 802 1101; x_wconf 84' lang='lat' dir='ltr'><strong>videamur,</strong></span> <span class='ocrx_word' id='word_1_122' title='bbox 860 1043 957 1093; x_wconf 80' lang='lat' dir='ltr'><strong>sed</strong></span> <span class='ocrx_word' id='word_1_123' title='bbox 981 1044 1054 1092; x_wconf 86' lang='lat' dir='ltr'><strong>ad</strong></span> <span class='ocrx_word' id='word_1_124' title='bbox 1086 1045 1405 1094; x_wconf 78' lang='lat' dir='ltr'><strong>severitatem</strong></span> <span class='ocrx_word' id='word_1_125' title='bbox 1432 1044 1605 1106; x_wconf 82' lang='lat' dir='ltr'><strong>potius</strong></span> <span class='ocrx_word' id='word_1_126' title='bbox 1639 1051 1692 1093; x_wconf 88' lang='lat' dir='ltr'><strong>et</strong></span> <span class='ocrx_word' id='word_1_127' title='bbox 1731 1045 1805 1093; x_wconf 86' lang='lat' dir='ltr'><strong>ad</strong></span> <span class='ocrx_word' id='word_1_128' title='bbox 1843 1045 2085 1108; x_wconf 79' lang='lat' dir='ltr'><strong>quaedam</strong></span> <span class='ocrx_word' id='word_1_129' title='bbox 2129 1044 2300 1093; x_wconf 77' lang='lat' dir='ltr'><strong>studia</strong></span> 
     </span>
     <span class='ocr_line' id='line_1_14' title="bbox 207 1110 2298 1178; baseline 0 -18"><span class='ocrx_word' id='word_1_130' title='bbox 207 1112 462 1177; x_wconf 66' lang='lat' dir='ltr'><strong>praviora</strong></span> <span class='ocrx_word' id='word_1_131' title='bbox 492 1118 640 1176; x_wconf 77' lang='lat' dir='ltr'><strong>atque</strong></span> <span class='ocrx_word' id='word_1_132' title='bbox 672 1114 883 1164; x_wconf 84' lang='lat' dir='ltr'><strong>maiora.</strong></span> <span class='ocrx_word' id='word_1_133' title='bbox 959 1110 1154 1162; x_wconf 82' lang='lat' dir='ltr'><strong>Caeteri</strong></span> <span class='ocrx_word' id='word_1_134' title='bbox 1192 1112 1351 1161; x_wconf 84' lang='lat' dir='ltr'><strong>critici</strong></span> <span class='ocrx_word' id='word_1_135' title='bbox 1392 1126 1552 1176; x_wconf 85' lang='lat' dir='ltr'><strong>prope</strong></span> <span class='ocrx_word' id='word_1_136' title='bbox 1587 1126 1762 1162; x_wconf 89' lang='lat' dir='ltr'><strong>omnes</strong></span> <span class='ocrx_word' id='word_1_137' title='bbox 1793 1115 1889 1163; x_wconf 86' lang='lat' dir='ltr'><strong>sed</strong></span> <span class='ocrx_word' id='word_1_138' title='bbox 1923 1130 1987 1164; x_wconf 88' lang='lat' dir='ltr'><strong>ex</strong></span> <span class='ocrx_word' id='word_1_139' title='bbox 2018 1127 2298 1178; x_wconf 87' lang='lat' dir='ltr'><strong>paucorum</strong></span> 
     </span>
     <span class='ocr_line' id='line_1_15' title="bbox 211 1179 2300 1245; baseline 0 -16"><span class='ocrx_word' id='word_1_140' title='bbox 211 1180 466 1231; x_wconf 87' lang='lat' dir='ltr'><strong>librorum</strong></span> <span class='ocrx_word' id='word_1_141' title='bbox 501 1179 689 1230; x_wconf 89' lang='lat' dir='ltr'><strong>indicio</strong></span> <span class='ocrx_word' id='word_1_142' title='bbox 726 1195 786 1230; x_wconf 91' lang='lat' dir='ltr'><strong>eo</strong></span> <span class='ocrx_word' id='word_1_143' title='bbox 830 1179 940 1230; x_wconf 91' lang='lat' dir='ltr'><strong>loco</strong></span> <span class='ocrx_word' id='word_1_144' title='bbox 989 1184 1286 1230; x_wconf 79' lang='lat' dir='ltr'><strong>omiserunt.</strong></span> <span class='ocrx_word' id='word_1_145' title='bbox 1358 1179 1481 1245; x_wconf 82' lang='lat' dir='ltr'><strong>Cap.</strong></span> <span class='ocrx_word' id='word_1_146' title='bbox 1522 1179 1607 1234; x_wconf 89' lang='lat'><strong>30.</strong></span> <span class='ocrx_word' id='word_1_147' title='bbox 1639 1183 1687 1244; x_wconf 93' lang='grc'><strong>5.</strong></span> <span class='ocrx_word' id='word_1_148' title='bbox 1731 1180 1846 1233; x_wconf 89' lang='grc'><strong>106.</strong></span> <span class='ocrx_word' id='word_1_149' title='bbox 1884 1185 1932 1232; x_wconf 77' lang='grc' dir='ltr'><strong>εἰ</strong></span> <span class='ocrx_word' id='word_1_150' title='bbox 1970 1183 2300 1232; x_wconf 79' lang='lat' dir='ltr'><strong>considerare</strong></span> 
     </span>
     <span class='ocr_line' id='line_1_16' title="bbox 211 1244 2295 1315; baseline -0 -15"><span class='ocrx_word' id='word_1_151' title='bbox 211 1244 438 1300; x_wconf 73' lang='lat' dir='ltr'><strong>volumm</strong></span> <span class='ocrx_word' id='word_1_152' title='bbox 487 1262 600 1298; x_wconf 89' lang='lat' dir='ltr'><strong>cum</strong></span> <span class='ocrx_word' id='word_1_153' title='bbox 634 1248 866 1314; x_wconf 86' lang='lat' dir='ltr'><strong>Zumptio</strong></span> <span class='ocrx_word' id='word_1_154' title='bbox 903 1257 953 1299; x_wconf 84' lang='lat' dir='ltr'><strong>et</strong></span> <span class='ocrx_word' id='word_1_155' title='bbox 985 1250 1185 1315; x_wconf 75' lang='lat' dir='ltr'><strong>Ungero</strong></span> <span class='ocrx_word' id='word_1_156' title='bbox 1222 1250 1418 1300; x_wconf 87' lang='lat' dir='ltr'><strong>restitui</strong></span> <span class='ocrx_word' id='word_1_157' title='bbox 1471 1264 1563 1314; x_wconf 89' lang='lat' dir='ltr'><strong>pro</strong></span> <span class='ocrx_word' id='word_1_158' title='bbox 1604 1253 1653 1300; x_wconf 83' lang='lat' dir='ltr'><strong>si</strong></span> <span class='ocrx_word' id='word_1_159' title='bbox 1698 1251 2025 1302; x_wconf 82' lang='lat' dir='ltr'><strong>considerare</strong></span> <span class='ocrx_word' id='word_1_160' title='bbox 2067 1252 2295 1300; x_wconf 65' lang='lat' dir='ltr'><strong>velemur.</strong></span> 
     </span>
     <span class='ocr_line' id='line_1_17' title="bbox 215 1316 2298 1384; baseline -0 -16"><span class='ocrx_word' id='word_1_161' title='bbox 215 1325 266 1368; x_wconf 82' lang='lat' dir='ltr'><strong>et</strong></span> <span class='ocrx_word' id='word_1_162' title='bbox 294 1320 346 1381; x_wconf 90' lang='grc'><strong>5.</strong></span> <span class='ocrx_word' id='word_1_163' title='bbox 404 1316 526 1371; x_wconf 89' lang='grc'><strong>108.</strong></span> <span class='ocrx_word' id='word_1_164' title='bbox 560 1319 868 1380; x_wconf 78' lang='lat' dir='ltr'><strong>praeripere</strong></span> <span class='ocrx_word' id='word_1_165' title='bbox 911 1317 1118 1369; x_wconf 76' lang='lat' dir='ltr'><strong>hostium</strong></span> <span class='ocrx_word' id='word_1_166' title='bbox 1164 1320 1373 1370; x_wconf 81' lang='lat' dir='ltr'><strong>consilia</strong></span> <span class='ocrx_word' id='word_1_167' title='bbox 1417 1334 1481 1369; x_wconf 87' lang='lat' dir='ltr'><strong>ex</strong></span> <span class='ocrx_word' id='word_1_168' title='bbox 1527 1320 1831 1383; x_wconf 86' lang='lat' dir='ltr'><strong>optimorum</strong></span> <span class='ocrx_word' id='word_1_169' title='bbox 1871 1334 1933 1370; x_wconf 87' lang='lat' dir='ltr'><strong>ac</strong></span> <span class='ocrx_word' id='word_1_170' title='bbox 1966 1318 2298 1384; x_wconf 86' lang='lat' dir='ltr'><strong>plurimorum</strong></span> 
     </span>
     <span class='ocr_line' id='line_1_18' title="bbox 213 1386 2297 1454; baseline 0 -18"><span class='ocrx_word' id='word_1_171' title='bbox 213 1387 465 1438; x_wconf 88' lang='lat' dir='ltr'><strong>librorum</strong></span> <span class='ocrx_word' id='word_1_172' title='bbox 503 1388 799 1438; x_wconf 83' lang='lat' dir='ltr'><strong>auctoritate</strong></span> <span class='ocrx_word' id='word_1_173' title='bbox 832 1389 1002 1453; x_wconf 79' lang='lat' dir='ltr'><strong>recepi</strong></span> <span class='ocrx_word' id='word_1_174' title='bbox 1043 1403 1174 1438; x_wconf 83' lang='lat' dir='ltr'><strong>cum.</strong></span> <span class='ocrx_word' id='word_1_175' title='bbox 1200 1386 1594 1452; x_wconf 83' lang='lat' dir='ltr'><strong>Stiirenburgio,</strong></span> <span class='ocrx_word' id='word_1_176' title='bbox 1654 1387 1914 1454; x_wconf 87' lang='lat' dir='ltr'><strong>Zumptio,</strong></span> <span class='ocrx_word' id='word_1_177' title='bbox 1968 1389 2170 1454; x_wconf 82' lang='lat' dir='ltr'><strong>Ungero</strong></span> <span class='ocrx_word' id='word_1_178' title='bbox 2204 1402 2297 1453; x_wconf 89' lang='lat' dir='ltr'><strong>pro</strong></span> 
     </span>
     <span class='ocr_line' id='line_1_19' title="bbox 210 1455 2294 1522; baseline 0 -17"><span class='ocrx_word' id='word_1_179' title='bbox 210 1457 519 1519; x_wconf 76' lang='lat' dir='ltr'><strong>praecipere</strong></span> <span class='ocrx_word' id='word_1_180' title='bbox 543 1455 752 1506; x_wconf 67' lang='lat' dir='ltr'><strong>hostium</strong></span> <span class='ocrx_word' id='word_1_181' title='bbox 786 1458 1013 1508; x_wconf 82' lang='lat' dir='ltr'><strong>consilia.</strong></span> <span class='ocrx_word' id='word_1_182' title='bbox 1086 1458 1230 1507; x_wconf 88' lang='lat' dir='ltr'><strong>Idem</strong></span> <span class='ocrx_word' id='word_1_183' title='bbox 1263 1457 1474 1506; x_wconf 85' lang='lat' dir='ltr'><strong>verbum</strong></span> <span class='ocrx_word' id='word_1_184' title='bbox 1517 1457 1719 1507; x_wconf 87' lang='lat' dir='ltr'><strong>reddidi</strong></span> <span class='ocrx_word' id='word_1_185' title='bbox 1771 1457 1999 1508; x_wconf 79' lang='lat' dir='ltr'><strong>Ciceroni</strong></span> <span class='ocrx_word' id='word_1_186' title='bbox 2044 1459 2093 1507; x_wconf 90' lang='lat' dir='ltr'><strong>iu</strong></span> <span class='ocrx_word' id='word_1_187' title='bbox 2144 1458 2294 1522; x_wconf 81' lang='lat' dir='ltr'><strong>epist.</strong></span> 
     </span>
     <span class='ocr_line' id='line_1_20' title="bbox 214 1524 2297 1591; baseline -0 -17"><span class='ocrx_word' id='word_1_188' title='bbox 214 1525 291 1575; x_wconf 87' lang='lat' dir='ltr'><strong>ad</strong></span> <span class='ocrx_word' id='word_1_189' title='bbox 321 1524 542 1574; x_wconf 74' lang='lat' dir='ltr'><strong>Atticum</strong></span> <span class='ocrx_word' id='word_1_190' title='bbox 573 1524 663 1578; x_wconf 91' lang='lat' dir='ltr'><strong>lib.</strong></span> <span class='ocrx_word' id='word_1_191' title='bbox 699 1525 766 1575; x_wconf 89' lang='lat' dir='ltr'><strong>X.</strong></span> <span class='ocrx_word' id='word_1_192' title='bbox 805 1540 886 1591; x_wconf 89' lang='lat' dir='ltr'><strong>ep.</strong></span> <span class='ocrx_word' id='word_1_193' title='bbox 932 1527 977 1576; x_wconf 87' lang='lat'><strong>1.</strong></span> <span class='ocrx_word' id='word_1_194' title='bbox 1013 1527 1064 1587; x_wconf 91' lang='grc'><strong>5.</strong></span> <span class='ocrx_word' id='word_1_195' title='bbox 1105 1528 1156 1577; x_wconf 88' lang='grc'><strong>2.</strong></span> <span class='ocrx_word' id='word_1_196' title='bbox 1207 1533 1255 1575; x_wconf 84' lang='lat' dir='ltr'><strong>et</strong></span> <span class='ocrx_word' id='word_1_197' title='bbox 1288 1527 1497 1590; x_wconf 85' lang='lat' dir='ltr'><strong>scripsi:</strong></span> <span class='ocrx_word' id='word_1_198' title='bbox 1543 1541 1635 1576; x_wconf 84' lang='lat' dir='ltr'><strong>nec</strong></span> <span class='ocrx_word' id='word_1_199' title='bbox 1662 1528 1979 1591; x_wconf 79' lang='lat' dir='ltr'><strong>praeripiam</strong></span> <span class='ocrx_word' id='word_1_200' title='bbox 2010 1534 2169 1576; x_wconf 82' lang='lat' dir='ltr'><strong>tamen</strong></span> <span class='ocrx_word' id='word_1_201' title='bbox 2205 1540 2297 1590; x_wconf 88' lang='lat' dir='ltr'><strong>pro</strong></span> 
     </span>
     <span class='ocr_line' id='line_1_21' title="bbox 214 1593 2299 1659; baseline 0.001 -17"><span class='ocrx_word' id='word_1_202' title='bbox 214 1609 310 1643; x_wconf 73' lang='lat' dir='ltr'><strong>nec</strong></span> <span class='ocrx_word' id='word_1_203' title='bbox 341 1595 658 1658; x_wconf 83' lang='lat' dir='ltr'><strong>praecipiam</strong></span> <span class='ocrx_word' id='word_1_204' title='bbox 698 1602 875 1645; x_wconf 79' lang='lat' dir='ltr'><strong>tamen.</strong></span> <span class='ocrx_word' id='word_1_205' title='bbox 950 1594 1150 1645; x_wconf 51' lang='lat' dir='ltr'><strong>Ibidem*</strong></span> <span class='ocrx_word' id='word_1_206' title='bbox 1177 1598 1228 1659; x_wconf 87' lang='grc'><strong>5.</strong></span> <span class='ocrx_word' id='word_1_207' title='bbox 1275 1593 1387 1646; x_wconf 87' lang='grc'><strong>109.</strong></span> <span class='ocrx_word' id='word_1_208' title='bbox 1441 1610 1469 1644; x_wconf 89' lang='lat' dir='ltr'><strong>e</strong></span> <span class='ocrx_word' id='word_1_209' title='bbox 1506 1593 1649 1645; x_wconf 88' lang='lat' dir='ltr'><strong>libris</strong></span> <span class='ocrx_word' id='word_1_210' title='bbox 1694 1603 1744 1645; x_wconf 90' lang='lat' dir='ltr'><strong>et</strong></span> <span class='ocrx_word' id='word_1_211' title='bbox 1780 1596 2075 1659; x_wconf 72' lang='lat' dir='ltr'><strong>praefectus</strong></span> <span class='ocrx_word' id='word_1_212' title='bbox 2119 1596 2299 1647; x_wconf 75' lang='lat' dir='ltr'><strong>classis</strong></span> 
     </span>
     <span class='ocr_line' id='line_1_22' title="bbox 211 1663 2296 1729; baseline 0 -18"><span class='ocrx_word' id='word_1_213' title='bbox 211 1677 310 1728; x_wconf 88' lang='lat' dir='ltr'><strong>pro</strong></span> <span class='ocrx_word' id='word_1_214' title='bbox 342 1663 645 1726; x_wconf 70' lang='lat' dir='ltr'><strong>praefectus</strong></span> <span class='ocrx_word' id='word_1_215' title='bbox 678 1665 832 1714; x_wconf 84' lang='lat' dir='ltr'><strong>classi</strong></span> <span class='ocrx_word' id='word_1_216' title='bbox 861 1665 1060 1714; x_wconf 89' lang='lat' dir='ltr'><strong>restitui</strong></span> <span class='ocrx_word' id='word_1_217' title='bbox 1096 1671 1144 1714; x_wconf 75' lang='lat' dir='ltr'><strong>et</strong></span> <span class='ocrx_word' id='word_1_218' title='bbox 1180 1679 1415 1729; x_wconf 80' lang='lat' dir='ltr'><strong>quemque</strong></span> <span class='ocrx_word' id='word_1_219' title='bbox 1444 1671 1562 1729; x_wconf 80' lang='lat' dir='ltr'><strong>post</strong></span> <span class='ocrx_word' id='word_1_220' title='bbox 1595 1666 1744 1714; x_wconf 82' lang='lat' dir='ltr'><strong>alium</strong></span> <span class='ocrx_word' id='word_1_221' title='bbox 1777 1667 1920 1714; x_wconf 90' lang='lat' dir='ltr'><strong>uncis</strong></span> <span class='ocrx_word' id='word_1_222' title='bbox 1957 1664 2163 1728; x_wconf 88' lang='lat' dir='ltr'><strong>quidem</strong></span> <span class='ocrx_word' id='word_1_223' title='bbox 2197 1664 2296 1714; x_wconf 89' lang='lat' dir='ltr'><strong>cir·</strong></span> 
     </span>
     <span class='ocr_line' id='line_1_23' title="bbox 215 1730 2298 1797; baseline -0 -17"><span class='ocrx_word' id='word_1_224' title='bbox 215 1730 541 1781; x_wconf 86' lang='lat' dir='ltr'><strong>cumclusum</strong></span> <span class='ocrx_word' id='word_1_225' title='bbox 571 1731 796 1784; x_wconf 79' lang='lat' dir='ltr'><strong>toleravi.</strong></span> <span class='ocrx_word' id='word_1_226' title='bbox 871 1731 993 1797; x_wconf 78' lang='lat' dir='ltr'><strong>Cap.</strong></span> <span class='ocrx_word' id='word_1_227' title='bbox 1033 1731 1118 1790; x_wconf 83' lang='lat'><strong>31.</strong></span> <span class='ocrx_word' id='word_1_228' title='bbox 1152 1735 1202 1796; x_wconf 92' lang='grc'><strong>5.</strong></span> <span class='ocrx_word' id='word_1_229' title='bbox 1246 1733 1362 1783; x_wconf 89' lang='grc'><strong>111.</strong></span> <span class='ocrx_word' id='word_1_230' title='bbox 1400 1733 1550 1782; x_wconf 87' lang='lat' dir='ltr'><strong>credo</strong></span> <span class='ocrx_word' id='word_1_231' title='bbox 1588 1741 1706 1783; x_wconf 85' lang='lat' dir='ltr'><strong>ante</strong></span> <span class='ocrx_word' id='word_1_232' title='bbox 1741 1735 2004 1784; x_wconf 79' lang='lat' dir='ltr'><strong>universae</strong></span> <span class='ocrx_word' id='word_1_233' title='bbox 2042 1733 2298 1782; x_wconf 81' lang='lat' dir='ltr'><strong>excidisse</strong></span> 
     </span>
     <span class='ocr_line' id='line_1_24' title="bbox 216 1801 2300 1869; baseline -0 -20"><span class='ocrx_word' id='word_1_234' title='bbox 216 1816 390 1867; x_wconf 81' lang='lat' dir='ltr'><strong>quum,</strong></span> <span class='ocrx_word' id='word_1_235' title='bbox 426 1801 584 1864; x_wconf 88' lang='lat' dir='ltr'><strong>idque</strong></span> <span class='ocrx_word' id='word_1_236' title='bbox 611 1802 739 1852; x_wconf 82' lang='lat' dir='ltr'><strong>adeo</strong></span> <span class='ocrx_word' id='word_1_237' title='bbox 770 1802 918 1851; x_wconf 87' lang='lat' dir='ltr'><strong>uncis</strong></span> <span class='ocrx_word' id='word_1_238' title='bbox 950 1801 1341 1851; x_wconf 86' lang='lat' dir='ltr'><strong>circumclusum</strong></span> <span class='ocrx_word' id='word_1_239' title='bbox 1378 1801 1560 1851; x_wconf 83' lang='lat' dir='ltr'><strong>adieci.</strong></span> <span class='ocrx_word' id='word_1_240' title='bbox 1633 1802 1809 1852; x_wconf 79' lang='lat' dir='ltr'><strong>Paullo</strong></span> <span class='ocrx_word' id='word_1_241' title='bbox 1844 1810 1960 1869; x_wconf 87' lang='lat' dir='ltr'><strong>post</strong></span> <span class='ocrx_word' id='word_1_242' title='bbox 1995 1803 2300 1853; x_wconf 68' lang='lat' dir='ltr'><strong>irrideamur</strong></span> 
     </span>
     <span class='ocr_line' id='line_1_25' title="bbox 217 1869 2296 1939; baseline -0.001 -18"><span class='ocrx_word' id='word_1_243' title='bbox 217 1887 247 1921; x_wconf 88' lang='lat' dir='ltr'><strong>e</strong></span> <span class='ocrx_word' id='word_1_244' title='bbox 282 1870 434 1921; x_wconf 92' lang='lat' dir='ltr'><strong>bonis</strong></span> <span class='ocrx_word' id='word_1_245' title='bbox 449 1870 592 1921; x_wconf 88' lang='lat' dir='ltr'><strong>libris</strong></span> <span class='ocrx_word' id='word_1_246' title='bbox 620 1872 818 1921; x_wconf 88' lang='lat' dir='ltr'><strong>restitui</strong></span> <span class='ocrx_word' id='word_1_247' title='bbox 846 1886 937 1936; x_wconf 89' lang='lat' dir='ltr'><strong>pro</strong></span> <span class='ocrx_word' id='word_1_248' title='bbox 966 1872 1239 1924; x_wconf 58' lang='lat' dir='ltr'><strong>videamur.</strong></span> <span class='ocrx_word' id='word_1_249' title='bbox 1313 1869 1392 1929; x_wconf 85' lang='lat' dir='ltr'><strong>De</strong></span> <span class='ocrx_word' id='word_1_250' title='bbox 1427 1872 1611 1931; x_wconf 84' lang='lat' dir='ltr'><strong>verbis,</strong></span> <span class='ocrx_word' id='word_1_251' title='bbox 1645 1887 1775 1934; x_wconf 86' lang='lat' dir='ltr'><strong>quae</strong></span> <span class='ocrx_word' id='word_1_252' title='bbox 1812 1872 2050 1939; x_wconf 80' lang='lat' dir='ltr'><strong>leguntur</strong></span> <span class='ocrx_word' id='word_1_253' title='bbox 2083 1873 2134 1935; x_wconf 84' lang='grc'><strong>5.</strong></span> <span class='ocrx_word' id='word_1_254' title='bbox 2164 1871 2296 1930; x_wconf 74' lang='grc'><strong>112..</strong></span> 
     </span>
     <span class='ocr_line' id='line_1_26' title="bbox 215 1938 2297 2005; baseline -0 -15"><span class='ocrx_word' id='word_1_255' title='bbox 215 1940 352 1990; x_wconf 78' lang='lat' dir='ltr'><strong>alius</strong></span> <span class='ocrx_word' id='word_1_256' title='bbox 389 1938 589 2003; x_wconf 77' lang='lat' dir='ltr'><strong>debeat,</strong></span> <span class='ocrx_word' id='word_1_257' title='bbox 625 1939 756 1991; x_wconf 84' lang='lat' dir='ltr'><strong>conf.</strong></span> <span class='ocrx_word' id='word_1_258' title='bbox 796 1955 931 1990; x_wconf 85' lang='lat' dir='ltr'><strong>nunc</strong></span> <span class='ocrx_word' id='word_1_259' title='bbox 967 1942 1119 1990; x_wconf 83' lang='lat' dir='ltr'><strong>etiam</strong></span> <span class='ocrx_word' id='word_1_260' title='bbox 1155 1939 1471 2005; x_wconf 80' lang='lat' dir='ltr'><strong>Madvigium</strong></span> <span class='ocrx_word' id='word_1_261' title='bbox 1501 1942 1567 1990; x_wconf 88' lang='lat' dir='ltr'><strong>ad</strong></span> <span class='ocrx_word' id='word_1_262' title='bbox 1604 1940 1861 1990; x_wconf 85' lang='lat' dir='ltr'><strong>Ciceronis</strong></span> <span class='ocrx_word' id='word_1_263' title='bbox 1898 1941 2055 1991; x_wconf 88' lang='lat' dir='ltr'><strong>libros</strong></span> <span class='ocrx_word' id='word_1_264' title='bbox 2091 1942 2154 1989; x_wconf 88' lang='lat' dir='ltr'><strong>de</strong></span> <span class='ocrx_word' id='word_1_265' title='bbox 2182 1942 2297 2001; x_wconf 83' lang='lat' dir='ltr'><strong>fini·</strong></span> 
     </span>
     <span class='ocr_line' id='line_1_27' title="bbox 215 2007 2300 2072; baseline -0.001 -15"><span class='ocrx_word' id='word_1_266' title='bbox 215 2008 365 2058; x_wconf 77' lang='lat' dir='ltr'><strong>nibus</strong></span> <span class='ocrx_word' id='word_1_267' title='bbox 405 2022 459 2071; x_wconf 80' lang='lat' dir='ltr'><strong>p,</strong></span> <span class='ocrx_word' id='word_1_268' title='bbox 497 2007 619 2059; x_wconf 81' lang='lat'><strong>458.</strong></span> <span class='ocrx_word' id='word_1_269' title='bbox 686 2010 887 2059; x_wconf 61' lang='lat' dir='ltr'><strong>¹Ibidem</strong></span> <span class='ocrx_word' id='word_1_270' title='bbox 938 2010 988 2072; x_wconf 96' lang='grc'><strong>5.</strong></span> <span class='ocrx_word' id='word_1_271' title='bbox 1030 2008 1146 2063; x_wconf 83' lang='grc'><strong>113.</strong></span> <span class='ocrx_word' id='word_1_272' title='bbox 1189 2010 1479 2072; x_wconf 76' lang='lat' dir='ltr'><strong>perveniret</strong></span> <span class='ocrx_word' id='word_1_273' title='bbox 1518 2010 1770 2067; x_wconf 83' lang='lat' dir='ltr'><strong>revocavi,</strong></span> <span class='ocrx_word' id='word_1_274' title='bbox 1818 2011 1915 2057; x_wconf 89' lang='lat' dir='ltr'><strong>etsi</strong></span> <span class='ocrx_word' id='word_1_275' title='bbox 1951 2017 2028 2058; x_wconf 87' lang='lat' dir='ltr'><strong>est</strong></span> <span class='ocrx_word' id='word_1_276' title='bbox 2070 2009 2121 2056; x_wconf 88' lang='lat' dir='ltr'><strong>in</strong></span> <span class='ocrx_word' id='word_1_277' title='bbox 2156 2009 2300 2056; x_wconf 84' lang='lat' dir='ltr'><strong>libris</strong></span> 
     </span>
     <span class='ocr_line' id='line_1_28' title="bbox 216 2076 2297 2140; baseline -0.002 -13"><span class='ocrx_word' id='word_1_278' title='bbox 216 2078 376 2127; x_wconf 83' lang='lat' dir='ltr'><strong>bonis</strong></span> <span class='ocrx_word' id='word_1_279' title='bbox 411 2091 471 2126; x_wconf 82' lang='lat' dir='ltr'><strong>ac</strong></span> <span class='ocrx_word' id='word_1_280' title='bbox 501 2077 675 2127; x_wconf 87' lang='lat' dir='ltr'><strong>multis</strong></span> <span class='ocrx_word' id='word_1_281' title='bbox 695 2080 902 2128; x_wconf 79' lang='lat' dir='ltr'><strong>veniret.</strong></span> <span class='ocrx_word' id='word_1_282' title='bbox 973 2077 1140 2128; x_wconf 84' lang='lat' dir='ltr'><strong>Facile</strong></span> <span class='ocrx_word' id='word_1_283' title='bbox 1173 2080 1225 2128; x_wconf 89' lang='lat' dir='ltr'><strong>iu</strong></span> <span class='ocrx_word' id='word_1_284' title='bbox 1259 2078 1341 2127; x_wconf 89' lang='lat' dir='ltr'><strong>his</strong></span> <span class='ocrx_word' id='word_1_285' title='bbox 1366 2076 1722 2139; x_wconf 83' lang='lat' dir='ltr'><strong>compendium</strong></span> <span class='ocrx_word' id='word_1_286' title='bbox 1758 2086 1797 2139; x_wconf 78' lang='lat' dir='ltr'><strong>p</strong></span> <span class='ocrx_word' id='word_1_287' title='bbox 1821 2076 2052 2125; x_wconf 83' lang='lat' dir='ltr'><strong>excidere</strong></span> <span class='ocrx_word' id='word_1_288' title='bbox 2082 2084 2297 2140; x_wconf 87' lang='lat' dir='ltr'><strong>poterat,</strong></span> 
     </span>
     <span class='ocr_line' id='line_1_29' title="bbox 220 2144 2297 2215; baseline -0.001 -20"><span class='ocrx_word' id='word_1_289' title='bbox 220 2152 284 2195; x_wconf 86' lang='lat' dir='ltr'><strong>ut</strong></span> <span class='ocrx_word' id='word_1_290' title='bbox 329 2145 515 2195; x_wconf 84' lang='lat' dir='ltr'><strong>excidit</strong></span> <span class='ocrx_word' id='word_1_291' title='bbox 557 2161 719 2211; x_wconf 84' lang='lat' dir='ltr'><strong>supra</strong></span> <span class='ocrx_word' id='word_1_292' title='bbox 765 2152 879 2211; x_wconf 83' lang='lat' dir='ltr'><strong>cap.</strong></span> <span class='ocrx_word' id='word_1_293' title='bbox 919 2147 1001 2200; x_wconf 80' lang='lat'><strong>15.</strong></span> <span class='ocrx_word' id='word_1_294' title='bbox 1053 2148 1104 2209; x_wconf 88' lang='grc'><strong>5.</strong></span> <span class='ocrx_word' id='word_1_295' title='bbox 1141 2144 1226 2196; x_wconf 92' lang='grc'><strong>81.</strong></span> <span class='ocrx_word' id='word_1_296' title='bbox 1283 2146 1336 2194; x_wconf 89' lang='lat' dir='ltr'><strong>in</strong></span> <span class='ocrx_word' id='word_1_297' title='bbox 1377 2145 1548 2195; x_wconf 85' lang='lat' dir='ltr'><strong>verbis</strong></span> <span class='ocrx_word' id='word_1_298' title='bbox 1585 2146 1638 2194; x_wconf 83' lang='lat' dir='ltr'><strong>in</strong></span> <span class='ocrx_word' id='word_1_299' title='bbox 1685 2146 1902 2215; x_wconf 71' lang='lat' dir='ltr'><strong>pmultas</strong></span> <span class='ocrx_word' id='word_1_300' title='bbox 1941 2152 2122 2207; x_wconf 76' lang='lat' dir='ltr'><strong>potest.</strong></span> <span class='ocrx_word' id='word_1_301' title='bbox 2199 2144 2297 2194; x_wconf 90' lang='lat' dir='ltr'><strong>De-</strong></span> 
     </span>
     <span class='ocr_line' id='line_1_30' title="bbox 219 2212 2299 2280; baseline -0.001 -16"><span class='ocrx_word' id='word_1_302' title='bbox 219 2214 378 2277; x_wconf 88' lang='lat' dir='ltr'><strong>nique</strong></span> <span class='ocrx_word' id='word_1_303' title='bbox 436 2214 487 2276; x_wconf 84' lang='grc'><strong>5.</strong></span> <span class='ocrx_word' id='word_1_304' title='bbox 551 2213 670 2268; x_wconf 85' lang='grc'><strong>114.</strong></span> <span class='ocrx_word' id='word_1_305' title='bbox 741 2231 1005 2280; x_wconf 80' lang='lat' dir='ltr'><strong>sequamur</strong></span> <span class='ocrx_word' id='word_1_306' title='bbox 1074 2214 1257 2279; x_wconf 86' lang='lat' dir='ltr'><strong>scripsi</strong></span> <span class='ocrx_word' id='word_1_307' title='bbox 1318 2228 1382 2263; x_wconf 88' lang='lat' dir='ltr'><strong>ex</strong></span> <span class='ocrx_word' id='word_1_308' title='bbox 1449 2212 1591 2263; x_wconf 90' lang='lat' dir='ltr'><strong>libris</strong></span> <span class='ocrx_word' id='word_1_309' title='bbox 1649 2221 1842 2264; x_wconf 85' lang='lat' dir='ltr'><strong>tantum</strong></span> <span class='ocrx_word' id='word_1_310' title='bbox 1898 2228 2000 2265; x_wconf 91' lang='lat' dir='ltr'><strong>non</strong></span> <span class='ocrx_word' id='word_1_311' title='bbox 2064 2214 2299 2264; x_wconf 87' lang='lat' dir='ltr'><strong>omnibus</strong></span> 
     </span>
     <span class='ocr_line' id='line_1_31' title="bbox 218 2282 2293 2348; baseline -0.001 -14"><span class='ocrx_word' id='word_1_312' title='bbox 218 2297 339 2334; x_wconf 85' lang='lat' dir='ltr'><strong>cum</strong></span> <span class='ocrx_word' id='word_1_313' title='bbox 389 2284 680 2333; x_wconf 85' lang='lat' dir='ltr'><strong>novissimis</strong></span> <span class='ocrx_word' id='word_1_314' title='bbox 727 2285 1007 2336; x_wconf 83' lang='lat' dir='ltr'><strong>editoribus</strong></span> <span class='ocrx_word' id='word_1_315' title='bbox 1044 2298 1136 2348; x_wconf 90' lang='lat' dir='ltr'><strong>pro</strong></span> <span class='ocrx_word' id='word_1_316' title='bbox 1180 2297 1529 2348; x_wconf 70' lang='lat' dir='ltr'><strong>assequamur,</strong></span> <span class='ocrx_word' id='word_1_317' title='bbox 1587 2285 1725 2346; x_wconf 90' lang='lat' dir='ltr'><strong>quod</strong></span> <span class='ocrx_word' id='word_1_318' title='bbox 1766 2282 1979 2334; x_wconf 88' lang='lat' dir='ltr'><strong>Orellius</strong></span> <span class='ocrx_word' id='word_1_319' title='bbox 2017 2291 2293 2348; x_wconf 87' lang='lat' dir='ltr'><strong>receperat.</strong></span> 
     </span>
     <span class='ocr_line' id='line_1_32' title="bbox 219 2348 2304 2417; baseline -0.003 -13"><span class='ocrx_word' id='word_1_320' title='bbox 219 2353 348 2415; x_wconf 75' lang='lat' dir='ltr'><strong>Gap.</strong></span> <span class='ocrx_word' id='word_1_321' title='bbox 371 2348 458 2401; x_wconf 83' lang='lat'><strong>33.</strong></span> <span class='ocrx_word' id='word_1_322' title='bbox 483 2354 532 2415; x_wconf 90' lang='grc'><strong>5.</strong></span> <span class='ocrx_word' id='word_1_323' title='bbox 559 2352 676 2407; x_wconf 89' lang='grc'><strong>119.</strong></span> <span class='ocrx_word' id='word_1_324' title='bbox 713 2354 848 2415; x_wconf 89' lang='lat' dir='ltr'><strong>quod</strong></span> <span class='ocrx_word' id='word_1_325' title='bbox 878 2354 1017 2404; x_wconf 88' lang='lat' dir='ltr'><strong>edidi</strong></span> <span class='ocrx_word' id='word_1_326' title='bbox 1041 2368 1154 2402; x_wconf 88' lang='lat' dir='ltr'><strong>cum</strong></span> <span class='ocrx_word' id='word_1_327' title='bbox 1173 2354 1408 2417; x_wconf 89' lang='lat' dir='ltr'><strong>Zumptio</strong></span> <span class='ocrx_word' id='word_1_328' title='bbox 1427 2359 1475 2402; x_wconf 86' lang='lat' dir='ltr'><strong>et</strong></span> <span class='ocrx_word' id='word_1_329' title='bbox 1497 2351 1699 2417; x_wconf 84' lang='lat' dir='ltr'><strong>Ungcro</strong></span> <span class='ocrx_word' id='word_1_330' title='bbox 1721 2361 1808 2403; x_wconf 78' lang='lat' dir='ltr'><strong>aut</strong></span> <span class='ocrx_word' id='word_1_331' title='bbox 1830 2354 2103 2402; x_wconf 79' lang='lat' dir='ltr'><strong>eaecellente</strong></span> <span class='ocrx_word' id='word_1_332' title='bbox 2115 2351 2304 2416; x_wconf 65' lang='lat' dir='ltr'><strong>ingenii</strong></span> 
     </span>
     <span class='ocr_line' id='line_1_33' title="bbox 216 2420 2281 2487; baseline -0.001 -16"><span class='ocrx_word' id='word_1_333' title='bbox 216 2420 581 2485; x_wconf 66' lang='lat' dir='ltr'><strong>magnitudine,</strong></span> <span class='ocrx_word' id='word_1_334' title='bbox 643 2430 720 2471; x_wconf 85' lang='lat' dir='ltr'><strong>est</strong></span> <span class='ocrx_word' id='word_1_335' title='bbox 761 2436 886 2472; x_wconf 86' lang='lat' dir='ltr'><strong>saue</strong></span> <span class='ocrx_word' id='word_1_336' title='bbox 925 2423 978 2470; x_wconf 87' lang='lat' dir='ltr'><strong>in</strong></span> <span class='ocrx_word' id='word_1_337' title='bbox 1024 2421 1285 2487; x_wconf 87' lang='lat' dir='ltr'><strong>plerisque</strong></span> <span class='ocrx_word' id='word_1_338' title='bbox 1316 2421 1478 2471; x_wconf 89' lang='lat' dir='ltr'><strong>libris.</strong></span> <span class='ocrx_word' id='word_1_339' title='bbox 1552 2421 1769 2471; x_wconf 86' lang='lat' dir='ltr'><strong>Orellius</strong></span> <span class='ocrx_word' id='word_1_340' title='bbox 1818 2422 2089 2485; x_wconf 86' lang='lat' dir='ltr'><strong>scripserat</strong></span> <span class='ocrx_word' id='word_1_341' title='bbox 2132 2421 2281 2469; x_wconf 76' lang='lat' dir='ltr'><strong>excel</strong></span> 
     </span>
     <span class='ocr_line' id='line_1_34' title="bbox 219 2486 2300 2556; baseline -0.002 -16"><span class='ocrx_word' id='word_1_342' title='bbox 219 2492 370 2540; x_wconf 80' lang='lat' dir='ltr'><strong>lentis</strong></span> <span class='ocrx_word' id='word_1_343' title='bbox 380 2524 395 2548; x_wconf 93' lang='lat'><strong>,</strong></span> <span class='ocrx_word' id='word_1_344' title='bbox 438 2490 510 2539; x_wconf 78' lang='lat' dir='ltr'><strong>id</strong></span> <span class='ocrx_word' id='word_1_345' title='bbox 551 2498 721 2555; x_wconf 81' lang='lat' dir='ltr'><strong>potest</strong></span> <span class='ocrx_word' id='word_1_346' title='bbox 763 2506 828 2541; x_wconf 88' lang='lat' dir='ltr'><strong>ex</strong></span> <span class='ocrx_word' id='word_1_347' title='bbox 873 2486 1080 2553; x_wconf 84' lang='lat' dir='ltr'><strong>antiqua</strong></span> <span class='ocrx_word' id='word_1_348' title='bbox 1108 2492 1362 2556; x_wconf 84' lang='lat' dir='ltr'><strong>scriptura</strong></span> <span class='ocrx_word' id='word_1_349' title='bbox 1409 2491 1707 2541; x_wconf 67' lang='lat' dir='ltr'><strong>excellentes·</strong></span> <span class='ocrx_word' id='word_1_350' title='bbox 1749 2498 1913 2539; x_wconf 84' lang='lat' dir='ltr'><strong>ortum</strong></span> <span class='ocrx_word' id='word_1_351' title='bbox 1963 2504 2094 2542; x_wconf 87' lang='lat' dir='ltr'><strong>esse.</strong></span> <span class='ocrx_word' id='word_1_352' title='bbox 2166 2488 2300 2539; x_wconf 88' lang='lat' dir='ltr'><strong>Vide</strong></span> 
     </span>
     <span class='ocr_line' id='line_1_35' title="bbox 218 2556 2300 2623; baseline -0 -17"><span class='ocrx_word' id='word_1_353' title='bbox 218 2573 357 2607; x_wconf 84' lang='lat' dir='ltr'><strong>nunc</strong></span> <span class='ocrx_word' id='word_1_354' title='bbox 403 2558 556 2607; x_wconf 86' lang='lat' dir='ltr'><strong>etiam</strong></span> <span class='ocrx_word' id='word_1_355' title='bbox 587 2558 1014 2623; x_wconf 84' lang='lat' dir='ltr'><strong>Wesenbergium</strong></span> <span class='ocrx_word' id='word_1_356' title='bbox 1059 2561 1110 2608; x_wconf 87' lang='lat' dir='ltr'><strong>in</strong></span> <span class='ocrx_word' id='word_1_357' title='bbox 1142 2558 1410 2609; x_wconf 77' lang='lat' dir='ltr'><strong>Emendat.</strong></span> <span class='ocrx_word' id='word_1_358' title='bbox 1450 2556 1531 2606; x_wconf 88' lang='lat' dir='ltr'><strong>M.</strong></span> <span class='ocrx_word' id='word_1_359' title='bbox 1576 2559 1727 2609; x_wconf 76' lang='lat' dir='ltr'><strong>Tullii</strong></span> <span class='ocrx_word' id='word_1_360' title='bbox 1762 2560 2015 2609; x_wconf 75' lang='lat' dir='ltr'><strong>Ciceronis</strong></span> <span class='ocrx_word' id='word_1_361' title='bbox 2057 2559 2300 2608; x_wconf 84' lang='lat' dir='ltr'><strong>Tuscula-</strong></span> 
     </span>
     <span class='ocr_line' id='line_1_36' title="bbox 216 2625 2302 2692; baseline -0.002 -15"><span class='ocrx_word' id='word_1_362' title='bbox 216 2643 398 2677; x_wconf 83' lang='lat' dir='ltr'><strong>narum</strong></span> <span class='ocrx_word' id='word_1_363' title='bbox 433 2628 832 2689; x_wconf 69' lang='lat' dir='ltr'><strong>Disputationum</strong></span> <span class='ocrx_word' id='word_1_364' title='bbox 863 2630 997 2678; x_wconf 83' lang='lat' dir='ltr'><strong>Part.</strong></span> <span class='ocrx_word' id='word_1_365' title='bbox 1032 2630 1096 2679; x_wconf 89' lang='lat'><strong>11.</strong></span> <span class='ocrx_word' id='word_1_366' title='bbox 1144 2642 1199 2692; x_wconf 92' lang='lat' dir='ltr'><strong>p.</strong></span> <span class='ocrx_word' id='word_1_367' title='bbox 1230 2638 1290 2681; x_wconf 88' lang='lat' dir='ltr'><strong>v.</strong></span> <span class='ocrx_word' id='word_1_368' title='bbox 1360 2625 1538 2677; x_wconf 85' lang='lat' dir='ltr'><strong>Paullo</strong></span> <span class='ocrx_word' id='word_1_369' title='bbox 1584 2634 1701 2690; x_wconf 73' lang='lat' dir='ltr'><strong>post</strong></span> <span class='ocrx_word' id='word_1_370' title='bbox 1748 2628 1812 2676; x_wconf 86' lang='lat' dir='ltr'><strong>de</strong></span> <span class='ocrx_word' id='word_1_371' title='bbox 1856 2641 1969 2676; x_wconf 90' lang='lat' dir='ltr'><strong>mea</strong></span> <span class='ocrx_word' id='word_1_372' title='bbox 2013 2627 2302 2675; x_wconf 87' lang='lat' dir='ltr'><strong>coniectura</strong></span> 
     </span>
     <span class='ocr_line' id='line_1_37' title="bbox 219 2694 2299 2761; baseline -0.002 -15"><span class='ocrx_word' id='word_1_373' title='bbox 219 2698 433 2761; x_wconf 72' lang='lat' dir='ltr'><strong>scripsit</strong></span> <span class='ocrx_word' id='word_1_374' title='bbox 474 2698 622 2746; x_wconf 75' lang='lat' dir='ltr'><strong>mulio</strong></span> <span class='ocrx_word' id='word_1_375' title='bbox 659 2705 738 2748; x_wconf 81' lang='lat' dir='ltr'><strong>ese</strong></span> <span class='ocrx_word' id='word_1_376' title='bbox 773 2698 917 2747; x_wconf 80' lang='lat' dir='ltr'><strong>etiam</strong></span> <span class='ocrx_word' id='word_1_377' title='bbox 948 2712 1075 2746; x_wconf 88' lang='lat' dir='ltr'><strong>cura</strong></span> <span class='ocrx_word' id='word_1_378' title='bbox 1107 2700 1269 2747; x_wconf 85' lang='lat' dir='ltr'><strong>maior</strong></span> <span class='ocrx_word' id='word_1_379' title='bbox 1295 2695 1595 2746; x_wconf 71' lang='lat' dir='ltr'><strong>adhibenda.</strong></span> <span class='ocrx_word' id='word_1_380' title='bbox 1668 2694 1899 2757; x_wconf 89' lang='lat' dir='ltr'><strong>Plerique</strong></span> <span class='ocrx_word' id='word_1_381' title='bbox 1932 2695 2048 2744; x_wconf 86' lang='lat' dir='ltr'><strong>libri</strong></span> <span class='ocrx_word' id='word_1_382' title='bbox 2095 2697 2176 2744; x_wconf 82' lang='lat' dir='ltr'><strong>rei</strong></span> <span class='ocrx_word' id='word_1_383' title='bbox 2205 2708 2299 2758; x_wconf 92' lang='lat' dir='ltr'><strong>pro</strong></span> 
     </span>
     <span class='ocr_line' id='line_1_38' title="bbox 218 2761 2300 2831; baseline -0.002 -15"><span class='ocrx_word' id='word_1_384' title='bbox 218 2768 368 2816; x_wconf 80' lang='lat' dir='ltr'><strong>etiam</strong></span> <span class='ocrx_word' id='word_1_385' title='bbox 399 2764 616 2824; x_wconf 78' lang='lat' dir='ltr'><strong>habeut,</strong></span> <span class='ocrx_word' id='word_1_386' title='bbox 652 2773 708 2816; x_wconf 77' lang='lat' dir='ltr'><strong>ut</strong></span> <span class='ocrx_word' id='word_1_387' title='bbox 743 2766 1098 2831; x_wconf 88' lang='lat' dir='ltr'><strong>compendium</strong></span> <span class='ocrx_word' id='word_1_388' title='bbox 1133 2764 1257 2815; x_wconf 91' lang='lat' dir='ltr'><strong>olim</strong></span> <span class='ocrx_word' id='word_1_389' title='bbox 1293 2764 1377 2814; x_wconf 87' lang='lat' dir='ltr'><strong>hic</strong></span> <span class='ocrx_word' id='word_1_390' title='bbox 1410 2764 1572 2813; x_wconf 76' lang='lat' dir='ltr'><strong>fuisse</strong></span> <span class='ocrx_word' id='word_1_391' title='bbox 1613 2763 1864 2815; x_wconf 87' lang='lat' dir='ltr'><strong>videatur.</strong></span> <span class='ocrx_word' id='word_1_392' title='bbox 1938 2761 2154 2813; x_wconf 88' lang='lat' dir='ltr'><strong>Orellius</strong></span> <span class='ocrx_word' id='word_1_393' title='bbox 2193 2762 2300 2812; x_wconf 89' lang='lat' dir='ltr'><strong>edi·</strong></span> 
     </span>
     <span class='ocr_line' id='line_1_39' title="bbox 220 2832 2301 2898; baseline -0.001 -15"><span class='ocrx_word' id='word_1_394' title='bbox 220 2834 388 2884; x_wconf 84' lang='lat' dir='ltr'><strong>derat:</strong></span> <span class='ocrx_word' id='word_1_395' title='bbox 439 2835 588 2884; x_wconf 79' lang='lat' dir='ltr'><strong>multo</strong></span> <span class='ocrx_word' id='word_1_396' title='bbox 623 2841 702 2885; x_wconf 78' lang='lat' dir='ltr'><strong>est</strong></span> <span class='ocrx_word' id='word_1_397' title='bbox 730 2837 780 2885; x_wconf 84' lang='lat' dir='ltr'><strong>ei</strong></span> <span class='ocrx_word' id='word_1_398' title='bbox 820 2837 903 2886; x_wconf 85' lang='lat' dir='ltr'><strong>rei</strong></span> <span class='ocrx_word' id='word_1_399' title='bbox 931 2849 1058 2885; x_wconf 83' lang='lat' dir='ltr'><strong>cura</strong></span> <span class='ocrx_word' id='word_1_400' title='bbox 1100 2836 1263 2884; x_wconf 85' lang='lat' dir='ltr'><strong>maior</strong></span> <span class='ocrx_word' id='word_1_401' title='bbox 1304 2832 1607 2883; x_wconf 79' lang='lat' dir='ltr'><strong>adhibenda.</strong></span> <span class='ocrx_word' id='word_1_402' title='bbox 1679 2832 1943 2897; x_wconf 83' lang='lat' dir='ltr'><strong>Zumptius</strong></span> <span class='ocrx_word' id='word_1_403' title='bbox 1987 2841 2036 2883; x_wconf 75' lang='lat' dir='ltr'><strong>et</strong></span> <span class='ocrx_word' id='word_1_404' title='bbox 2069 2832 2301 2898; x_wconf 81' lang='lat' dir='ltr'><strong>Ungerus</strong></span> 
     </span>
     <span class='ocr_line' id='line_1_40' title="bbox 218 2901 2301 2967; baseline -0.001 -13"><span class='ocrx_word' id='word_1_405' title='bbox 218 2905 269 2954; x_wconf 84' lang='lat' dir='ltr'><strong>ei</strong></span> <span class='ocrx_word' id='word_1_406' title='bbox 298 2905 379 2953; x_wconf 82' lang='lat' dir='ltr'><strong>rei</strong></span> <span class='ocrx_word' id='word_1_407' title='bbox 405 2902 561 2967; x_wconf 85' lang='lat' dir='ltr'><strong>plane</strong></span> <span class='ocrx_word' id='word_1_408' title='bbox 595 2904 891 2954; x_wconf 84' lang='lat' dir='ltr'><strong>omiserunt.</strong></span> <span class='ocrx_word' id='word_1_409' title='bbox 963 2905 1013 2967; x_wconf 88' lang='grc'><strong>5.</strong></span> <span class='ocrx_word' id='word_1_410' title='bbox 1058 2903 1173 2955; x_wconf 91' lang='grc'><strong>120.</strong></span> <span class='ocrx_word' id='word_1_411' title='bbox 1223 2910 1358 2953; x_wconf 88' lang='lat' dir='ltr'><strong>recte</strong></span> <span class='ocrx_word' id='word_1_412' title='bbox 1380 2904 1494 2955; x_wconf 80' lang='lat' dir='ltr'><strong>jam</strong></span> <span class='ocrx_word' id='word_1_413' title='bbox 1544 2901 1671 2952; x_wconf 88' lang='lat' dir='ltr'><strong>vidit</strong></span> <span class='ocrx_word' id='word_1_414' title='bbox 1699 2901 1930 2967; x_wconf 86' lang='lat' dir='ltr'><strong>Ungerus</strong></span> <span class='ocrx_word' id='word_1_415' title='bbox 1976 2904 2168 2954; x_wconf 82' lang='lat' dir='ltr'><strong>diluere</strong></span> <span class='ocrx_word' id='word_1_416' title='bbox 2211 2915 2301 2965; x_wconf 91' lang='lat' dir='ltr'><strong>po·</strong></span> 
     </span>
     <span class='ocr_line' id='line_1_41' title="bbox 216 2971 2302 3038; baseline -0.002 -17"><span class='ocrx_word' id='word_1_417' title='bbox 216 2973 321 3022; x_wconf 77' lang='lat' dir='ltr'><strong>tius</strong></span> <span class='ocrx_word' id='word_1_418' title='bbox 351 2986 467 3021; x_wconf 88' lang='lat' dir='ltr'><strong>cum</strong></span> <span class='ocrx_word' id='word_1_419' title='bbox 514 2973 722 3037; x_wconf 88' lang='lat' dir='ltr'><strong>optimis</strong></span> <span class='ocrx_word' id='word_1_420' title='bbox 768 2988 829 3022; x_wconf 85' lang='lat' dir='ltr'><strong>ac</strong></span> <span class='ocrx_word' id='word_1_421' title='bbox 865 2972 1104 3038; x_wconf 86' lang='lat' dir='ltr'><strong>plurimis</strong></span> <span class='ocrx_word' id='word_1_422' title='bbox 1149 2971 1296 3022; x_wconf 86' lang='lat' dir='ltr'><strong>libris</strong></span> <span class='ocrx_word' id='word_1_423' title='bbox 1335 2971 1653 3021; x_wconf 88' lang='lat' dir='ltr'><strong>scribendum</strong></span> <span class='ocrx_word' id='word_1_424' title='bbox 1693 2986 1807 3022; x_wconf 90' lang='lat' dir='ltr'><strong>esse</strong></span> <span class='ocrx_word' id='word_1_425' title='bbox 1858 2986 2007 3035; x_wconf 86' lang='lat' dir='ltr'><strong>quam</strong></span> <span class='ocrx_word' id='word_1_426' title='bbox 2056 2972 2302 3025; x_wconf 76' lang='lat' dir='ltr'><strong>dissuere,</strong></span> 
     </span>
     <span class='ocr_line' id='line_1_42' title="bbox 218 3038 2304 3108; baseline -0.002 -18"><span class='ocrx_word' id='word_1_427' title='bbox 218 3040 362 3105; x_wconf 85' lang='lat' dir='ltr'><strong>quod</strong></span> <span class='ocrx_word' id='word_1_428' title='bbox 415 3040 631 3091; x_wconf 88' lang='lat' dir='ltr'><strong>Orellius</strong></span> <span class='ocrx_word' id='word_1_429' title='bbox 695 3049 745 3091; x_wconf 89' lang='lat' dir='ltr'><strong>et</strong></span> <span class='ocrx_word' id='word_1_430' title='bbox 796 3041 1063 3108; x_wconf 86' lang='lat' dir='ltr'><strong>Zumptius</strong></span> <span class='ocrx_word' id='word_1_431' title='bbox 1126 3047 1541 3107; x_wconf 85' lang='lat' dir='ltr'><strong>anteposuerunt.</strong></span> <span class='ocrx_word' id='word_1_432' title='bbox 1627 3038 1722 3091; x_wconf 89' lang='lat' dir='ltr'><strong>Ille</strong></span> <span class='ocrx_word' id='word_1_433' title='bbox 1776 3040 1919 3091; x_wconf 88' lang='lat' dir='ltr'><strong>locus</strong></span> <span class='ocrx_word' id='word_1_434' title='bbox 1971 3041 2034 3090; x_wconf 89' lang='lat' dir='ltr'><strong>de</strong></span> <span class='ocrx_word' id='word_1_435' title='bbox 2085 3038 2304 3089; x_wconf 78' lang='lat' dir='ltr'><strong>amicitia</strong></span> 
     </span>
     <span class='ocr_line' id='line_1_43' title="bbox 221 3109 2306 3174; baseline -0.003 -14"><span class='ocrx_word' id='word_1_436' title='bbox 221 3123 336 3174; x_wconf 78' lang='lat' dir='ltr'><strong>cap.</strong></span> <span class='ocrx_word' id='word_1_437' title='bbox 374 3109 462 3163; x_wconf 87' lang='grc'><strong>21.</strong></span> <span class='ocrx_word' id='word_1_438' title='bbox 501 3111 554 3172; x_wconf 86' lang='grc'><strong>5.</strong></span> <span class='ocrx_word' id='word_1_439' title='bbox 590 3110 675 3162; x_wconf 88' lang='grc'><strong>76.</strong></span> <span class='ocrx_word' id='word_1_440' title='bbox 712 3117 905 3160; x_wconf 79' lang='lat' dir='ltr'><strong>tantum</strong></span> <span class='ocrx_word' id='word_1_441' title='bbox 940 3111 1111 3171; x_wconf 89' lang='lat' dir='ltr'><strong>abest,</strong></span> <span class='ocrx_word' id='word_1_442' title='bbox 1141 3117 1199 3160; x_wconf 90' lang='lat' dir='ltr'><strong>ut</strong></span> <span class='ocrx_word' id='word_1_443' title='bbox 1230 3110 1370 3160; x_wconf 85' lang='lat' dir='ltr'><strong>illam·</strong></span> <span class='ocrx_word' id='word_1_444' title='bbox 1396 3111 1697 3174; x_wconf 87' lang='lat' dir='ltr'><strong>scripturam</strong></span> <span class='ocrx_word' id='word_1_445' title='bbox 1723 3109 2014 3171; x_wconf 81' lang='lat' dir='ltr'><strong>confirmet,</strong></span> <span class='ocrx_word' id='word_1_446' title='bbox 2051 3115 2108 3155; x_wconf 83' lang='lat' dir='ltr'><strong>ut</strong></span> <span class='ocrx_word' id='word_1_447' title='bbox 2130 3109 2306 3169; x_wconf 84' lang='lat' dir='ltr'><strong>aperte</strong></span> 
     </span>
     <span class='ocr_line' id='line_1_44' title="bbox 218 3175 2304 3240; baseline -0.004 -12"><span class='ocrx_word' id='word_1_448' title='bbox 218 3177 353 3228; x_wconf 84' lang='lat' dir='ltr'><strong>hanc</strong></span> <span class='ocrx_word' id='word_1_449' title='bbox 378 3186 603 3229; x_wconf 87' lang='lat' dir='ltr'><strong>nostram</strong></span> <span class='ocrx_word' id='word_1_450' title='bbox 621 3186 839 3231; x_wconf 84' lang='lat' dir='ltr'><strong>tueatur.</strong></span> <span class='ocrx_word' id='word_1_451' title='bbox 880 3180 1100 3229; x_wconf 81' lang='lat' dir='ltr'><strong>Excusat</strong></span> <span class='ocrx_word' id='word_1_452' title='bbox 1115 3179 1252 3229; x_wconf 90' lang='lat' dir='ltr'><strong>enim</strong></span> <span class='ocrx_word' id='word_1_453' title='bbox 1275 3178 1449 3230; x_wconf 86' lang='lat' dir='ltr'><strong>Cicero</strong></span> <span class='ocrx_word' id='word_1_454' title='bbox 1470 3179 1522 3227; x_wconf 91' lang='lat' dir='ltr'><strong>in</strong></span> <span class='ocrx_word' id='word_1_455' title='bbox 1540 3179 1625 3239; x_wconf 83' lang='lat' dir='ltr'><strong>illo</strong></span> <span class='ocrx_word' id='word_1_456' title='bbox 1651 3179 1763 3229; x_wconf 87' lang='lat' dir='ltr'><strong>loco</strong></span> <span class='ocrx_word' id='word_1_457' title='bbox 1783 3179 1881 3229; x_wconf 87' lang='lat' dir='ltr'><strong>hoc</strong></span> <span class='ocrx_word' id='word_1_458' title='bbox 1905 3178 2074 3240; x_wconf 83' lang='lat' dir='ltr'><strong>ipsum</strong></span> <span class='ocrx_word' id='word_1_459' title='bbox 2092 3175 2304 3223; x_wconf 85' lang='lat' dir='ltr'><strong>verbum</strong></span> 
     </span>
     <span class='ocr_line' id='line_1_45' title="bbox 220 3246 2302 3313; baseline -0.004 -17"><span class='ocrx_word' id='word_1_460' title='bbox 220 3247 454 3299; x_wconf 79' lang='lat' dir='ltr'><strong>dissuere</strong></span> <span class='ocrx_word' id='word_1_461' title='bbox 469 3249 767 3299; x_wconf 82' lang='lat' dir='ltr'><strong>auctoritate</strong></span> <span class='ocrx_word' id='word_1_462' title='bbox 790 3248 1014 3300; x_wconf 83' lang='lat' dir='ltr'><strong>Catonis.</strong></span> <span class='ocrx_word' id='word_1_463' title='bbox 1060 3249 1178 3313; x_wconf 90' lang='lat' dir='ltr'><strong>Ipse</strong></span> <span class='ocrx_word' id='word_1_464' title='bbox 1195 3246 1295 3299; x_wconf 87' lang='lat' dir='ltr'><strong>hoc</strong></span> <span class='ocrx_word' id='word_1_465' title='bbox 1313 3249 1524 3299; x_wconf 86' lang='lat' dir='ltr'><strong>verbum</strong></span> <span class='ocrx_word' id='word_1_466' title='bbox 1540 3248 1652 3297; x_wconf 89' lang='lat' dir='ltr'><strong>sine</strong></span> <span class='ocrx_word' id='word_1_467' title='bbox 1664 3249 1815 3298; x_wconf 85' lang='lat' dir='ltr'><strong>venia</strong></span> <span class='ocrx_word' id='word_1_468' title='bbox 1833 3246 1918 3295; x_wconf 86' lang='lat' dir='ltr'><strong>vix</strong></span> <span class='ocrx_word' id='word_1_469' title='bbox 1939 3250 2134 3307; x_wconf 82' lang='lat' dir='ltr'><strong>poterat</strong></span> <span class='ocrx_word' id='word_1_470' title='bbox 2154 3255 2302 3291; x_wconf 87' lang='lat' dir='ltr'><strong>usur-</strong></span> 
     </span>
     <span class='ocr_line' id='line_1_46' title="bbox 221 3310 2302 3381; baseline -0.006 -15"><span class='ocrx_word' id='word_1_471' title='bbox 221 3330 363 3380; x_wconf 78' lang='lat' dir='ltr'><strong>pare.</strong></span> <span class='ocrx_word' id='word_1_472' title='bbox 438 3316 669 3380; x_wconf 88' lang='lat' dir='ltr'><strong>Denique</strong></span> <span class='ocrx_word' id='word_1_473' title='bbox 705 3318 755 3380; x_wconf 87' lang='grc'><strong>5.</strong></span> <span class='ocrx_word' id='word_1_474' title='bbox 793 3317 913 3369; x_wconf 91' lang='grc'><strong>121.</strong></span> <span class='ocrx_word' id='word_1_475' title='bbox 963 3324 1014 3368; x_wconf 79' lang='lat' dir='ltr'><strong>et</strong></span> <span class='ocrx_word' id='word_1_476' title='bbox 1047 3320 1213 3369; x_wconf 80' lang='lat' dir='ltr'><strong>vitium</strong></span> <span class='ocrx_word' id='word_1_477' title='bbox 1252 3332 1317 3367; x_wconf 86' lang='lat' dir='ltr'><strong>ex</strong></span> <span class='ocrx_word' id='word_1_478' title='bbox 1365 3317 1668 3381; x_wconf 82' lang='lat' dir='ltr'><strong>optimorum</strong></span> <span class='ocrx_word' id='word_1_479' title='bbox 1717 3314 1959 3362; x_wconf 87' lang='lat' dir='ltr'><strong>librorum</strong></span> <span class='ocrx_word' id='word_1_480' title='bbox 2006 3310 2302 3359; x_wconf 85' lang='lat' dir='ltr'><strong>auctoritate</strong></span> 
     </span>
     <span class='ocr_line' id='line_1_47' title="bbox 221 3376 2303 3451; baseline -0.001 -16"><span class='ocrx_word' id='word_1_481' title='bbox 221 3385 421 3436; x_wconf 82' lang='lat' dir='ltr'><strong>restitui</strong></span> <span class='ocrx_word' id='word_1_482' title='bbox 453 3401 546 3451; x_wconf 89' lang='lat' dir='ltr'><strong>pro</strong></span> <span class='ocrx_word' id='word_1_483' title='bbox 577 3393 630 3437; x_wconf 82' lang='lat' dir='ltr'><strong>et</strong></span> <span class='ocrx_word' id='word_1_484' title='bbox 657 3388 866 3451; x_wconf 79' lang='lat' dir='ltr'><strong>impium.</strong></span> <span class='ocrx_word' id='word_1_485' title='bbox 941 3387 1066 3450; x_wconf 83' lang='lat' dir='ltr'><strong>Cap.</strong></span> <span class='ocrx_word' id='word_1_486' title='bbox 1098 3383 1184 3437; x_wconf 83' lang='lat'><strong>34.</strong></span> <span class='ocrx_word' id='word_1_487' title='bbox 1225 3387 1277 3446; x_wconf 88' lang='grc'><strong>5.</strong></span> <span class='ocrx_word' id='word_1_488' title='bbox 1324 3382 1439 3435; x_wconf 84' lang='grc'><strong>123.</strong></span> <span class='ocrx_word' id='word_1_489' title='bbox 1484 3383 1695 3445; x_wconf 87' lang='lat' dir='ltr'><strong>scripsi:</strong></span> <span class='ocrx_word' id='word_1_490' title='bbox 1750 3382 1826 3428; x_wconf 79' lang='lat' dir='ltr'><strong>sin</strong></span> <span class='ocrx_word' id='word_1_491' title='bbox 1861 3402 1929 3413; x_wconf 92' lang='lat'>-</span> <span class='ocrx_word' id='word_1_492' title='bbox 1966 3376 2178 3424; x_wconf 79' lang='lat' dir='ltr'><strong>accessit</strong></span> <span class='ocrx_word' id='word_1_493' title='bbox 2210 3384 2303 3432; x_wconf 65' lang='grc' dir='ltr'><strong>ΡΠ)</strong></span> 
     </span>
    </p>
   </div>
  </div>
 </body>
</html>
