2381 3723
93 120 174 182 86
901 116 1002 176 DE
1033 115 1177 175 OFF
1179 115 1354 176 Icus

94 273 295 347 luptas
314 316 329 343 ‚
367 286 551 346 quam
581 267 721 342 vita,
760 284 944 344 quam
973 266 1243 328 divitiae:
1308 283 1466 342 quae
1497 265 1743 342 quidem
1769 272 2167 329 contemnere

93 362 155 416 et
198 370 308 431 pro
354 353 539 415 nihilo
582 353 809 413 ducere
859 361 1318 428 comparantem
1367 367 1505 412 cum
1553 350 1806 411 utilitate
1860 350 2169 412 communi

94 438 297 516 magni
338 437 521 498 animi
554 443 615 497 et
656 435 886 497 excelsi
929 444 1045 497 est.
1117 436 1450 496 Detrahere
1495 442 1694 495 autem
1727 436 1805 495 de
1843 436 2036 496 altero
2073 435 2168 497 sui

95 521 401 583 commodi
433 538 620 582 causa
642 519 836 596 magis
860 527 957 581 est
989 527 1205 580 contra
1234 524 1509 579 naturam
1543 534 1724 594 quam
1751 534 1948 592 mors,
1984 537 2167 595 quam

93 608 303 678 dolor,
352 621 535 680 quam
567 611 811 665 caetera
849 603 1093 679 generis
1127 604 1425 664 eiusdem.
1513 601 1612 662 25.
1657 605 1931 678 itemque
1971 603 2168 680 magis

93 698 190 751 est
218 690 557 749 secundum
590 695 867 748 naturam
901 704 1013 764 pro
1047 686 1330 748 omnibus
1352 686 1664 762 gentibus,
1698 687 1751 747 si
1785 686 1916 747 fieri
1948 687 2169 763 possit,

95 771 540 835 conservandis
589 779 694 832 aut
743 771 1023 832 iuvandis
1075 770 1375 832 maximos
1431 771 1676 831 labores
1723 771 2171 847 molestiasque

94 856 415 932 suscipere
445 855 778 917 imitantem
812 857 1134 916 Herculem
1173 855 1367 927 illum,
1421 869 1603 930 quem
1649 854 1959 916 hominum
2008 857 2170 916 sarna

93 940 535 1002 beneficiorum
561 957 798 1001 memor
826 940 885 1000 In
921 937 1178 1001 concilio
1205 938 1559 1000 caelestium
1595 937 1949 1013 collocavit,
1983 956 2168 1015 quam

75 1019 304 1086 'vivere
360 1024 418 1084 in
483 1023 815 1087 solitudine
866 1038 989 1084 non
1044 1024 1230 1084 modo
1283 1022 1416 1084 sine
1466 1021 1606 1085 ullis
1663 1023 1991 1099 molestiiS,
2053 1025 2167 1085 sed

95 1108 274 1170 etiam
306 1109 363 1169 in
404 1109 684 1171 maximis
720 1107 1137 1184 voluptatibus
1180 1107 1589 1168 abundantem
1620 1106 1903 1168 omnibus
1948 1106 2164 1184 copiis,

94 1201 162 1254 ut
193 1196 458 1255 excellas
496 1195 676 1254 etiam
707 1190 1113 1269 pulcritudine
1157 1200 1219 1252 et
1262 1190 1512 1253 viribus.
1589 1191 1888 1266 Quocirca
1932 1192 2164 1269 optimo

97 1278 360 1354 quisque
406 1285 469 1339 et
510 1276 1010 1354 splendidissimo
1066 1275 1310 1353 ingenio
1365 1278 1550 1352 longe
1598 1275 1757 1335 illam
1799 1275 1980 1337 vitam
2026 1275 2166 1336 huic

96 1361 432 1438 anteponit.
506 1363 600 1422 Ex
643 1378 766 1436 quo
812 1361 1073 1422 efficitur
1108 1359 1415 1422 hominem
1450 1367 1701 1420 naturae
1736 1359 2166 1422 oboedientem

93 1445 322 1506 homini
357 1460 585 1506 nocere
616 1462 740 1505 non
789 1461 998 1521 posse.
1089 1443 1189 1504 26.
1237 1443 1471 1504 Deinde
1514 1443 1618 1519 qui
1659 1445 1912 1505 alterum
1956 1443 2165 1517 violat,

96 1538 162 1589 ut
178 1528 325 1604 ipse
348 1527 575 1604 aliquid
614 1528 920 1588 commodi
961 1534 1408 1624 consequatur,
1451 1535 1555 1589 aut
1580 1527 1726 1589 nihil
1757 1526 2067 1590 existimat
2098 1545 2169 1589 se

96 1614 301 1672 facere
333 1618 549 1673 contra
583 1618 861 1672 naturam
891 1618 997 1672 aut
1026 1610 1222 1687 magis
1258 1611 1603 1688 fugiendam
1646 1619 1859 1673 censet
1887 1620 2165 1685 mortem,

94 1702 551 1773 paupertatem,
602 1695 911 1766 dolorem,
958 1693 1355 1757 amissionem
1392 1696 1571 1757 etiam
1620 1695 1983 1770 liberorum,
2029 1713 2166 1773 pro·

97 1777 497 1855 pinquorum,
545 1779 909 1853 amicorum,
961 1795 1144 1855 quam
1181 1782 1385 1840 facere
1423 1780 1704 1856 cuiquam
1735 1779 2030 1842 iniuriam.
2103 1777 2166 1840 Si

97 1864 241 1924 nihil
296 1863 603 1927 existimat
658 1872 873 1925 contra
922 1874 1199 1926 naturam
1257 1864 1392 1925 fieri
1441 1865 1784 1927 hominibus
1847 1864 2167 1936 violandiS‚

99 1947 242 2024 quid
298 1966 437 2011 cum
489 1966 563 2011 eo
607 1949 912 2021 disseras,
975 1949 1079 2024 qui
1129 1948 1378 2010 omnino
1432 1948 1738 2011 hominem
1793 1964 1871 2010 ex
1921 1949 2168 2010 homine

99 2036 307 2095 tollat?
382 2034 486 2095 Sin
521 2034 876 2110 fugiendum
906 2034 968 2093 id
1000 2033 1247 2109 quidem
1279 2040 1520 2106 censet,
1567 2034 1680 2094 sed
1710 2034 1900 2094 multo
1934 2033 2038 2093 illa
2068 2049 2169 2109 pe·

95 2113 257 2188 iorn,
313 2125 601 2190 mortem,
650 2126 1103 2194 paupertatem,
1158 2120 1467 2191 dolorem,
1520 2124 1684 2178 errat
1728 2116 1788 2177 in
1836 2134 1943 2191 eo,
2001 2117 2167 2193 quod

97 2200 284 2260 ullum
326 2209 431 2262 aut
473 2200 753 2276 corporis
789 2208 894 2262 aut
940 2203 1224 2264 fortunae
1257 2200 1462 2262 vitium
1505 2199 1664 2262 vitiis
1705 2201 1887 2261 animi
1919 2200 2169 2277 gravius

98 2282 421 2345 existimat.
510 2285 613 2343 VI.
655 2286 819 2360 Ergo
849 2301 1037 2345 unum
1069 2287 1254 2347 debet
1283 2302 1425 2346 esse
1456 2284 1736 2346 omnibus
1760 2284 2170 2362 propositum,

96 2374 163 2426 ut
192 2368 407 2427 eadem
439 2367 518 2428 sit
545 2367 769 2428 utilitas
815 2368 995 2430 unius
1041 2369 1340 2443 cuiusque
1379 2375 1440 2429 et
1471 2368 1930 2444 universorum,
1985 2386 2170 2446 quam

97 2450 150 2510 si
199 2451 277 2509 ad
327 2467 395 2511 se
440 2450 703 2528 quisque
748 2451 974 2527 rapiet,
1036 2453 1414 2514 dissolvetur
1458 2453 1656 2515 omnis
1709 2454 1976 2514 humana
2026 2470 2173 2515 con-

98 2533 311 2595 sortio.
401 2534 501 2596 27.
556 2538 762 2611 Atque
816 2535 1025 2609 etiam,
1091 2537 1144 2598 si
1197 2537 1314 2597 hoc
1378 2544 1594 2598 natura
1651 2535 2042 2615 praescribit,
2105 2544 2173 2598 ut

97 2617 282 2680 homo
313 2618 571 2694 homini,
617 2618 987 2697 quicumque
1015 2619 1121 2693 sit,
1172 2622 1252 2682 ob
1285 2635 1420 2682 eam
1449 2621 1648 2695 ipsam
1681 2636 1959 2694 causam,
2001 2621 2174 2697 quod

96 2700 150 2762 is
180 2704 365 2765 homo
408 2704 511 2779 sit,
568 2707 915 2766 consultum
958 2704 1131 2777 velit,
1185 2720 1448 2767 necesse
1489 2712 1588 2767 est
1628 2704 1971 2767 secundum
2008 2720 2173 2766 eam-

98 2786 237 2847 dem
269 2795 547 2849 naturam
585 2789 853 2850 omnium
884 2786 1201 2849 utilitatem
1242 2803 1385 2849 esse
1415 2805 1818 2849 communem.
1893 2789 2072 2864 Quod
2120 2787 2172 2849 si

97 2868 178 2929 ita
204 2877 326 2944 est,
358 2889 482 2932 una
508 2874 889 2934 continemur
920 2889 1135 2934 omnes
1165 2880 1227 2933 et
1256 2874 1471 2933 eadem
1501 2874 1639 2950 lege
1670 2882 1952 2946 naturae,
1983 2870 2173 2948 idque

96 2954 298 3030 ipsum
332 2953 388 3015 si
417 2955 501 3016 ita
535 2964 658 3031 est,
713 2964 877 3018 certe
920 2956 1152 3018 violare
1186 2958 1440 3017 alterum
1486 2964 1740 3018 naturae
1785 2957 1922 3031 lege
1967 2954 2174 3033 prohi-

96 3038 329 3100 bemur.
415 3041 648 3102 Verum
699 3050 900 3102 autem
957 3037 1253 3116 primum·
1317 3056 1532 3102 verum
1581 3040 1762 3117 igitur
1808 3047 2172 3103 extremum.

97 3120 196 3182 28.
238 3125 386 3184 Nam
427 3124 573 3184 illud
617 3124 860 3200 quidem
908 3125 1244 3186 absurdum
1281 3133 1405 3197 est,
1453 3126 1622 3220 quod
1655 3115 1904 3200 quidam
1945 3123 2172 3197 dicunt,

36 3237 39 3248 ·
99 3205 334 3280 parenti
372 3224 443 3267 se
486 3215 591 3268 aut
632 3207 801 3269 fratri
850 3206 995 3267 nihil
1044 3209 1432 3269 detracturos
1479 3207 1576 3269 sui
1614 3209 1922 3271 commodi
1965 3225 2174 3281 causa,

98 3286 274 3345 aliam
305 3289 604 3350 rationem
636 3306 779 3351 esse
820 3289 1041 3351 civium
1071 3292 1468 3367 reliquorum.
1542 3292 1615 3353 Hi
1659 3292 1776 3354 sibi
1819 3290 1962 3353 nihil
2003 3291 2175 3365 iuriS‚

100 3370 323 3429 nullam
375 3372 734 3434 societatem
779 3374 1118 3434 communis
1165 3374 1432 3434 utilitatis
1477 3392 1669 3439 causa
1711 3382 1987 3437 statuunt
2031 3392 2178 3436 esse
