2381 3723
181 131 262 195 76
986 132 1088 192 DE
1119 130 1218 192 OF
1221 131 1267 191 F
1269 132 1441 192 leus

182 283 276 345 nis
305 290 644 353 teneretur,
677 283 990 358 profectus
1016 280 1202 356 Argis
1226 281 1558 361 Sicyonem
1590 279 1969 342 clandestino
2002 279 2255 343 introitu

183 368 334 429 urbe
376 373 470 426 est
513 364 777 442 potituS,
830 380 1143 441 quumque
1188 371 1512 442 tyrannum
1556 365 1865 426 Nicoclem
1909 361 2257 441 improviso

183 447 630 526 oppressisset,
672 454 1014 509 sescentos·
1042 450 1322 521 exsules,
1374 446 1477 522 qui
1513 445 1975 524 locupletissimi
2012 448 2261 508 ruerant

183 532 316 595 eius
348 529 636 603 civitatiS,
672 529 935 591 restituit
969 547 1224 606 remque
1254 531 1559 607 publicam
1587 532 1859 592 adventu
1888 547 2004 591 suo
2036 531 2264 592 libera·

184 616 320 676 vit.·
361 614 515 687 Sed,
569 630 756 689 quum
796 629 1075 688 magnam
1125 613 1638 675 animadverteret
1678 613 1740 674 in
1784 611 1966 676 bonis
2009 620 2071 674 et
2112 631 2258 690 pos·

188 695 571 760 sessionibus
600 696 1019 757 difficultatem
1036 743 1052 770 ,
1080 698 1250 773 quod
1272 705 1333 758 et
1355 714 1497 771 eos,
1538 714 1698 774 quos
1719 697 1855 774 ipse
1880 696 2256 772 restituerat,

184 797 446 857 quorum
466 779 631 841 bona
651 779 751 840 alii
771 781 1212 857 possederant,
1243 797 1427 856 egere
1449 780 1896 857 iniquissimum
1920 797 2066 842 esse
2096 781 2262 841 arbi·

67 860 83 877 '
183 865 456 925 trabatur
482 869 546 924 et
583 861 1021 939 quinquaginta
1061 879 1361 926 annorum
1392 864 1832 941 possessiones
1858 862 2095 925 moveri
2127 881 2259 925 non

185 946 362 1009 nimis
404 963 670 1023 aequum
721 947 1002 1023 putabat,
1054 954 1385 1024 propterea
1436 948 1605 1023 quod
1639 955 1762 1008 tam
1813 949 2000 1023 longo
2047 946 2259 1024 spatio

187 1033 373 1091 multa
401 1029 871 1103 hereditatibuS,
902 1031 1089 1091 multa
1116 1030 1556 1106 emptionibus,
1593 1033 1781 1091 multa
1802 1029 2053 1092 dotibus
2086 1038 2253 1092 tene-

185 1116 404 1175 bantur
431 1112 565 1175 sine
592 1113 836 1188 iniuria,
889 1113 1179 1174 iudicavit
1225 1130 1429 1191 neque
1457 1114 1572 1175 illis
1603 1114 1787 1176 adimi
1829 1131 1944 1175 nec
1986 1112 2082 1175 his
2126 1132 2257 1175 non

186 1198 334 1260 satis
365 1196 529 1271 fieri,
572 1215 834 1274 quorum
874 1196 974 1257 illa
1004 1198 1275 1271 fuerant,
1301 1205 1611 1274 oportere.
1698 1197 1800 1259 82.
1847 1199 2045 1274 Quum
2071 1196 2257 1272 igitur

186 1281 504 1345 statuisset
548 1297 707 1357 opus
758 1298 903 1343 esse
941 1282 1021 1341 ad
1063 1297 1199 1342 eam
1244 1297 1372 1342 rem
1428 1279 1924 1343 constituendam
1969 1281 2254 1358 pecunia,

185 1364 615 1427 Alexandriam
666 1381 738 1425 se
789 1364 1097 1441 proficisci
1150 1366 1311 1425 velle
1369 1363 1520 1425 dixit
1541 1382 1796 1440 remque
1834 1364 2136 1440 integram
2175 1366 2255 1425 ad

187 1448 443 1509 reditum
485 1464 663 1508 suum
714 1446 893 1509 iussit
941 1464 1114 1521 esse,
1164 1447 1346 1524 isque
1399 1446 1677 1509 celeriter
1726 1448 1806 1508 ad
1833 1450 2255 1510 Ptolemaeum

187 1547 366 1592 suum
394 1529 703 1604 hospitem
734 1531 928 1604 venit,
973 1531 1076 1606 qui
1106 1539 1233 1593 tum
1276 1532 1572 1608 regnabat
1612 1534 1768 1593 alter
1810 1539 1957 1608 post
1986 1533 2255 1592 Alexan·

187 1613 378 1674 driam
410 1611 739 1674 conditam.
812 1613 915 1675 Cui
947 1631 1130 1690 quum
1165 1616 1565 1692 exposuisset
1598 1615 1854 1692 patriam
1889 1632 1958 1677 se
1991 1615 2257 1677 liberare

191 1698 345 1757 velle
402 1705 776 1781 causamque
817 1697 1160 1773 docuisset,
1217 1715 1254 1758 a
1302 1715 1451 1774 rege
1495 1701 1784 1775 opulento
1838 1698 1931 1760 vir
1973 1716 2257 1761 summus

188 1778 365 1840 facile
416 1778 789 1856 impetravit,
856 1789 923 1843 ut
968 1781 1184 1858 grandi
1240 1781 1501 1858 pecunia
1554 1781 1970 1843 adiuvaretur.
2059 1783 2253 1856 Quam

188 1881 373 1941 quum
405 1863 735 1943 Sicyonem
763 1864 1095 1939 attulisset,
1149 1866 1425 1928 adhibuit
1457 1865 1573 1929 sibi
1617 1866 1677 1926 in
1717 1866 2041 1929 consilium
2082 1867 2254 1943 quin·

187 1948 382 2011 decim
413 1947 753 2026 principes,
786 1966 926 2011 cum
956 1948 1177 2026 quibus
1211 1967 1434 2011 causas
1459 1950 1752 2027 cognovit
1784 1958 1846 2012 et
1877 1968 2113 2022 eorum,
2153 1950 2253 2026 qui

186 2032 384 2094 aliena
412 2033 731 2107 tenebant,
777 2041 839 2095 et
876 2049 1090 2096 eorum
1110 2079 1125 2104 ,
1171 2032 1276 2110 qui
1309 2050 1425 2095 sua
1466 2033 1824 2106 amiserant,
1873 2034 2253 2111 perfecitque

186 2115 578 2178 aestimandis
611 2116 1145 2191 possessionibus,
1197 2125 1267 2178 ut
1292 2119 1695 2194 persuaderet
1734 2116 1900 2192 aliis,
1951 2125 2021 2180 ut
2070 2124 2254 2196 pecu2

187 2197 344 2258 niam
396 2197 678 2274 accipere
713 2201 989 2272 mallent,
1045 2200 1557 2278 possessionibus
1588 2201 1909 2273 cederent,
1967 2201 2135 2275 aliis,-
2188 2208 2254 2261 ut

187 2280 571 2343 commodius
627 2289 910 2358 putarent
959 2283 1265 2345 numerari
1297 2284 1414 2345 sibi
1461 2285 1631 2361 quod
1670 2284 1820 2345 tanti
1862 2291 2033 2347 esset
2067 2302 2255 2360 quam

187 2381 366 2425 suum
413 2379 798 2440 recuperare.
886 2368 974 2427 Ita
1025 2368 1364 2441 perrectum
1412 2376 1509 2430 est
1555 2375 1625 2429 ut
1671 2385 1887 2430 omnes
1919 2366 2258 2431 concordia

187 2445 518 2508 constituta
547 2446 681 2508 sine
711 2452 960 2523 querela
1001 2449 1410 2512 discederent.
1499 2449 1600 2512 83.
1653 2452 1699 2514 Ο
1735 2452 1933 2514 virum
1964 2468 2256 2528 magnum

186 2530 558 2607 dignumque
611 2531 714 2607 qui
760 2531 820 2592 in
867 2550 935 2593 re
976 2533 1220 2609 publica
1252 2543 1462 2596 nostra
1505 2543 1685 2597 natus
1727 2538 1922 2598 esset!
1995 2535 2099 2597 Sic
2144 2552 2258 2613 par

186 2622 284 2675 est
312 2631 497 2691 agere
527 2631 663 2677 cum
694 2614 961 2690 civibus,
1007 2635 1162 2692 non,
1206 2625 1271 2679 ut
1298 2617 1392 2681 bis
1426 2618 1544 2680 iam
1575 2618 1866 2692 vidimus,
1908 2621 2151 2681 hastam
2194 2619 2257 2679 in

185 2701 318 2761 foro
361 2717 595 2776 ponere
642 2707 704 2762 et
752 2700 917 2763 bona
959 2700 1180 2762 civium
1228 2701 1366 2764 voci
1403 2701 1706 2764 subiicere
1734 2701 2095 2778 'praeconis.
2171 2705 2260 2763 At

182 2779 284 2843 ille
319 2783 621 2857 GraecuS,
651 2784 713 2844 id
737 2786 907 2860 quod
931 2784 1041 2845 l'uit
1072 2784 1367 2862 sapientis
1400 2793 1461 2847 et
1491 2785 1857 2861 praestantis
1889 2786 2032 2861 viri,
2064 2784 2258 2847 omni-

184 2865 300 2925 bus
328 2868 774 2928 consulendum
809 2868 1070 2944 putavit,
1104 2885 1302 2945 eaque
1329 2875 1426 2931 est
1463 2887 1700 2931 summa
1731 2869 1888 2932 ratio
1920 2877 1982 2932 et
2007 2868 2255 2946 sapien·

188 2947 267 3008 tia
294 2947 442 3010 boni
474 2948 656 3023 civi8‚
704 2953 1032 3013 commoda
1062 2951 1283 3013 civium
1325 2953 1774 3015 non'divellere
1801 2961 1986 3031 atque
2034 2970 2257 3016 omnes

184 3030 494 3109 aequitate
524 3034 738 3094 eadem
771 3034 1105 3097 continere.
1171 3027 1461 3098 Habitent
1487 3036 1677 3113 gratis
1700 3034 1760 3098 in
1791 3036 2033 3101 alieno?
2096 3035 2258 3113 Quid

188 3114 305 3176 ita?
345 3123 443 3190 ut,
481 3132 666 3192 quum
699 3134 814 3193 ego
850 3117 1097 3180 emerim
1130 3118 1528 3191 aedificarim‚
1575 3127 1753 3181 tuear
1784 3120 2166 3199 impendam,
2194 3127 2258 3180 tu

185 3214 282 3257 me
345 3198 534 3261 invito
588 3201 790 3260 fruare
835 3203 1017 3263 meo?
1089 3201 1245 3278 Quid
1292 3211 1390 3264 est
1432 3203 1593 3264 aliud
1645 3203 1778 3266 aliis
1827 3221 1942 3265 sua
1993 3203 2258 3281 eripere,

182 3279 317 3340 aliis
354 3281 500 3341 dare
543 3282 781 3343 aliena?
863 3282 965 3344 84.
1009 3285 1278 3347 Tabulae
1309 3302 1459 3348 vero
1493 3303 1696 3348 novae
1727 3287 1871 3364 quid
1906 3288 2133 3350 habent
2163 3303 2253 3346 ar·

181 3362 453 3432 gumenti
483 3362 599 3425 nisi
628 3372 696 3425 ut
728 3380 896 3426 emas
931 3382 1066 3426 mea
1096 3368 1359 3443 pecunia
1402 3370 1683 3444 fundum,
1735 3387 1872 3432 eum
1904 3378 1970 3432 tu
1999 3371 2256 3442 habeas,
