2381 3723
153 109 277 174 388
570 105 874 167 INCERTI
901 100 1295 165 AUCTORIS
1329 98 1810 162 CONSOLATIO
2152 106 2256 163 198

154 260 310 339 perit
340 258 660 321 miseriae?
717 266 937 318 utnon
968 255 1156 317 modo
1187 251 1561 325 honoribus,
1607 251 1929 329 dignitate,
1969 252 2255 313 auctori·
2351 201 2354 324 Ι

153 351 279 405 tate
312 342 618 420 spoliarit,
675 341 789 403 sed
832 341 1014 401 etiam
1050 337 1113 399 in
1143 337 1429 400 exsilium
1466 335 1720 398 miserit.
1796 336 1976 412 Quod
2022 346 2253 397 contra
2353 331 2354 358 ¹

153 428 509 506 oportebat,
563 425 729 487 viros
777 425 1045 499 optimos
1089 421 1449 498 patriaeque
1486 420 1942 483 amantissimos
1990 419 2251 483 honore
2353 425 2354 440 ¹

150 511 361 584 adfici,
413 511 474 571 in
508 510 705 570 oculis
743 507 904 568 ferri.
980 506 1188 584 Scipio
1219 505 1552 567 Africanus
1586 505 1756 581 apud
1785 510 2043 566 nostros
2077 505 2246 581 opti·
2349 465 2354 554 l

149 610 311 655 mam
338 609 587 655 causam
620 593 971 669 amplexus,
1025 607 1366 667 paucorum
1396 588 1838 650 immoderatae
1877 587 2117 649 libidini
2150 606 2243 650 re·
2349 595 2354 656 l

147 694 462 754 pugnans,
517 692 697 736 mane
737 682 1022 737 mortuus
1063 676 1121 735 in
1164 676 1325 735 lecto
1370 680 1469 735 est
1506 672 1825 746 inventus,
1882 687 2002 732 nec
2044 673 2244 735 abfuit
2347 659 2354 822 Ι

148 760 420 837 suspicio
462 757 606 836 quin
643 760 719 820 ab
753 774 980 832 uxore,
1014 774 1174 835 quae
1205 758 1621 819 Gracchorum
1652 774 1837 820 soror
1865 755 2010 828 fuit,
2051 756 2240 818 inter-

148 846 416 906 fectores
449 850 662 906 essent
701 841 976 904 immissi.
1064 842 1166 903 64.
1207 842 1455 903 Metello
1486 847 1693 902 autem
1720 839 2082 914 Numidico,
2128 841 2235 901 ho·

148 929 306 989 mine
338 925 606 991 omnium
645 925 985 989 clarissimo
1021 941 1095 986 ac
1121 923 1688 1001 praestantissimo,
1726 924 1876 1001 quid
1904 924 2235 987 miserius?

148 1011 280 1089 qui,
333 1029 411 1074 ne
440 1012 500 1073 in
545 1013 740 1089 legem
782 1008 1193 1088 perniciosam
1224 1009 1482 1083 iuraret,
1533 1008 1593 1069 in
1627 1008 1909 1072 exsilium
1941 1008 2116 1070 abire
2155 1009 2232 1070 sit

147 1104 419 1158 coactus.
489 1095 715 1159 Fateor
753 1096 1035 1172 profecto
1077 1093 1237 1154 inter
1275 1092 1481 1155 omnia
1520 1092 1719 1155 exsilii
1756 1109 1990 1170 genera
2041 1101 2231 1170 atque

145 1196 362 1241 omnes
394 1179 772 1242 miseriarum
802 1194 1028 1240 causas
1063 1176 1330 1238 maxime
1358 1176 1685 1238 honestam
1707 1175 2008 1239 Numidici
2036 1178 2230 1239 ruisse

145 1262 603 1338 condicionem,
651 1262 751 1325 cui
801 1261 1108 1339 probitas,
1171 1260 1522 1338 integritas,
1573 1261 1635 1321 in
1690 1260 1950 1337 patriam
2002 1262 2226 1323 caritas

144 1347 501 1409 calamitatis
547 1363 796 1409 causam
836 1345 1130 1420 attulerit,
1184 1345 1299 1407 sed
1336 1353 1541 1406 tamen
1588 1346 1904 1408 fatendum
1951 1354 2052 1407 est
2095 1363 2226 1423 gra·

142 1430 456 1492 vissimam
484 1430 680 1493 fuisse
709 1429 1110 1493 calamitatem
1141 1428 1286 1507 pelli
1313 1429 1535 1504 patria,
1565 1429 1746 1491 avelli
1775 1428 1996 1505 asnia,
2029 1431 2225 1492 bono·

140 1531 274 1575 rum
306 1513 709 1592 direptionem
728 1560 742 1586 ,
775 1513 1107 1576 liberorum
1138 1513 1274 1574 sive
1304 1513 1666 1576 maestitiam
1699 1514 1832 1576 sive
1862 1531 2225 1576 aerumnam

138 1596 368 1657 videre.
458 1597 558 1659 65.
598 1598 679 1658 Μ.
719 1599 1050 1674 Regulum,
1106 1599 1168 1659 C.
1210 1596 1498 1672 Marium,
1548 1599 1618 1660 L.
1661 1600 1921 1662 Brutum
1964 1599 2048 1661 ob
2081 1599 2226 1660 libe-

138 1680 391 1740 randam
421 1679 679 1755 patriam
710 1678 1096 1743 intersectum
1128 1688 1472 1756 praetereo.
1539 1681 1740 1744 Nolim
1758 1682 1819 1745 in
1844 1684 1920 1744 iis
1955 1699 2221 1746 comme·

138 1762 451 1826 morandis
486 1763 707 1827 nimius
737 1763 962 1839 videri,
1024 1782 1287 1842 quorum
1330 1764 1532 1828 exitus
1574 1783 1755 1829 nemo
1802 1774 1900 1829 est
1943 1767 2095 1844 quin
2145 1784 2223 1828 ex

139 1847 334 1923 libris,
365 1847 759 1926 imaginibuS,
792 1851 952 1911 sama
979 1849 1248 1926 denique
1270 1849 1510 1927 vulgari
1529 1849 1650 1913 iam
1681 1849 1984 1913 didicerit.
2050 1853 2221 1929 Quae

138 1949 324 2008 quum
379 1935 567 1995 multa
611 1933 999 2011 maximeque
1048 1934 1262 2011 gravia
1317 1934 1468 2007 sint,
1528 1934 1959 2012 gravissimum
2011 1944 2217 1997 tamen

133 2015 280 2077 illud
311 2017 497 2078 debet
528 2017 749 2092 videri,
799 2019 968 2094 quod
1010 2017 1261 2080 homine
1302 2018 1648 2081 ambitionis
1685 2018 1947 2083 vinculis
1978 2019 2214 2082 irretito

135 2099 365 2176 quique
395 2117 430 2161 e
460 2102 864 2178 popularibus
894 2102 1206 2179 suffragiis
1234 2109 1424 2186 totus„
1435 2105 1731 2179 pendeat,
1770 2103 1916 2165 nihil
1945 2121 2214 2181 usquam

131 2182 431 2245 infelicius
462 2184 713 2260 reperiri
746 2192 974 2261 potest.
1048 2187 1326 2261 Quantus
1356 2186 1417 2248 in
1452 2203 1528 2249 eo
1563 2187 1776 2262 timor,
1830 2195 2063 2263 quanta
2107 2189 2212 2249 du-

130 2266 373 2340 bitatio,
429 2275 695 2342 quantus
727 2274 1015 2341 conatuS,
1070 2277 1301 2344 quanta
1328 2271 1710 2333 sollicitudo!
1774 2280 1844 2332 ut
1871 2274 2100 2333 nullam
2131 2271 2213 2332 illi

128 2366 166 2409 a
193 2350 470 2411 molestia
498 2366 757 2411 vacuam
798 2367 944 2411 esse
972 2351 1187 2411 horam
1216 2371 1341 2414 non
1380 2354 1678 2418 immerito
1721 2354 2032 2433 suspicari
2065 2373 2211 2433 pos·

129 2431 340 2492 simus.
409 2433 558 2493 Nam
607 2432 659 2494 si
703 2432 1028 2497 servientis
1072 2452 1149 2496 ea
1192 2446 1290 2498 est
1323 2437 1634 2513 condici0‚
1679 2447 1749 2501 ut
1776 2456 1855 2501 ex
1892 2440 2058 2513 eiuS,
2113 2440 2210 2501 cui

125 2514 347 2588 servit,
407 2515 710 2591 moribu5‚
748 2520 1090 2592 voluntate,
1128 2519 1381 2597 ingenio
1413 2522 1870 2599 propriamsibi
1901 2526 2208 2586 fortunam

124 2599 346 2676 fingat:
391 2599 495 2676 qui
526 2604 758 2678 populo
792 2603 1023 2665 serviet
1055 2602 1272 2678 avido,
1322 2606 1563 2680 invido,
1611 2607 1858 2683 ignaro,
1900 2609 1979 2668 ad
2014 2616 2207 2670 muta-

121 2682 349 2745 tionem
385 2684 646 2761 proclivi
676 2693 767 2759 et,
800 2689 969 2763 quod
998 2697 1182 2764 capul
1212 2696 1334 2763 est,
1379 2689 1651 2766 ingrato,
1691 2709 1835 2753 num
1869 2691 2204 2767 aliquando

122 2767 339 2829 beatus
371 2785 514 2830 esse
552 2769 820 2845 poterit?
863 2788 940 2832 an
974 2771 1210 2847 potius,
1254 2773 1540 2849 quotiens
1572 2776 1651 2837 de
1683 2774 1817 2838 eius
1850 2783 2074 2838 natura
2104 2792 2206 2838 co·

118 2849 355 2924 gitabit‚
400 2853 624 2914 totiens
658 2871 827 2914 suam
862 2854 999 2931 ipse
1029 2855 1434 2919 calamitatem
1477 2874 1550 2920 ac
1587 2861 1893 2922 fortunam
1931 2876 2204 2937 conque-

116 2936 325 2995 retur?
398 2936 716 2997 Praeclare
748 2947 927 2999 vetus
956 2944 1171 3015 poeta:

2349 1837 2352 1877 l

284 3066 537 3125 Aeterno
572 3068 821 3125 mixtam
849 3070 1010 3127 luctu
1039 3067 1373 3129 mortalibu'
1405 3073 1582 3130 vitam

286 3148 433 3207 Olim
460 3152 755 3210 constituit
786 3151 984 3210 divum
1003 3159 1187 3227 pater
1216 3160 1393 3228 atque
1421 3155 1720 3215 hominum
1749 3171 1884 3215 rex.

114 3266 324 3326 XVlll.
370 3270 471 3328 66.
560 3274 772 3347 ltaque
815 3291 998 3348 quam
1045 3275 1147 3336 diu
1192 3278 1310 3338 hac
1339 3279 1476 3339 luce
1510 3278 1766 3352 utimur,
1814 3277 2034 3343 vivere
2064 3282 2192 3360 qui-

116 3346 250 3405 dem
283 3347 589 3423 videmur,
623 3356 732 3412 sed
769 3355 973 3417 verius
1005 3358 1265 3421 adsidue
1302 3360 1594 3423 morimur
1626 3370 1731 3426 aut
1753 3364 1971 3426 saltem
2008 3366 2192 3433 vitam
