2381 3723
656 139 802 198 Llss.
837 139 934 198 111.
983 126 1154 198 CAP'.
1184 147 1415 202 7—10.
1458 148 1511 208 s.
1545 147 1812 202 37-—44.
2193 138 2273 204 91

188 290 363 368 quod
393 291 541 352 utile
571 289 878 363 videatur,
916 289 1052 352 fieri
1081 306 1205 350 non
1237 287 1518 366 turpiter.
1592 291 1789 365 Quum
1817 289 2116 351 Collatino
2150 292 2273 351 col-

188 378 367 452 legae
396 377 625 436 Brutus
664 373 986 450 imperium
1030 373 1397 448 abrogabat,
1443 381 1691 450 poterat
1729 373 1922 434 videri
1964 374 2170 433 facere
2211 373 2272 433 id

187 460 445 520 iniuste:
491 460 690 519 fuerat
719 457 881 519 enim
910 457 972 518 in
1003 456 1256 533 regibus
1284 456 1669 533 expellendis
1694 456 1905 518 socius
1933 456 2106 517 Bruti
2130 472 2273 517 con·

188 541 470 605 siliorum
515 549 577 603 et
618 540 883 603 adiutor.
950 543 1147 617 Quum
1194 547 1399 603 autem
1442 540 1766 602 consilium
1811 541 1930 602 hoc
1960 540 2273 618 principes

187 625 538 702 cepissent,
601 624 1032 702 cognationem
1088 624 1352 700 Superbi
1408 641 1761 701 nomenque
1803 624 2272 700 Tarquiniorum

188 718 251 771 et
282 710 646 771 memoriam
676 709 850 786 regni
881 725 1027 771 esse
1055 709 1420 782 tollendam,
1455 710 1625 784 quod
1660 716 1791 769 erat
1816 709 1996 783 utile,
2039 707 2273 784 patriae

188 796 554 867 consulere,
578 793 642 855 id
668 800 800 854 erat
832 793 914 854 ita
945 793 1306 866 honestum,
1350 799 1421 852 ut
1453 792 1631 852 etiam
1666 792 1785 870 ipsi
1817 793 2112 855 Collatino
2144 794 2272 869 pla·

187 895 335 940 cere
365 878 641 939 deberet.
705 879 921 954 Itaque
943 875 1170 938 utilitas
1207 875 1398 937 valuit
1425 883 1684 953 propter
1703 878 2106 950 honestatem,
2140 876 2272 938 sine

188 978 317 1038 qua
348 978 431 1023 ne
458 961 685 1022 utilitas
717 960 964 1037 quidem
1007 977 1152 1021 esse
1179 961 1507 1038 potuisset.
1587 963 1671 1020 At
1710 958 1770 1020 in
1815 977 1889 1021 eo
1935 976 2115 1037 rege,
2168 958 2273 1036 qui

185 1047 409 1107 urbem
447 1045 750 1117 condidit,
780 1061 904 1107 non
939 1045 1103 1106 item.
1192 1046 1292 1105 41.
1339 1039 1599 1120 Species
1632 1044 1790 1104 enim
1830 1043 2104 1105 utilitatis
2148 1042 2272 1103 ani·

186 1148 358 1190 mum
388 1130 625 1207 pepulit
652 1129 813 1190 eius:
860 1129 957 1190 cui
981 1145 1170 1206 quum
1205 1128 1402 1189 visum
1432 1133 1604 1189 esset
1630 1124 1836 1189 u'tilius
1862 1131 2062 1188 solum
2089 1143 2272 1203 quam

188 1231 333 1275 cum
369 1216 566 1275 altero
598 1229 890 1289 regnare,
928 1215 1177 1274 fratrem
1208 1211 1529 1272 interemit.
1607 1210 1821 1272 Omisit
1849 1210 1947 1271 hic
1982 1217 2045 1270 et
2085 1209 2273 1285 pieta-

187 1306 317 1359 tem
349 1304 412 1358 et
443 1297 906 1371 humanitatem,
938 1305 1007 1358 ut
1035 1297 1095 1356 id
1117 1345 1131 1370 ,
1166 1295 1335 1373 quod
1360 1295 1506 1357 utile
1537 1293 1863 1356 videbatur
1896 1310 2099 1371 neque
2123 1300 2271 1365 erat,

185 1381 460 1458 adsequi
489 1390 734 1458 posset,
782 1387 845 1442 et
881 1389 1085 1442 tamen
1123 1380 1279 1440 muri
1323 1395 1570 1440 causam
1621 1376 1944 1457 opposuit,
1998 1375 2274 1454 speciem

186 1468 538 1528 honestatis
599 1481 715 1526 nec
775 1464 1156 1542 probabilem
1217 1479 1334 1525 nec
1385 1480 1537 1525 sane
1590 1463 1898 1526 idoneam.
1987 1461 2274 1523 Peccavit

184 1550 392 1626 igitur,
426 1566 581 1626 pace
610 1552 709 1610 vel
741 1549 971 1625 Quirini
999 1551 1102 1611 vel
1129 1548 1374 1610 Romuli
1405 1547 1680 1609 dixerim.
1769 1546 1871 1609 42.
1913 1548 2039 1609 Nec
2063 1553 2272 1607 tamen

188 1642 444 1696 nostrae
477 1632 658 1695 nobis
689 1633 977 1695 utilitates
1017 1631 1391 1694 omittendae
1430 1639 1575 1694 sunt
1610 1631 1870 1709 aliisque
1912 1631 2271 1699 tradendae,

186 1735 382 1794 quum
415 1717 488 1779 iis
520 1718 638 1794 ipsi
669 1733 994 1794 egeamus,
1039 1717 1154 1778 sed
1185 1733 1335 1778 suae
1365 1715 1587 1793 cuique
1621 1716 1888 1789 utilitati,
1936 1716 2105 1792 quod
2136 1711 2271 1775 sine

185 1802 446 1865 alterius
479 1801 694 1863 iniuria
723 1801 860 1875 fiat,
913 1802 1308 1863 serviendum
1354 1808 1467 1863 est.
1541 1800 1703 1864 Scite
1737 1799 2152 1879 Chrysippus,
2206 1804 2272 1865 u!

186 1889 410 1949 multa:
456 1893 476 1923 ‘
493 1887 605 1961 Qui
637 1886 937 1947 stadium'
967 1885 1163 1962 inquit
1190 1885 1405 1946 ‘currit
1426 1886 1570 1946 eniti
1605 1894 1667 1947 et
1691 1885 2066 1946 contendere
2089 1881 2272 1941 debet

186 1988 376 2047 quam
410 1971 672 2031 maxime
716 1970 918 2046 possit
965 1977 1033 2030 ut
1079 1969 1310 2041 vincat,
1365 1971 1767 2046 supplantare
1800 1983 1970 2038 eum,
2027 1964 2269 2040 quicum

187 2063 422 2128 certet,
465 2062 571 2116 aut
613 2068 796 2115 manu
841 2055 1151 2131 depellere
1192 2055 1358 2115 nullo
1401 2053 1588 2113 modo
1623 2050 1839 2111 debet:
1910 2047 2000 2109 sic
2039 2048 2099 2106 in
2153 2046 2272 2106 vita

186 2139 310 2202 sibi
343 2155 657 2215 quemque
697 2144 908 2214 petere
950 2138 1120 2214 quod
1162 2135 1468 2212 pertineat
1497 2135 1576 2195 ad
1624 2151 1803 2196 usum
1835 2148 1960 2194 non
1998 2131 2272 2207 iniquum

185 2230 318 2296 est,
373 2223 548 2283 alteri
590 2222 874 2299 deripere
909 2223 1008 2283 ius
1048 2237 1172 2282 non
1207 2222 1348 2281 est.’
1436 2219 1538 2281 43.
1584 2218 1846 2280 Maxime
1891 2223 2093 2278 autem
2137 2229 2272 2290 per·

186 2308 520 2368 turbantur
550 2307 756 2368 officia
800 2305 861 2366 in
901 2304 1209 2377 amicitiis,
1260 2302 1483 2379 quibus
1526 2311 1588 2365 et
1628 2320 1750 2365 non
1796 2301 2063 2364 tribuere
2104 2298 2272 2375 quod

189 2398 363 2453 recte
393 2391 603 2467 possis
632 2396 696 2451 et
722 2389 992 2452 tribuere
1016 2390 1185 2465 quod
1212 2405 1333 2450 non
1363 2387 1443 2449 sit
1471 2403 1737 2465 aequum
1761 2392 1977 2449 contra
2000 2383 2270 2447 officium

188 2483 307 2536 est.
386 2474 512 2536 Sed
555 2475 737 2536 huius
786 2473 1032 2551 generis
1062 2473 1248 2534 totius
1292 2473 1484 2533 breve
1532 2480 1593 2532 et
1642 2489 1766 2533 non
1809 2469 2055 2531 difficile
2095 2481 2271 2543 prae·

187 2566 442 2635 ceptum
484 2566 599 2620 est.
682 2560 851 2635 Quae
892 2559 1052 2618 enim
1088 2557 1375 2618 videntur
1402 2554 1601 2627 utilia,
1652 2556 1953 2626 honoreS,
2005 2550 2269 2621 divitiae,

191 2645 580 2718 voluptateS,
635 2649 879 2704 caetera
913 2640 1157 2718 generis
1204 2640 1511 2712 eiusdem,
1561 2639 1717 2698 haec
1764 2636 2062 2698 amicitiae
2099 2649 2270 2694 num·

190 2742 381 2802 quam
430 2726 864 2803 anteponenda
913 2733 1075 2786 sunt.
1150 2729 1233 2785 At
1278 2738 1481 2800 neque
1532 2726 1748 2782 contra
1798 2735 1926 2781 rem
1970 2716 2272 2793 publicam

188 2827 402 2885 neque
438 2819 654 2872 contra
697 2810 793 2872 ius
824 2809 1148 2871 iurandum
1181 2825 1255 2868 ac
1285 2808 1471 2869 fldem
1503 2804 1680 2867 amici
1722 2819 1912 2866 causa
1946 2802 2037 2863 vir
2068 2803 2272 2863 bonus

191 2896 409 2969 saciet,
456 2911 537 2956 ne
573 2894 626 2956 si
660 2894 851 2955 iudex
894 2893 1142 2970 quidem
1171 2892 1288 2953 erit
1315 2893 1393 2953 de
1432 2891 1571 2968 ipso
1616 2889 1836 2951 amico.
1905 2887 2085 2950 Ponit
2113 2884 2272 2948 enim

191 2994 530 3055 personam
584 2977 790 3053 amici,
849 2995 1037 3054 quum
1068 2976 1266 3038 induit
1311 2975 1550 3036 iudicis.
1624 2976 1883 3036 Tantum
1919 2972 2088 3034 dabit
2132 2967 2250 3029 ami

188 3061 406 3136 citiae,
459 3069 529 3124 ut
559 3079 772 3123 veram
816 3061 993 3122 amici
1024 3076 1274 3122 causam
1304 3076 1448 3121 esse
1477 3058 1671 3133 malit,
1726 3067 1796 3121 ut
1839 3057 2111 3120 orandae
2155 3051 2272 3110 litis

190 3152 440 3223 tempus
497 3145 706 3222 quoad
769 3161 883 3223 per
921 3148 1091 3220 leges
1152 3144 1334 3205 liceat
1386 3145 1833 3206 accommodet.
1922 3141 2024 3200 44.
2076 3136 2272 3228 Quum

195 3245 345 3291 vero
379 3229 581 3291 iurato
615 3229 920 3292 sententia
952 3229 1215 3290 dicenda
1246 3226 1352 3300 sit,
1406 3226 1748 3288 meminerit
1785 3226 1969 3284 deum
2008 3237 2078 3281 se
2108 3218 2273 3278 adhi-

193 3321 345 3375 bere
387 3321 641 3388 testem,
698 3314 760 3373 id
795 3320 919 3388 est,
969 3320 1037 3374 ut
1078 3328 1195 3387 ego
1237 3310 1527 3384 arbitror,
1586 3315 1849 3369 mentem
1891 3319 2095 3375 suam,
2151 3314 2273 3373 qua

192 3396 342 3457 nihil
383 3396 614 3459 homini
646 3397 816 3458 dedit
845 3398 999 3458 deus
1034 3395 1172 3473 ipse
1208 3392 1490 3453 divinius.
1568 3394 1782 3462 Itaque
1824 3387 2205 3462 praeclarum
2235 3394 2273 3433 a
