2381 3723
150 63 278 126 270
937 61 1440 123 FRAGMENTA.
1601 83 1609 91 ·
2163 65 2242 120 80

155 214 536 287 Corporeum
580 222 781 276 autem
829 220 892 273 et
943 212 1319 287 aspectabile
1363 211 1636 286 itemque
1689 205 2003 271 tractabile
2049 221 2238 287 omne

152 311 431 357 necesse·
454 303 741 370 estesse,
786 297 958 373 quod
993 303 1202 357 natum
1226 303 1339 356 est.
1406 293 1558 355 Nihil
1596 309 1785 370 porro
1816 289 1942 367 igni
1962 306 2238 351 vacuum

152 377 350 440 videri
378 387 616 457 potest,
657 396 772 441 nec
806 395 952 440 vero
985 378 1181 456 tangi,
1233 379 1397 455 quod
1432 383 1638 438 careat
1672 376 1910 438 solido:
1963 373 2237 435 solidum

152 468 357 524 autem
389 462 535 524 nihil
565 465 736 539 quod
768 471 970 524 terrae
1001 461 1079 522 sit
1112 479 1358 539 expers.
1400 461 1626 536 ‘Quam
1664 460 1748 521 ob
1777 476 1906 520 rem
1936 458 2235 518 mundum

154 545 402 611 efficere
445 546 706 608 moliens
758 549 915 607 deus
963 553 1189 607 terram
1235 545 1496 620 primum
1546 543 1876 618 ignemque
1920 541 2233 615 iungebat.

155 627 369 688 Omnia
391 636 594 690 autem
626 632 751 691 duo
783 631 863 689 ad
888 629 1345 690 cohaerendum
1380 627 1618 689 tertium
1650 625 1882 702 aliquid
1912 624 2238 699 requirunt

153 718 216 771 et
256 711 434 787 quasi
471 713 700 775 nodum
747 712 1181 791 vinculumque
1228 713 1601 773 desiderant.
1677 709 1805 770 Sed
1846 707 2235 770 vinculorum

151 794 210 854 id
249 801 347 854 est
390 795 773 871 aptissimum
820 803 1008 871 atque
1049 795 1553 890 pulcherrimum,
1613 793 1784 870 quod
1832 809 1911 853 ex
1942 808 2014 852 se
2045 800 2236 868 atque

154 879 232 938 de
280 876 386 949 iis,
460 896 620 954 quae
681 879 990 955 astringit,
1052 895 1235 954 quam
1293 878 1559 939 maxime
1619 893 1811 937 unum
1866 875 2236 937 efficit.1d

155 960 384 1037 optime
439 963 828 1039 adsequitur,
887 978 1048 1058 quae
1091 963 1326 1023 Graece
1374 953 1728 1040 ἀναλογία,
1772 958 1985 1021 Latine
2011 993 2099 1003 —
2127 976 2208 1019 au

155 1045 422 1106 dendum
465 1054 563 1106 est
609 1048 799 1119 enim,
853 1045 1142 1122 quoniam
1190 1046 1346 1107 haec
1390 1043 1651 1120 primum
1700 1061 1738 1103 a
1779 1043 1959 1105 nobis
2000 1058 2234 1103 novan-

151 1135 253 1188 tur
273 1162 356 1173 -
379 1131 758 1206 comparatio
782 1129 1187 1206 proportiove
1217 1128 1338 1190 dici
1359 1135 1590 1205 potest.
1667 1130 1743 1187 V.
1789 1126 2047 1202 Quando
2071 1126 2232 1186 enim

151 1210 333 1271 trium
361 1214 460 1273 vel
489 1230 886 1276 numerorum
916 1216 1012 1274 vel
1055 1214 1389 1288 figurarum
1433 1213 1532 1271 vel
1565 1226 2098 1288 quorumcumque
2129 1227 2233 1285 ge-

151 1310 366 1356 nerum
397 1297 719 1373 contingit,
764 1303 862 1369 ut,
908 1298 1079 1372 quod
1106 1295 1377 1357 medium
1407 1294 1517 1367 sit,
1558 1302 1628 1355 ut
1674 1294 1732 1355 ei
1786 1293 2042 1371 primum
2077 1310 2231 1370 -pro-

152 1378 465 1454 portione,
522 1378 606 1440 ita
632 1380 693 1440 id
743 1387 1056 1456 postremo
1108 1386 1535 1454 comparetur,
1590 1376 1986 1452 vicissimque
2029 1383 2232 1441 ut-ex·

151 1470 413 1522 tremum
443 1478 581 1524 cum
617 1463 853 1536 medio,
910 1462 999 1523 sic
1028 1461 1298 1523 medium
1331 1479 1470 1523 cum
1503 1461 1698 1539 primo
1732 1463 2114 1535 conferatur,
2147 1460 2230 1533 id,

154 1545 322 1619 quod
367 1545 635 1606 medium
678 1553 803 1618 est,
858 1552 989 1607 tum
1026 1545 1289 1621 primum
1336 1547 1432 1619 fit,
1488 1554 1613 1607 tum
1657 1555 2067 1622 postremum,
2121 1560 2232 1620 po·

152 1630 387 1687 strema‘
431 1644 581 1689 vero
629 1637 691 1690 et
740 1628 938 1705 prima
966 1627 1169 1691 media
1222 1630 1406 1702 fiunt,
1464 1629 1547 1689 ita
1578 1629 1921 1690 necessitas
1961 1627 2130 1705 cogit
2163 1635 2232 1687 ut

152 1709 369 1769 eadem
400 1710 523 1771 sint
551 1729 657 1785 ea,
692 1729 850 1788 quae
882 1712 1185 1774 disiuncta
1218 1714 1478 1774 fuerant.
1548 1714 1781 1774 Eadem
1811 1720 2014 1773 autem
2039 1727 2230 1787 quum

152 1794 314 1853 facta
356 1793 508 1869 sint,
565 1796 826 1857 efficitur
862 1803 931 1857 ut
973 1796 1185 1858 omnia
1210 1797 1331 1858 sint
1356 1814 1566 1858 unum.
1637 1797 1815 1872 Quod
1851 1795 1904 1856 si
1932 1792 2230 1856 universi·

152 1878 291 1938 tatis
323 1894 552 1955 corpus
591 1883 838 1958 planum
881 1888 944 1941 et
984 1881 1307 1957 aequabile
1358 1880 1770 1957 explicaretur
1809 1896 2013 1956 neque
2062 1877 2122 1937 in
2153 1895 2229 1939 eo

154 1960 487 2039 quidquam
539 1973 711 2027 esset
762 1965 1132 2041 repositum,
1187 1982 1376 2026 unum
1418 1964 1802 2026 interiectum
1861 1962 2131 2023 medium
2172 1968 2233 2023 et

153 2061 223 2104 se
251 2045 456 2122 ipsum
488 2055 550 2110 et
577 2066 681 2123 ea,
728 2048 952 2125 quibus
985 2057 1157 2111 esset
1184 2047 1647 2124 interpositum,
1694 2047 2028 2123 colligaret.
2105 2044 2232 2106 Sed

155 2146 342 2203 quum
377 2131 652 2193 soliditas
677 2134 909 2193 mundo
946 2140 1377 2207 quaereretur,
1416 2133 1617 2193 solida
1642 2138 1847 2192 autem
1879 2131 2084 2192 omnia
2105 2146 2229 2189 uno

153 2211 355 2273 medio
391 2230 751 2288 numquam,
779 2215 1024 2277 duobus
1057 2232 1308 2292 semper
1336 2217 1729 2292 copulentur,
1766 2214 1849 2275 ita
1881 2213 2137 2289 contigit
2165 2218 2233 2272 ut

152 2294 312 2355 inter
351 2295 557 2371 ignem
601 2305 661 2357 et
701 2305 927 2358 terram
963 2316 1188 2374 aquam
1226 2300 1381 2359 deus
1423 2298 1813 2373 animamque
1843 2305 2103 2374 poneret
2133 2312 2230 2356 ea-

153 2394 274 2451 que
317 2378 475 2439 inter
520 2396 591 2439 se
643 2390 1033 2456 compararet
1080 2389 1143 2442 et
1197 2382 1603 2459 proportione
1650 2381 2083 2458 coniungeret,
2145 2386 2231 2452 ut,

153 2477 333 2535 quem
369 2461 449 2521 ad
485 2464 736 2524 modum
766 2463 924 2539 ignis
955 2464 1223 2539 animae,
1277 2466 1366 2526 sic
1406 2467 1607 2528 anima
1650 2482 1879 2541 aquae,
1934 2465 2232 2541 quodque

149 2544 352 2605 anima
380 2562 608 2621 aquae,
662 2549 723 2608 id
753 2563 915 2625 aqua
943 2559 1142 2611 terrae
1174 2550 1576 2626 proportione
1604 2550 1911 2610 redderet.
1983 2548 2118 2621 Qua
2154 2564 2233 2607 ex

151 2629 585 2693 coniunctione
645 2634 881 2693 caelum
937 2633 1021 2694 ita
1073 2640 1285 2709 aptum
1339 2641 1467 2707 est,
1528 2640 1598 2694 ut
1651 2633 1775 2705 sub,
1819 2640 2141 2708 aspectum
2172 2638 2234 2691 et

150 2720 380 2774 tactum
410 2716 607 2776 cadat.
680 2717 893 2791 Itaque
923 2725 986 2777 et
1016 2717 1094 2778 ob
1124 2732 1261 2777 eam
1293 2733 1543 2778 causam
1580 2725 1641 2777 et
1671 2717 1748 2777 ab
1778 2714 1854 2776 iis
1881 2715 2088 2787 rebuS‚
2124 2732 2232 2774 nu·

151 2812 321 2857 mero
355 2805 676 2874 quattuor,
725 2800 936 2860 mundi
967 2808 1064 2861 est
1093 2816 1325 2875 corpus
1356 2801 1676 2874 effectum,
1721 2816 1798 2860 ea
1827 2799 2232 2861 constrictum

151 2881 612 2955 comparatione
658 2899 780 2957 qua
821 2882 974 2943 dixi:
1041 2901 1121 2945 ex
1163 2902 1288 2960 quo
1331 2884 1470 2960 ipse
1510 2902 1581 2945 se
1626 2883 1921 2945 concordi
1963 2882 2232 2959 quadam

150 2962 411 3025 amicitia
441 2972 504 3026 et
534 2965 782 3026 caritate
819 2968 1248 3064 complecitur,
1291 2975 1479 3044 atque
1507 2968 1589 3029 ita
1619 2974 1763 3045 apte
1795 2967 2114 3037 cohaeret,
2167 2972 2234 3026 ut

150 3046 405 3108 dissolvi
435 3051 599 3110 nullo
632 3051 819 3111 modo
847 3058 1033 3126 queat
1059 3050 1179 3112 nisi
1208 3052 1286 3112 ab
1313 3053 1569 3123 eodem,
1620 3069 1659 3113 a
1693 3068 1819 3128 quo
1860 3058 1960 3113 est
1985 3012 2232 3125 coll'iga·

120 3138 268 3189 2tus.
333 3132 560 3193 Earum
588 3141 791 3194 autem
824 3141 1118 3210 quattuor
1146 3150 1384 3209 rerum,
1431 3152 1587 3211 quas
1624 3151 1815 3212 supra
1847 3134 2002 3208 dixi,
2048 3132 2140 3194 sic
2170 3132 2230 3191 in

154 3211 316 3270 omni
357 3218 587 3277 mundo
635 3233 851 3277 omnes
895 3225 1104 3292 partes
1156 3221 1497 3281 collocatae
1538 3227 1713 3297 sunt,
1763 3225 1833 3280 ut
1871 3180 2040 3279 null'a
2079 3232 2236 3293 pars

153 3291 408 3353 huiusce
437 3300 680 3370 generis
712 3300 1043 3361 excederet
1085 3310 1258 3364 extra
1288 3310 1473 3378 atque
1505 3303 1563 3363 in
1595 3304 1716 3364 hoc
1743 3301 2037 3362 universo
2069 3299 2233 3361 ines-
