2381 3723
142 138 270 202 282
926 136 1429 197 FRAGMENTA.
2150 143 2224 199 92

140 294 250 345 tulo
285 292 454 343 adhuc
487 291 635 350 vivo,
685 291 754 339 ita
791 295 848 338 ut
881 294 1017 338 certe
1053 294 1168 337 ante
1205 303 1390 337 annum
1425 303 1476 352 p.
1511 302 1562 339 ιι.
1599 302 1642 337 c.
1680 285 1833 347 694„
1872 301 1970 350 quo
2005 287 2053 338 is
2087 301 2224 336 mor·

140 370 261 412 tuus
305 367 408 424 est,
464 359 562 411 hoc
610 358 919 420 colloquium
962 356 1192 406 habitum
1234 370 1348 405 esse
1394 356 1746 406 adsimuletur.
1819 358 1876 405 ln
1920 355 2224 406 ordinandis
2329 376 2336 383 -

145 429 555 492 collocandisque
588 426 805 507 singulis
854 425 1033 475 horum
1079 424 1323 474 librorum
1370 422 1669 490 fragmentis
1714 423 2223 477 C.1·'.A.Nobbii

144 499 418 550 editionem
454 496 661 546 alteram
700 495 1020 560 potissimum
1057 494 1218 543 secuti
1248 507 1455 551 sumus,
1505 494 1557 542 in
1591 508 1689 555 qua
1720 492 1950 557 paranda
1991 492 2036 540 is
2067 493 2220 541 etiam

142 568 223 615 Fr.
268 564 566 616 Schneideri
614 562 1005 629 programmatis
1053 562 1507 612 Tremesnensibus
1555 577 1603 614 a.
1659 560 1809 612 1841.
1861 568 1910 609 et
1964 560 2215 614 a.1844.

141 634 295 685 editis
331 648 459 684 usus
495 640 591 683 est.

935 743 972 784 Ε
996 744 1035 786 Χ
1062 740 1097 784 Ο
1123 742 1160 784 R
1186 743 1222 784 1>
1247 742 1268 784 1
1291 743 1328 786 U
1351 742 1414 783 Μ.

272 840 325 899 1.
373 838 573 899 Cicero
612 853 790 912 quum
831 839 1001 897 vellet
1024 840 1088 897 in
1133 837 1446 899 Hortensio
1497 838 1731 910 dialoqo
1781 837 1858 895 ab
1902 838 2107 910 aliqua
2150 852 2224 895 re

140 929 309 983 certa
322 969 336 995 ,
369 923 444 982 de
472 938 591 996 qua
619 923 817 980 nullus
845 921 1189 995 ambiyeret,
1230 939 1462 982 sumere
1490 937 1636 980 suae
1665 920 2078 994 disputationis
2101 935 2222 978 ex-

140 1007 410 1067 ordium.-
456 1002 628 1065 Beati
649 1010 842 1077 certe,
874 1006 1086 1079 inquit,
1119 1021 1335 1065 omnes
1360 1020 1503 1065 esse
1529 1004 1832 1063 volumus.
1903 1018 2224 1082 Augusti-

145 1104 268 1139 nus
313 1090 377 1140 de
418 1088 601 1138 Trinit.
640 1087 731 1140 lib.
771 1086 905 1136 Xlll.
945 1102 1060 1151 cap.
1108 1088 1159 1137 4.
1224 1087 1355 1153 Opp.
1392 1088 1453 1139 Τ.
1490 1088 1571 1137 111.
1615 1102 1668 1151 p.
1715 1084 1835 1140 408.
1913 1086 2052 1136 Idem
2099 1099 2222 1135 cou-

144 1166 222 1207 tra
260 1159 441 1209 Iulian.
496 1158 586 1209 lib.
634 1157 721 1209 vl.
775 1170 890 1220 cap.
936 1154 1023 1209 26.
1064 1155 1211 1209 Tom.
1248 1156 1313 1209 X.
1366 1158 1448 1209 ed.
1502 1158 1757 1219 Antwerp.
1813 1169 1867 1219 p.
1919 1152 2041 1207 989.
2092 1153 2223 1203 haec

144 1227 314 1276 addit:
376 1227 569 1301 quue
590 1241 770 1286 unum
795 1241 919 1284 esse
940 1225 1226 1285 dixerunt
1241 1225 1606 1301 philosophi,
1636 1224 1797 1299 quod
1822 1224 2223 1298 disputatione

141 1328 262 1372 non
303 1318 500 1386 eyeat,
554 1309 715 1385 quod
749 1323 918 1368 nemo
952 1316 1040 1369 est
1073 1312 1178 1384 qui
1219 1326 1336 1369 non
1367 1315 1623 1385 expetat.
1704 1323 1849 1376 Gonr.
1890 1325 2060 1377 cuam.
2102 1324 2216 1377 lul.

146 1410 191 1458 v
204 1410 222 1458 i
235 1417 384 1459 otor.
421 1423 475 1472 p.
515 1407 599 1458 64.
676 1391 884 1452 Omnes
917 1392 1146 1452 beatam
1175 1395 1354 1452 vitam
1378 1395 1572 1452 vivere
1597 1396 1820 1452 volunt.
1814 1412 1828 1426 ·
1858 1395 1964 1467 qui
1985 1394 2220 1453 beatam

144 1479 323 1538 vitam
349 1481 542 1538 vivere
570 1479 742 1547 volet,
790 1475 1235 1570 philosophetur
1262 1482 1502 1551 oportet.

271 1559 330 1618 2.
365 1559 595 1704 Perg]e,
633 1570 904 1632 quaeSO.
946 1573 1060 1618 nec
1092 1557 1254 1617 enim
1287 1558 1563 1634 imperite
1595 1576 1859 1620 exorsus
1895 1575 1985 1620 es.
2063 1571 2219 1638 [No-

146 1644 293 1692 nius
326 1657 378 1706 p.
418 1641 483 1691 30

270 1722 330 1785 3.
375 1738 662 1790 Scholiasta
699 1737 1149 1788 Gronovianus
1195 1739 1262 1789 ad
1294 1737 1395 1790 Cic.
1444 1744 1553 1791 Act.
1604 1742 1666 1791 11.
1707 1745 1758 1792 in
1793 1743 2002 1792 Verrem
2044 1742 2135 1796 lib.
2179 1744 2217 1795 1.

144 1838 259 1892 cap.
297 1824 382 1877 26.
423 1826 472 1886 §-
513 1823 628 1875 54.:
703 1806 818 1880 Qun·
849 1806 1255 1887 (Hortensius)
1294 1810 1469 1870 huius
1501 1811 1663 1871 modi
1696 1813 1883 1886 sionis
1908 1818 1967 1871 et
2005 1811 2219 1871 tabulis

138 1896 316 1970 pictis
340 1893 732 1967 familiariter
775 1892 1197 1953 delectabatur.
1269 1892 1352 1952 Id
1388 1893 1760 1967 manifestius
1789 1898 1851 1954 in
1879 1895 1948 1954 H
1949 1911 1985 1955 o
1999 1913 2035 1953 r
2049 1903 2165 1955 ten
2178 1929 2217 1939 -

141 1980 255 2038 sio
282 1979 532 2038 ostendit
568 1977 900 2050 dialoyo:
944 1992 1130 2050 quum
1166 1973 1224 2034 in
1270 1974 1468 2036 villam
1496 1976 1728 2037 Luculli
1762 1985 2010 2038 ventum
2047 1988 2218 2039 esset

147 2059 310 2121 omni
343 2069 641 2136 apparatu
667 2057 1007 2121 venustatis
1041 2064 1337 2119 ornatam.

270 2143 330 2201 4.
378 2144 628 2203 Lucullo
667 2141 912 2216 quidem
948 2149 1163 2202 noster
1199 2143 1502 2202 adventus
1537 2149 1600 2202 et
1636 2150 1850 2218 gratus
1899 2151 1962 2205 et
2003 2144 2217 2205 iucun-

145 2224 514 2359 (ξιιῗὶῐυίεεθ.
544 2267 557 2281 .
584 2266 642 2283 ..
720 2237 1113 2305 [Arusianus
1158 2240 1431 2292 Messius
1477 2241 1711 2307 Exempl.
1761 2242 1945 2294 elocut.
1993 2258 2045 2309 p.
2089 2243 2212 2297 232.

190 2324 240 2359 m
274 2324 377 2435 ἕω
381 2307 511 2450 {spus
541 2390 608 2434 re
652 2373 829 2432 selim
865 2374 994 2434 dari
1027 2374 1210 2448 mihi,
1239 2377 1516 2452 Luculle,
1559 2378 1771 2439 iubeas
1802 2378 2064 2439 indicem
2096 2387 2212 2439 tra·

143 2457 452 2534 giem-um,
524 2465 589 2517 ut
641 2472 908 2531 sumam,
975 2457 1156 2534 siqui
1200 2461 1358 2521 rorte
1401 2461 1544 2522 mihi
1605 2463 1849 2525 desunt.
1934 2477 2216 2544 [Nonius

145 2558 197 2607 p
242 2538 1159 2673 3ἓ6]]11.ΤιιΙΙίιιείπΗοντεηείοε
1189 2612 1427 2674 Primus
1454 2614 1738 2675 balneolo.
1758 2614 2146 2691 suspendit,
2129 2634 2215 2677 ιιι-

145 2693 328 2758 clusit
357 2695 582 2772 pisces.
648 2711 810 2778 [Idem
852 2727 902 2777 p
944 2708 1087 2777 194.]

270 2793 392 2853 7..
421 2838 435 2852 .
461 2837 479 2854 .
505 2837 522 2853 .
555 2801 617 2853 et
645 2793 1010 2855 amoenitate
1048 2808 1287 2853 summa
1318 2794 1666 2868 perfructus
1710 2801 1826 2856 est.
1898 2808 2179 2876 [Priscis

145 2891 265 2927 nus
304 2875 392 2925 lib.
428 2875 496 2928 X.
537 2892 647 2941 cap.
688 2880 739 2928 2.
777 2880 826 2940 5.
868 2874 976 2941 13.]

278 2956 338 3019 8.
382 2956 494 3017 Hic
536 2958 793 3033 primum
839 2958 1084 3018 Catulus
1126 2957 1467 3019 delectatus
1508 2957 1648 3034 ipso
1693 2961 1853 3021 loco.
1911 2973 2213 3041 [An-asia

145 3056 262 3092 nus
299 3035 576 3092 Messius
608 3057 660 3107 p.
697 3043 817 3096 224.
858 3038 1114 3105 liudem]

240 3123 328 3185 9.
376 3123 440 3185 Si
484 3124 637 3184 deus
680 3141 841 3185 unus
885 3130 1008 3197 est,
1062 3140 1222 3199 quae
1266 3140 1409 3184 esse
1450 3124 1632 3185 beata
1673 3124 1940 3187 solitudo
1986 3130 2214 3202 queat?

145 3202 551 3268 [Lactantius
588 3207 706 3261 inst.
748 3207 837 3259 lib.
877 3208 916 3257 1.
955 3222 1068 3272 cap.
1101 3204 1179 3271 7.]

277 3286 371 3345 10.
415 3291 741 3363 Finqamus
772 3292 1027 3362 aliquem
1057 3295 1232 3351 talem
1246 3336 1261 3364 ,
1303 3293 1536 3365 qualem
1573 3289 1796 3352 Tullius
1829 3291 2025 3364 fuisse
2065 3294 2212 3355 dicit

151 3363 410 3426 Oratam.
484 3370 624 3440 Quis
661 3373 816 3430 enim
841 3370 1032 3443 facile
1076 3375 1242 3434 dicat
1280 3373 1521 3433 Oratam
1556 3380 1835 3448 egestate
1867 3374 2208 3449 laborasse,
