2381 3723
139 129 265 191 418
566 127 875 188 INCERTI
906 126 1300 188 AUCTORIS
1336 125 1815 189 CONSOLATIO
2145 134 2241 190 228

139 283 198 339 in
234 278 520 340 omnibus
547 287 610 341 et
639 280 828 341 rebus
857 288 919 341 et
947 279 1357 342 animantibus
1391 277 1874 340 vicissitudinem
1905 277 2241 352 cernimuS,

137 380 274 423 eam
316 365 393 424 ab
434 362 684 425 homine
729 362 1169 439 seiungamus?
1216 362 1331 438 Qui
1372 363 1427 423 si
1469 364 1695 425 multos
1730 379 1932 424 annos
1981 361 2244 442 feliciter

140 446 386 520 vixerit,
443 447 497 508 si
549 449 865 520 sobolem,
896 448 1202 520 honoreS,
1241 463 1398 523 opes
1449 448 1839 521 adsequutus
1892 446 1998 508 diu
2048 447 2240 510 tantis

138 532 318 592 bonis
350 531 467 592 frui
494 532 800 608 potuerit,
828 533 1144 608 praeclare
1169 547 1383 592 secum
1406 548 1550 594 esse
1573 538 1777 592 actum
1806 547 1955 592 vere
1991 531 2235 596 dixerit.

139 614 281 676 166.
329 615 454 675 Sed
479 616 728 676 adversi
750 622 961 676 tamen
991 614 1222 690 aliquid
1250 615 1639 678 subeundum
1665 615 2238 691 perferendumque

134 700 542 774 relinquetur:
569 699 815 759 demum
840 701 1200 776 oppetenda
1220 716 1388 763 mors
1413 700 1554 773 erit,
1582 716 1741 775 quae
1766 716 1842 760 eo
1866 698 2067 760 levior
2092 715 2238 764 esse

137 784 354 856 debet,
391 783 560 857 quod
596 782 884 845 omnibus
918 783 1264 847 communis
1298 792 1396 846 est
1434 800 1550 847 nec
1581 784 1870 859 cuiquam
1900 782 2236 859 singularis

133 875 239 928 aut
269 867 633 944 praecipua,
678 869 792 929 sed
838 869 956 930 hoc
997 884 1252 944 quoque
1287 868 1550 944 gratior,
1597 868 1767 944 quod
1800 883 1918 929 nos
1959 884 1997 927 a
2027 868 2234 928 multis

134 952 450 1014 erroribus
495 952 824 1027 abstrahit,
871 952 1094 1029 quibus
1151 953 1359 1027 quoad
1390 951 1654 1014 vivimus
1695 952 1757 1012 in
1785 959 1955 1013 tanta
1989 951 2232 1026 opinio-

133 1053 279 1096 num
309 1036 610 1097 varietate
638 1036 1029 1113 adsiduaque
1063 1036 1196 1097 veri
1226 1035 1625 1111 inquisitione
1654 1035 2004 1113 perturbari
2037 1052 2232 1112 saepe

134 1122 409 1181 solemus
443 1126 506 1181 et
547 1121 627 1180 ad
656 1121 854 1197 ipsam
889 1122 1264 1182 cernendam
1306 1121 1753 1196 fruendaenque
1791 1118 2115 1180 veritatem
2147 1120 2230 1180 iu·

134 1205 335 1265 eunde
364 1204 649 1265 traducit.
721 1206 855 1281 Quo
893 1205 1039 1265 nihil
1088 1204 1594 1269 beatiushomini
1629 1220 1823 1280 posse
1864 1203 2231 1280 contingere

132 1288 313 1362 satis,
354 1296 423 1350 ut
462 1288 755 1362 arbitror,
799 1306 878 1349 ex
919 1306 997 1350 eo
1032 1288 1339 1366 suspicari
1382 1304 1753 1364 possumuS,
1800 1289 1971 1364 quod
2014 1286 2228 1350 innata

132 1380 230 1433 est
264 1372 497 1435 homini
539 1374 846 1450 cupiditas
890 1373 1216 1446 scientiae,
1261 1373 1395 1434 eius
1441 1380 1647 1436 autem
1686 1372 2068 1449 praestantia
2099 1389 2227 1433 non

130 1474 282 1517 sane
318 1458 500 1518 video
535 1475 658 1533 qua
688 1457 805 1518 alia
832 1459 895 1518 in
926 1475 995 1519 re
1027 1457 1142 1520 nisi
1171 1457 1230 1517 in
1262 1458 1538 1534 perfecta
1562 1457 1838 1518 veritatis
1871 1456 2227 1533 cognitione

130 1540 334 1616 posita
369 1541 469 1601 sit.
527 1543 622 1601 Ex
658 1559 782 1617 quo
818 1541 890 1601 fit
920 1549 989 1603 ut
1018 1542 1291 1603 veritatis
1327 1541 1737 1618 cognitionem
1773 1541 2055 1604 adsecuti
2089 1557 2221 1618 per·

130 1627 288 1684 fecta
344 1626 755 1700 absolutaque
812 1624 1069 1686 scientia
1116 1626 1448 1700 potiamur,
1508 1642 1778 1703 vereque
1830 1625 1950 1687 dici
1991 1633 2220 1701 potest,

131 1708 235 1782 qui
277 1708 592 1769 veritatem
643 1709 952 1776 intucatur
1004 1726 1321 1787 sensuque
1373 1711 1700 1788 percipiat,
1757 1727 1899 1773 eum
1949 1710 2082 1772 voti
2125 1707 2217 1771 sui

128 1800 476 1870 compotem
501 1810 776 1871 vereque
800 1795 1047 1855 beatum
1074 1811 1237 1855 esse.
1324 1795 1534 1857 XLIX.
1582 1795 1719 1856 167.
1758 1796 1936 1871 Quod
1962 1794 2015 1855 si
2038 1795 2216 1855 beata

126 1877 253 1938 vita
297 1880 652 1954 quaerenda
696 1879 877 1942 nobis
922 1887 1020 1941 est
1060 1897 1177 1940 nec
1218 1880 1556 1957 quidquam
1604 1879 1962 1957 fugiendum
2002 1878 2211 1954 magis,

128 1979 312 2036 quam
347 1980 426 2023 ne
458 1963 842 2026 miseriarum
871 1964 1171 2040 gravitate
1212 1978 1591 2041 premamur,
1639 1964 1786 2041 quid
1831 1965 1937 2025 illo
1969 1964 2212 2025 homine

128 2047 374 2108 stultius
407 2055 514 2109 aut
543 2046 827 2111 stolidius
859 2049 1115 2126 reperim·
1136 2056 1376 2125 potest,
1410 2066 1570 2124 quae
1597 2056 1985 2111 caeterorum
2018 2055 2212 2110 morte

124 2129 206 2190 ita
253 2131 523 2206 angitur,
566 2140 633 2193 ut
662 2135 881 2194 beatae
911 2134 1073 2194 vitae
1106 2133 1333 2195 oblitus
1380 2134 1664 2195 miseram
1694 2141 1882 2209 atque
1911 2131 2210 2193 infelicem

127 2219 895 2278 consecteturY‘Prosecto
933 2218 1091 2278 enim
1133 2217 1221 2278 ita
1266 2235 1336 2278 se
1380 2235 1482 2279 res
1520 2219 1737 2291 habet,
1780 2225 1849 2279 ut
1890 2216 2010 2279 nisi
2051 2231 2210 2277 mor-

125 2298 199 2359 tis
233 2300 598 2376 dolorisque
629 2301 848 2362 timore
879 2301 1171 2363 liberatus
1215 2302 1326 2375 sit,
1372 2303 1553 2363 etiam
1593 2303 1649 2364 si
1678 2304 1903 2363 multas
1934 2300 2208 2375 cognitas

126 2392 584 2460 perceptasque
632 2384 892 2445 virtutes
932 2386 1156 2446 habeat
1203 2392 1569 2462 rectumque
1620 2394 1682 2448 et
1730 2402 1999 2461 aequum
2049 2380 2210 2446 omni

124 2468 308 2542 plane
354 2468 591 2528 utilitati
635 2475 997 2544 anteponat,
1054 2470 1276 2531 beatus
1322 2478 1528 2531 tamen
1575 2487 1718 2532 esse
1761 2487 1946 2531 nemo
1993 2468 2209 2546 possit.

123 2549 277 2625 Quid
309 2550 468 2611 enim
503 2553 668 2613 aliud
701 2553 885 2614 dolor
913 2561 1012 2615 est
1052 2553 1171 2614 nisi
1215 2554 1525 2616 cruciatus
1558 2553 1742 2616 animi
1781 2553 1963 2629 isque
1993 2568 2209 2630 perpe·

123 2637 304 2696 tuus?
347 2636 494 2713 quid
523 2637 685 2698 aliud
719 2637 900 2699 timor
940 2639 1057 2700 nisi
1096 2638 1397 2701 adsiduus
1435 2639 1773 2700 invisarum
1815 2655 1890 2699 ac
1927 2639 2209 2700 molesta·

121 2736 254 2779 rum
292 2738 496 2781 rerum
528 2724 768 2783 metus?
859 2721 999 2807 168.
1034 2725 1128 2783 4Αἰ
1150 2741 1276 2798 quo
1303 2725 1491 2789 modo
1517 2724 1660 2784 felix
1687 2732 1795 2785 aut
1821 2724 2041 2784 beatus
2064 2735 2208 2783 esse

124 2804 377 2879 poterit,
415 2806 520 2882 qui
554 2807 818 2868 adsiduo
854 2804 1126 2870 crueiatu
1164 2816 1459 2884 metuque
1489 2808 1886 2884 urguebituri
1943 2805 2100 2882 Quin
2134 2821 2206 2865 eo

120 2887 404 2950 miserior
443 2898 631 2966 atque
672 2890 974 2953 infelicior
1010 2892 1346 2953 existimari
1389 2893 1602 2965 debet,
1646 2893 1818 2968 quod
1850 2908 1974 2952 non
2006 2892 2203 2951 solum

119 2971 233 3032 sibi
265 2973 383 3050 ipsi
414 2975 755 3036 molestiam
789 2975 1224 3052 miseriamque
1248 2976 1661 3053 comparabit,
1692 2977 1808 3037 sed
1837 2976 1895 3036 in
1937 2983 2204 3036 caetero·

119 3074 251 3116 rum
278 3057 457 3119 etiam
483 3076 833 3121 sermonem
866 3077 938 3121 ac
970 3061 1483 3139 vituperationem
1515 3060 1804 3121 incurret.
1861 3059 2016 3120 Nihil
2049 3058 2201 3119 enim

122 3141 303 3201 nimio
330 3145 547 3204 dolore
571 3145 936 3218 deformiuS,
975 3145 1120 3205 nihil
1151 3163 1186 3205 a
1219 3146 1351 3207 viro
1381 3145 1660 3206 alieniuS.
1708 3146 1802 3218 Et,
1834 3144 1889 3205 si
1922 3141 2198 3219 corporis

119 3224 519 3295 pravitatibus
558 3227 927 3303 vituperatio
978 3230 1305 3305 proposita
1347 3237 1473 3302 est,
1527 3229 1689 3290 vitiis
1742 3228 1927 3305 ipsis,
1981 3227 2197 3302 quibus

120 3305 357 3365 laborat
398 3310 668 3382 animus,
713 3311 858 3371 nihil
902 3313 1330 3389 turpitudinis,
1374 3310 1518 3373 nihil
1566 3313 1845 3374 inuretur
1883 3308 2197 3372 infamiae?

119 3384 225 3440 illa
267 3404 415 3445 vero
464 3398 524 3446 et
563 3393 849 3462 graviora
892 3404 1038 3456 sunt
1078 3404 1140 3457 et
1174 3397 1388 3458 maiori
1430 3396 1970 3458 animadversione
2015 3390 2195 3455 vindi·
