2381 3723
187 130 313 193 414
606 130 907 193 INCERTI
941 129 1328 192 AUCTORIS
1365 129 1839 191 CONSOLATIO
2181 145 2278 197 224

185 282 423 344 animos
466 282 645 343 simul
689 299 826 343 cum
850 282 1225 359 corporibus
1257 282 1504 344 interire
1535 284 1898 357 contendat,
1941 301 2095 347 eum
2133 304 2271 349 con-

183 374 276 426 tra
314 365 825 427 rationemnulla
875 366 1082 427 nixum
1121 366 1355 428 ratione
1393 383 1692 443 pugnare.
1787 366 1922 428 153.
1983 369 2178 445 Quod
2222 373 2268 432 si

183 450 517 511 auctoritas
562 451 913 526 quaerenda
954 450 1061 525 sit,
1108 468 1290 527 quem
1324 450 1669 526 graviorem
1701 450 2023 512 nominare
2052 463 2267 515 aucto-

181 551 308 595 rem
357 549 614 609 possum
661 551 842 610 quam
879 551 1051 609 eum,
1099 552 1281 611 quem
1305 536 1531 611 Apollo
1566 533 1702 609 ipse
1742 534 2266 611 sapientissimum

182 617 453 679 omnium
493 617 969 692 pronunciavit?
1055 619 1237 679 Cuius
1279 617 1693 679 testimonium
1736 620 1857 684 tale
1894 620 2039 692 fuit,
2083 630 2158 683 ut
2185 621 2265 682 di·

183 701 369 762 vinos,
410 717 554 761 esse
588 700 901 762 hominum
930 702 1167 764 animos
1200 709 1263 762 et
1302 718 1415 764 eos
1452 717 1716 777 corpore
1750 704 1995 764 solutos
2036 705 2099 765 in
2134 722 2264 766 cae·

178 786 304 844 lum
345 783 707 859 remigrare,
753 786 920 846 unde
949 786 1120 862 prius
1155 785 1500 859 venissent,
1547 784 1608 845 in
1638 785 1803 846 omni
1833 803 2134 849 sermone
2161 790 2262 849 ad·
2347 813 2348 828 ¹

180 875 517 928 severaret.
605 870 670 928 In
727 886 850 944 quo
910 886 1048 930 cum
1086 869 1476 946 philosophis
1527 868 1644 930 illis
1696 869 2049 946 consensit,
2104 889 2260 948 quos

179 953 493 1027 quondam
537 953 784 1013 Italicos
835 953 1170 1014 nominavit
1213 953 1541 1029 antiquitas
1590 952 1980 1030 maximeque
2024 956 2256 1017 nobiles
2347 993 2348 998 κ

177 1036 495 1097 iudicavit:
532 1053 795 1111 quorum
815 1053 1063 1113 semper
1081 1044 1385 1108 constans¹
1399 1036 1511 1097 fuit
1530 1035 1738 1112 opinio
1762 1037 1995 1099 demitti
2021 1039 2256 1100 animos
2347 1047 2348 1052 ’

177 1137 212 1180 e
254 1123 425 1183 caelo
463 1120 831 1197 divinaeque
872 1121 1093 1183 mentis
1128 1138 1241 1183 eos
1273 1137 1417 1183 esse
1447 1138 1572 1181 non
1605 1123 1806 1182 solum
1841 1138 2101 1196 munus,
2148 1122 2253 1184 sed

176 1204 355 1265 etiam
387 1211 624 1282 partem
659 1204 1049 1281 praecipuam
1082 1222 1155 1266 ac
1186 1205 1519 1281 propriam.
1610 1206 1790 1280 Quod
1820 1205 1873 1266 si
1902 1222 2093 1268 secus
2119 1222 2255 1267 esse

177 1288 505 1365 quisquam
536 1296 738 1365 putet,
778 1289 954 1349 haud
990 1306 1142 1351 sane
1174 1288 1351 1350 facile
1384 1287 1533 1365 quid
1566 1289 1770 1350 multis
1799 1297 1861 1350 et
1889 1289 2253 1352 firmissimis

172 1371 232 1432 in
283 1373 441 1433 hanc
489 1373 854 1435 sententiam
888 1372 1263 1447 argumentis
1304 1374 1687 1449 respondere
1730 1372 1931 1448 possit
1965 1374 2251 1434 inveniet.

175 1456 277 1517 Sic
300 1456 460 1517 enim
492 1458 674 1533 plane
697 1455 995 1534 cognosci
1017 1473 1089 1519 ac
1110 1473 1301 1518 sensu
1325 1456 1463 1532 ipso
1489 1456 1807 1517 diiudicari
1831 1463 2063 1533 potest,
2095 1474 2250 1518 sum-

174 1558 335 1600 mam
380 1557 522 1601 esse
567 1557 889 1616 paeneque
936 1538 1357 1602 incredibilem
1389 1540 1450 1600 in
1502 1538 1722 1601 animis
1761 1539 2138 1601 celeritatem
2183 1555 2251 1600 ac

176 1624 660 1699 festinationem,
698 1624 872 1684 cuius
897 1641 1050 1700 ope,
1083 1640 1242 1701 quae
1267 1640 1496 1699 corpus
1519 1641 1644 1685 non
1672 1624 1858 1685 modo
1885 1631 2057 1686 certo
2090 1641 2249 1685 men-

174 1706 358 1779 sium,
408 1707 521 1767 sed
550 1708 655 1768 vix
687 1707 865 1767 etiam
896 1724 1193 1769 annorum
1228 1706 1429 1784 spatio
1463 1709 1762 1784 perficere
1785 1715 1975 1784 atque
1997 1705 2249 1783 exsequi

172 1799 423 1869 posset,
469 1807 543 1850 ea
572 1791 689 1869 ipsi
715 1809 837 1853 non
866 1791 1050 1853 modo
1075 1793 1264 1853 semel
1291 1799 1522 1868 puncto
1547 1792 1845 1869 temporis
1873 1806 2245 1868 percurrere,

172 1878 284 1937 sed
329 1875 507 1936 etiam
551 1876 800 1952 saepius
851 1875 1205 1950 excogitare
1247 1881 1309 1935 et
1352 1882 1637 1951 repetere
1683 1874 1964 1937 facillime
2006 1882 2246 1953 queant.
2347 1866 2348 1909 l

169 1960 352 2021 XLV.
415 1960 553 2020 154.
645 1961 823 2036 Quod
865 1959 918 2020 si
953 1960 1169 2021 mirum
1199 1957 1469 2032 videtur,
1520 1975 1633 2021 cur
1669 1975 1794 2020 non
1837 1959 2246 2027 admirabilius

172 2051 500 2104 censeatur
523 2040 878 2104 meminisse
901 2043 1166 2104 animum
1187 2049 1309 2102 tam
1336 2044 1524 2103 multa
1546 2042 2092 2105 innumerabilibus
2114 2049 2246 2103 ante

170 2127 437 2188 saeculis
491 2134 702 2202 gesta,
763 2143 922 2202 quae
966 2129 1168 2188 futura
1213 2134 1359 2188 sunt
1398 2126 1729 2202 cogitando
1776 2126 2137 2203 prospicere
2176 2140 2244 2184 ac

171 2228 295 2271 non
341 2211 527 2272 modo
579 2209 956 2285 praesentia,
1004 2211 1114 2272 sed
1159 2209 1340 2271 etiam
1375 2209 1701 2286 praeterita
1736 2218 1799 2270 et
1831 2212 2034 2272 futura
2063 2209 2241 2270 veluti

169 2294 350 2354 deum
377 2293 581 2355 omnia
605 2293 927 2369 complecti
959 2310 1034 2353 ac
1064 2294 1180 2355 sub
1213 2296 1427 2354 oculos
1460 2293 1762 2356 subiicere
1793 2295 2049 2355 conari?
2100 2292 2240 2368 Quis

168 2377 429 2452 dubitet,
472 2393 658 2453 quum
689 2377 843 2436 haec
873 2375 1167 2452 intelligat
1194 2378 1538 2453 eademque
1564 2377 1625 2438 in
1658 2394 1728 2437 se
1757 2377 1896 2454 ipso
1930 2383 2235 2453 agnoscat,

169 2461 440 2521 divinum
484 2476 628 2521 esse
666 2458 960 2534 animum,
1017 2477 1160 2533 nec,
1204 2461 1259 2523 si
1293 2458 1502 2521 divina
1536 2468 1785 2522 aeterna
1828 2469 2003 2533 sunt,
2045 2460 2236 2537 ipsum

169 2561 313 2606 esse
354 2545 718 2605 mortalem?
777 2561 963 2620 quum
1007 2544 1369 2622 praesertim
1411 2545 1651 2606 duabus
1693 2561 1772 2604 ex
1821 2545 2042 2618 rebuS,
2086 2557 2232 2619 quae

166 2628 539 2706 praecipuae
571 2627 628 2689 in
664 2627 863 2690 animo
897 2637 1066 2700 sunt,
1102 2627 1259 2689 illius
1284 2634 1535 2689 aeterna
1557 2634 1772 2689 natura
1800 2628 1974 2689 facile
2000 2621 2231 2700 intelligi

168 2730 240 2774 ac
270 2713 647 2790 deprehendi
692 2712 912 2790 possit.
1002 2713 1171 2773 Haec
1219 2719 1420 2773 autem
1468 2719 1615 2774 sunt
1655 2720 1891 2785 motus,
1940 2711 2129 2788 quiin
2163 2724 2226 2768 eo

170 2797 539 2874 praecipuus
577 2805 700 2871 est,
743 2795 1108 2873 principium
1145 2812 1220 2857 ac
1254 2796 1655 2873 perpetuitas.
1746 2796 1941 2871 Quum
1974 2795 2131 2856 enim
2163 2807 2227 2852 ex

170 2899 239 2943 se
286 2882 426 2959 ipso
474 2888 798 2943 moveatur
828 2897 943 2941 nec
971 2879 1249 2953 aliunde,
1296 2887 1364 2941 ut
1401 2886 1672 2953 caetera,
1720 2878 2084 2956 principium
2119 2892 2228 2936 mo-

165 2973 268 3027 tus
311 2972 648 3039 mutuetur,
709 2981 948 3027 summa
991 2971 1193 3025 autem
1237 2964 1296 3025 in
1343 2981 1449 3037 e0,
1510 2979 1693 3039 quam
1735 2962 1838 3024 diu
1875 2963 1937 3024 in
1982 2973 2229 3039 corpore

167 3056 292 3124 est,
339 3049 716 3127 perpetuitas
747 3059 952 3110 motus
983 3056 1309 3126 appareat,
1352 3046 1581 3124 quippe
1613 3064 1773 3124 quae
1804 3046 1986 3107 etiam
2016 3046 2076 3107 in
2107 3047 2228 3105 dor·

166 3133 493 3195 mientibus
525 3143 895 3208 agnoscatur
933 3140 996 3192 et
1023 3132 1260 3208 vigeat,
1305 3130 1533 3194 idcirco
1568 3130 1829 3192 dubitari
1857 3132 2026 3192 nullo
2058 3127 2229 3190 modo

168 3223 377 3288 potest
431 3217 574 3290 quin
639 3217 878 3276 divinus
933 3216 1014 3277 sit
1062 3225 1123 3276 et
1165 3215 1576 3291 sempiternus
1621 3216 1882 3276 futurus.
1988 3214 2129 3274 155.
2169 3210 2234 3268 Et

167 3312 318 3355 sane
354 3296 436 3356 ita
480 3315 623 3357 esse
654 3299 806 3358 ratio
842 3298 1027 3358 vincit
1055 3306 1115 3359 et
1144 3316 1347 3359 rerum
1380 3300 1601 3373 probat
1631 3297 1855 3358 exitus.
1942 3296 2056 3358 Dei
2085 3293 2234 3356 enim

164 3377 366 3448 imago
401 3381 702 3450 quaedam
734 3380 971 3439 animus
1005 3388 1102 3442 est
1131 3399 1210 3442 ex
1236 3382 1375 3457 ipso
1407 3382 1524 3443 deo
1557 3381 1820 3442 delibata
1848 3395 1922 3440 ac
1943 3381 2231 3456 profecta·
