2381 3723
189 128 261 184 69
971 117 1473 180 FRAGMENTA.
2136 122 2262 185 259

186 270 407 329 beatus
438 283 620 328 nemo
655 284 798 329 esse
828 284 1020 345 posse
1050 269 1346 331 videatur.
1406 272 1471 330 In
1508 284 1765 346 quorum
1800 270 1992 332 rixam
2026 271 2078 332 si
2101 276 2258 334 Aca·

190 351 465 413 demicus
517 349 867 425 incurrerit,
915 362 1216 428 utrosque
1265 353 1472 414 audiet
1520 354 1832 414 trahentes
1880 371 1950 415 se
1990 355 2067 414 ad
2116 372 2259 417 suas

187 441 415 510 partes.
479 433 604 496 Sed
635 433 687 495 si
717 432 778 494 in
806 433 945 497 illos
974 443 1080 497 aut
1106 435 1165 496 in
1197 435 1353 497 istos
1386 435 1793 510 concesserit,
1826 437 1902 498 ab
1940 437 2056 511 eiS,
2103 455 2260 513 quos

189 516 449 592 deserit,
490 517 776 591 insanus,
819 516 1138 594 imperitus
1184 520 1669 595 temerariusque
1704 519 2079 581 clamabitur.
2146 522 2262 582 Ita—

189 617 311 677 que
341 617 530 676 quum
559 607 621 661 et
650 600 773 662 huc
803 610 864 662 et
894 602 1035 662 illuc
1067 618 1277 662 aurem
1324 602 1645 678 diiigenter
1671 602 2041 675 admoverit,
2087 603 2264 664 inter-

186 691 445 759 rogatus
481 683 626 759 quid
657 685 711 745 ei
741 683 1024 745 videatur
1053 684 1333 746 dubitare
1362 702 1433 747 se
1464 685 1642 747 dicet.
1699 687 1874 763 Roga
1910 702 2074 747 nunc
2106 685 2264 747 Stoi·

188 783 327 828 cum
364 766 502 844 quis
545 765 624 828 sit
667 766 909 841 melior,
943 767 1358 845 Epicurusne,
1394 768 1498 845 qui
1531 768 1792 829 delirare
1824 770 1986 830 illum
2024 770 2262 844 clamat,

187 867 263 911 an
289 849 700 912 Academicus
718 897 733 924 ,
760 850 865 927 qui
887 850 1002 912 sibi
1026 852 1228 912 adhuc
1253 853 1331 913 de
1351 869 1420 913 re
1445 858 1609 913 tanta
1634 851 2093 914 deliberandum
2120 869 2263 913 esse

184 933 573 1010 pronunciat.
632 934 821 996 Nemo
855 934 1089 995 dubitat
1118 935 1557 997 Academicum
1592 938 1929 1011 praelatum
1963 936 2053 1021 ip.
2111 936 2264 996 Rur-

187 1034 296 1078 sus
328 1023 392 1078 te
424 1018 505 1078 ad
535 1016 699 1078 illum
733 1026 1026 1079 converte
1060 1026 1120 1078 et
1149 1035 1378 1094 quaere
1410 1035 1591 1095 quem
1623 1018 1817 1094 magis
1851 1024 2041 1092 amet,
2071 1019 2263 1079 Zeno-

187 1116 358 1174 nem,
389 1118 426 1160 a
461 1117 584 1174 quo
620 1101 820 1162 bestia
863 1101 1242 1174 nominatur,
1284 1119 1368 1167 an
1404 1102 1775 1176 Arcesilam,
1820 1119 1857 1162 a
1899 1119 2021 1177 quo
2062 1100 2262 1162 audita

187 1184 278 1244 Tu
321 1185 585 1245 fortasse
633 1200 844 1246 verum
890 1184 1072 1257 dicis,
1119 1185 1236 1245 sed
1276 1185 1583 1261 requiram
1627 1184 2009 1261 diligentius,
2059 1201 2264 1245 nonne

186 1276 469 1342 apertum
506 1273 602 1328 est
642 1275 832 1329 totam
870 1267 1029 1328 illam
1056 1268 1360 1344 porticum
1394 1268 1690 1341 insanam,
1721 1268 2131 1330 Academicos
2158 1285 2264 1327 au-

183 1358 311 1411 tem
334 1366 483 1425 prae
505 1349 624 1412 illis
640 1352 964 1413 modestos
990 1359 1332 1427 cautosque
1356 1351 1636 1413 homines
1658 1351 1852 1413 visum
1868 1351 1940 1412 iri
1956 1344 2264 1428 Epicuro?

187 1433 629 1499 [Augustinus
666 1444 825 1485 contr.
863 1435 1024 1488 Acad.
1062 1435 1151 1484 lib.
1189 1436 1271 1485 111.
1312 1450 1423 1500 cap.
1463 1438 1514 1489 7.
1552 1436 1694 1487 Tom.
1735 1437 1823 1488 IV.
1858 1450 1907 1499 p.
1947 1433 2097 1499 441.]

318 1514 376 1574 5.
423 1516 527 1577 Ait
558 1515 761 1578 Cicero
791 1515 1181 1577 Academicis
1227 1533 1460 1578 morem
1504 1517 1695 1578 fuisse
1738 1515 2085 1577 occultandi
2130 1531 2263 1576 sen·

184 1599 438 1660 tentiam
472 1613 648 1660 suam
683 1615 799 1659 nec
837 1615 970 1660 eam
1018 1599 1299 1675 cuiquam
1333 1599 1450 1661 nisi
1497 1600 1600 1675 qui
1638 1614 1847 1661 secum
1878 1599 1957 1660 ad
1988 1606 2264 1662 senectu-

187 1689 312 1743 tem
350 1698 551 1758 usque
588 1682 848 1744 vixisset
892 1684 1132 1760 aperire
1174 1699 1539 1768 consuesse.
1630 1697 1792 1765 [Idem
1835 1700 1960 1749 ibid.
2020 1714 2131 1767 cap.
2181 1697 2260 1749 20.

187 1785 240 1847 S.
270 1782 358 1836 43.
387 1782 560 1834 ·T.1v.
596 1796 649 1846 p.
685 1777 831 1844 455.]

316 1851 387 1911 ΙΙ.
432 1847 916 1912 FRAGMENTA
955 1849 1195 1924 LIBRI,
1236 1874 1293 1916 ut
1327 1866 1551 1926 videtur,
1594 1850 1695 1910 ΙΙΙ.
1727 1849 1831 1911 DE
1864 1848 2039 1911 NAT.
2084 1846 2266 1909 DEO-

187 1933 362 1997 RUM
395 1957 589 2016 septem
623 1950 742 1999 vide
767 1950 869 2013 ipsi
899 1947 1027 1998 libro
1059 1949 1362 2013 subscripta.

320 2033 419 2093 ΠΙ.
453 2033 561 2093 EX
587 2031 734 2091 LlB.
764 2031 812 2090 Ι.
843 2032 946 2092 DE
975 2029 1498 2091 DIVINATIONE.

317 2116 730 2178 Antecellunt·
820 2129 1201 2195 [Diomedes
1236 2130 1327 2179 ub.
1361 2132 1399 2182 1.
1439 2146 1492 2196 p.
1525 2128 1644 2181 371.
1678 2124 1907 2193 rumen]

316 2213 419 2273 IV·
461 2214 570 2273 EX
600 2212 744 2272 LIB·
777 2211 881 2271 DE
907 2210 1120 2272 FATO
1176 2228 1277 2279 duo
1327 2228 1612 2295 fragmenta
1656 2226 1772 2278 vide
1819 2226 1886 2277 ad
1919 2225 2037 2276 libri
2078 2225 2269 2275 exitum

188 2318 395 2442 posiss·
435 2378 917 2442 FRAGMENTA
944 2378 1350 2441 LmRoRUM
1378 2379 1482 2441 DE
1507 2377 1839 2441 Lsselsus
1889 2382 1990 2458 spa
2040 2392 2104 2441 «ιο
2140 2389 2269 2456 mgi-

187 2486 288 2534 bus
326 2481 469 2531 libris
507 2480 733 2530 subiecta
769 2478 1019 2543 leguntur.

355 2675 420 2735 F.
508 2670 991 2733 FRAGMENTA
1029 2666 1433 2728 LIBRORUM
1466 2667 1570 2728 DE
1605 2662 2120 2727 PHILOSOPHIA

982 2749 1468 2812 AMISSORUM.

732 2890 780 2940 1.
816 2882 1228 2937 OEGONOMIOA
1266 2879 1735 2934 XENOPHONTIS.

931 3007 1149 3046 NOTITIA
1189 3002 1531 3044 LITTERARIA.
1613 3014 1618 3019 ·

303 3087 635 3140 oeconomica
670 3088 867 3138 videtur
905 3088 1079 3139 Cicero
1110 3101 1157 3135 a.
1197 3101 1250 3151 p.
1291 3101 1341 3138 u.
1377 3101 1421 3135 c.
1453 3082 1573 3135 670.
1608 3088 1694 3131 aut
1731 3095 1861 3130 anno
1888 3080 2116 3142 sequenti
2146 3080 2270 3128 scri·

187 3159 380 3224 psisse,
401 3156 786 3208 oeconomicum
816 3155 961 3205 Xeno
1000 3154 1240 3206 honteum
1260 3160 1462 3204 secutus
1491 3158 1577 3200 aut
1600 3149 1769 3215 potius
1793 3149 2163 3214 interpretatus,
2196 3145 2267 3213 [v.

188 3227 257 3278 de
275 3226 366 3292 off.
388 3225 479 3276 lib.
495 3225 560 3275 11.
584 3239 696 3289 cap.
715 3228 797 3276 24.
812 3226 860 3287 5.
876 3222 963 3275 87.
1005 3223 1148 3273 cuius
1161 3224 1333 3287 operis
1349 3220 1633 3272 Macrobius
1647 3215 1848 3272 Saturn.
1866 3215 2032 3268 nb.11.
2052 3231 2165 3281 cap.
2189 3215 2269 3265 16.

189 3294 377 3345 librum
397 3295 602 3344 tertium
622 3300 882 3353 memorat,
906 3290 1114 3341 Servius
1135 3299 1306 3340 autem
1325 3291 1393 3340 ad
1408 3291 1555 3354 Virg.
1584 3288 1763 3351 Georg.
1782 3287 1822 3339 1.
1839 3284 1924 3336 43.
1947 3286 2150 3335 omnino
2172 3291 2273 3333 tres

191 3363 355 3414 fuisse
390 3363 550 3413 libros
582 3369 768 3423 narrat,
797 3374 1007 3423 quorum
1028 3360 1246 3425 primum
1280 3359 1350 3408 ait
1376 3365 1644 3424 praecepta
1664 3354 1868 3412 habere,
1900 3368 2048 3417 quem
2077 3353 2142 3402 ad
2167 3363 2271 3399 mo·

1739 3423 1865 3481 17*
