2381 3723
81 142 199 205 148
433 214 444 219 K
561 141 890 203 LAELIUS
925 143 1029 202 DE
1053 141 1416 202 AMICITIA
1450 141 1680 201 LIBER
2087 154 2153 203 32

79 293 261 356 stanti
300 291 530 356 homini
567 311 758 370 posse
800 295 1190 368 contingere,
1241 300 1309 353 ut
1350 294 1476 353 ulla
1515 289 1885 352 intermissio
1927 291 2033 351 fiat
2071 293 2155 353 of-

78 377 216 439 ficii.
305 377 365 437 9.
406 377 497 438 Tu
526 384 759 450 autem,
815 375 1037 449 Fanni,
1090 375 1259 451 quod
1300 375 1446 435 mihi
1487 381 1718 435 tantum
1756 372 1936 436 tribui
1986 373 2156 449 diciS,

78 468 370 538 quantum
402 477 518 536 ego
555 477 670 521 nec
700 477 977 536 agnosco
1009 475 1124 519 nec
1160 461 1410 535 postulo
1430 507 1445 533 ,
1480 458 1628 519 faciS
1664 457 1890 531 amice,
1924 459 2056 531 sed,
2090 466 2156 519 ut

77 544 219 605 mihi
256 543 511 616 videriS‚
546 560 670 604 non
704 550 872 604 recte
901 543 1137 604 iudicas
1170 543 1249 603 de
1280 543 1531 603 Catone.
1607 545 1732 603 Aut
1762 540 1920 602 enim
1953 557 2154 615 nemo,

77 628 245 703 quod
278 626 523 701 quidem
559 626 755 702 magis
800 627 1019 699 credo,
1073 634 1210 699 aut,
1263 626 1316 686 si
1363 625 1708 702 quisquam,
1761 625 1861 685 ille
1907 625 2153 701 sapiens

77 711 209 771 suit.
296 711 428 785 Quo
461 710 680 781 modo,
714 717 781 770 ut
808 709 927 770 alia
957 709 1257 784 omittam,
1296 718 1554 770 mortem
1586 708 1690 769 filii
1722 706 1884 769 tulit!
1950 709 2156 770 Memi-

76 810 286 855 neram
320 794 628 866 Paullum,
680 791 951 854 videram
988 796 1254 867 Gallum,
1301 795 1414 854 sed
1447 793 1508 854 hi
1538 792 1599 854 in
1627 792 1868 870 pueriS,
1918 794 2062 854 Cato
2094 794 2152 854 in

74 878 353 954 perfecto
395 883 457 937 et
498 883 779 954 spectato
813 876 971 939 viro.
1066 877 1161 937 10.
1209 879 1402 953 Quam
1448 878 1528 938 ob
1571 893 1701 938 rem
1747 892 1900 937 cave
1943 877 2155 938 Catoni

76 968 423 1036 anteponas
469 977 548 1021 ne
591 960 773 1022 istum
821 961 1068 1036 quidem
1099 960 1331 1035 ipsum,
1393 977 1575 1036 quem
1616 961 1876 1036 Apollo,
1937 966 2006 1022 ut
2045 959 2154 1034 aiS,

77 1042 594 1120 sapientissimum
659 1044 966 1107 iudicavit.
1052 1043 1250 1106 Huius
1303 1043 1461 1104 enim
1522 1046 1712 1117 facta,
1772 1042 1932 1104 illius
1998 1042 2155 1104 dicta

77 1128 418 1189 laudantur.
487 1129 579 1189 De
619 1145 717 1188 me
761 1139 1000 1202 autem,
1050 1136 1119 1189 ut
1147 1127 1264 1189 iam
1298 1145 1435 1189 cum
1466 1134 1732 1205 utroque
1761 1136 2034 1189 vestrum
2069 1129 2153 1189 lo·

80 1228 263 1286 quar,
305 1211 395 1272 sic
426 1212 737 1272 habetote.

79 1376 140 1437 id
170 1386 341 1439 recte
371 1379 591 1439 faciam
624 1378 888 1441 viderint
927 1379 1274 1455 sapienteS,
1316 1380 1429 1440 sed
1468 1385 1646 1439 certe·
1677 1378 1953 1439 mentiar.
2027 1381 2141 1440 Mo

81 1478 232 1522 veor
262 1461 423 1523 enim
454 1460 556 1522 tali
584 1462 780 1525 amico
816 1463 1100 1536 orbatuS,
1145 1461 1372 1538 qualis,
1405 1469 1475 1524 ut
1495 1460 1788 1536 arbitror,
1820 1478 1998 1523 nemo
2030 1479 2155 1523 um·

82 1560 264 1619 quam
310 1543 451 1616 erit,
501 1552 572 1606 ut
620 1546 988 1607 confirmare
1030 1562 1322 1622 possum,
1373 1562 1557 1607 nemo
1615 1552 1783 1606 certe
1826 1545 1953 1607 suit.
2029 1545 2155 1606 Sed

79 1644 204 1687 non
230 1642 385 1702 egeo
417 1626 749 1689 medicina:
797 1629 1053 1705 meipse
1080 1632 1374 1692 consolor
1404 1637 1467 1690 et
1486 1628 1747 1690 maxime
1771 1626 1875 1690 illo
1900 1628 2154 1700 solaci0,

83 1710 254 1784 quod
284 1726 361 1771 eo
398 1728 611 1772 errore
643 1728 857 1785 careo,
890 1730 1015 1788 quo
1043 1710 1382 1775 amicorum
1408 1715 1677 1774 decessu
1711 1712 1985 1788 plerique
2014 1711 2157 1788 angi

82 1794 303 1855 solent.
382 1794 538 1854 Nihil
584 1794 725 1856 mali
756 1795 1061 1858 accidisse
1091 1795 1364 1874 Scipioni
1405 1804 1585 1875 puto:
1632 1795 1776 1857 mihi
1804 1796 2055 1870 accidit,
2105 1795 2158 1856 si

82 1876 229 1951 quid
258 1878 509 1940 accidit:
556 1879 685 1941 suis
725 1887 929 1942 autem
959 1880 1368 1943 incommodis
1398 1880 1665 1957 graviter
1687 1882 1827 1957 angi
1858 1898 1980 1943 non
2013 1881 2151 1940 ami⁴

81 1980 253 2034 cum,
312 1964 426 2024 sed
469 1963 768 2041 seipsum
816 1966 1074 2026 amantis
1127 1974 1244 2027 est.
1341 1966 1433 2025 11.
1482 1966 1629 2027 Cum
1673 1964 1775 2026 illo
1826 1981 1972 2027 vero
2018 1962 2154 2039 quis

82 2054 266 2121 neget
305 2055 506 2108 actum
544 2065 687 2109 esse
724 2051 1074 2125 praeclare?
1146 2050 1272 2110 Nisi
1307 2048 1497 2122 enim,
1555 2049 1724 2124 quod
1769 2048 1868 2109 ille
1912 2046 2156 2108 minime

80 2130 368 2203 putabat,
399 2130 907 2193 immortalitatem
946 2145 1161 2210 optare
1198 2134 1410 2206 vellet,
1444 2131 1590 2208 quid
1615 2149 1739 2194 non
1771 2133 2034 2208 adeptus
2059 2139 2154 2191 es·
2232 2177 2238 2179 -

82 2213 253 2285 quod
280 2212 511 2274 homini
545 2217 637 2274 sas
679 2224 848 2276 esset
885 2220 1141 2292 optare?
1204 2217 1307 2292 qui
1349 2233 1646 2277 summam
1692 2233 1865 2292 spem
1913 2214 2154 2287 civium,

81 2311 263 2369 quam
303 2296 384 2356 de
417 2314 492 2358 eo
527 2298 644 2358 iam
683 2315 875 2373 puero
911 2300 1282 2373 habuerant,
1329 2298 1621 2362 continuo
1655 2301 2023 2361 adolescens
2068 2298 2154 2358 in·

81 2377 352 2438 credibili
379 2377 604 2441 virtute
629 2381 973 2458 superavit:
1025 2384 1129 2460 qui
1156 2385 1543 2445 consulatum
1564 2383 1781 2460 petivit
1804 2398 2156 2458 numquam,

82 2462 278 2521 sactus
316 2466 534 2524 consul
567 2474 662 2525 est
690 2464 814 2537 bis,
857 2466 1118 2541 primum
1153 2477 1294 2528 ante
1324 2475 1598 2544 tempuS,
1634 2466 1853 2528 iterum
1886 2465 2002 2527 sibi
2036 2482 2155 2527 suo

79 2552 387 2620 tempore,
451 2549 540 2608 rei
598 2548 878 2624 publicae
933 2568 1134 2627 paene
1185 2568 1362 2612 sero:
1439 2550 1542 2627 qui
1604 2551 1843 2612 duabus
1899 2549 2156 2611 urbibus

80 2627 314 2691 eversis
376 2630 807 2693 inimicissimis
867 2633 1010 2695 huic
1064 2634 1320 2711 imperio
1372 2653 1497 2695 non
1546 2637 1731 2695 modo
1783 2632 2156 2712 praesentia,

78 2728 290 2774 verum
335 2714 514 2776 etiam
556 2718 759 2778 futura
801 2717 962 2777 bella
993 2717 1239 2778 delevit.
1313 2719 1465 2793 Quid
1511 2718 1709 2779 dicam
1755 2719 1834 2779 de
1882 2716 2157 2780 moribus

79 2796 401 2890 facillimis,
453 2801 531 2859 de
559 2800 783 2875 pietate
812 2800 870 2860 in
904 2808 1192 2875 matrem,
1242 2801 1604 2863 liberalitate
1632 2801 1692 2862 in
1720 2818 2004 2874 sororeS,
2046 2802 2158 2860 bo-

79 2886 264 2939 nitate
309 2879 368 2940 in
401 2900 583 2957 suos,
635 2883 858 2945 iustitia
904 2885 963 2945 in
1002 2886 1265 2947 omnes?
1332 2888 1488 2947 Nota
1517 2892 1661 2947 sunt
1688 2884 1886 2947 vobis.
1964 2885 2158 2958 Quam

78 2971 281 3023 autem
324 2963 550 3025 civitati
593 2984 773 3030 carus
816 2968 997 3029 suerit
1047 2986 1329 3030 maerore
1383 2969 1613 3031 funeris
1666 2967 1998 3030 indicatum
2038 2974 2158 3028 est.

80 3045 235 3118 Quid
265 3046 447 3123 igitur
476 3048 637 3111 hunc
663 3068 1002 3127 paucorum
1034 3069 1332 3114 annorum
1367 3051 1647 3115 accessio
1682 3055 1894 3114 iuvare
1927 3050 2159 3128 potuis·

79 3131 215 3190 set?
283 3132 584 3194 Senectus
622 3133 780 3196 enim
816 3135 1097 3211 quamvis
1130 3154 1255 3197 non
1288 3136 1369 3198 sit
1399 3136 1638 3214 gravis,
1674 3144 1742 3198 ut
1772 3134 2016 3197 memini
2051 3136 2159 3196 Ca·

79 3220 286 3273 tonem
347 3233 508 3278 anno
553 3220 720 3278 ante·
752 3236 933 3293 quam
987 3227 1085 3279 est
1129 3229 1409 3282 mortuus
1462 3237 1702 3282 mecum
1744 3228 1806 3281 et
1847 3237 1983 3281 cum
2030 3218 2159 3279 Sci·

79 3292 637 3373 pionedisserere,
668 3307 871 3361 tamen
904 3305 1101 3363 aufert
1133 3320 1267 3364 eam
1303 3303 1694 3376 viriditatem,
1724 3304 1785 3364 in
1822 3321 1943 3380 qua
1975 3301 2156 3363 etiam

81 3391 243 3437 nunc
277 3387 408 3439 erat
438 3380 669 3458 Scipio.
762 3384 856 3441 12.
917 3386 1107 3460 Quam
1143 3387 1224 3447 ob
1253 3404 1383 3448 rem
1422 3388 1542 3449 vita
1592 3388 1838 3465 quidem
1867 3386 2004 3447 talis
2047 3385 2159 3445 fuit
