2381 3723
174 110 218 173 4
990 112 1090 171 DE
1126 111 1448 173 OFFICIIS

174 262 229 327 si
260 279 464 324 rerum
507 262 772 340 aliquem
809 264 1113 324 delectum
1157 263 1579 340 reliquissent,
1621 271 1691 326 ut
1721 266 1798 324 ad
1831 263 2018 325 officii
2052 262 2265 326 inven-

168 346 402 409 tionem
446 346 645 409 aditus
688 354 876 408 esset.
950 345 1280 423 Sequimur
1319 347 1500 423 igitur
1540 348 1661 409 hoc
1695 346 1943 424 quidem
1975 355 2274 424 tempore

175 438 237 492 et
263 431 379 491 hac
413 429 472 491 in
506 429 873 508 quaestione
903 429 1296 509 potissimum
1330 431 1578 493 Stoicos
1614 448 1736 491 non
1770 438 1837 491 ut
1865 429 2272 508 interpreteS,

172 516 308 588 sed,
340 522 409 576 ut
431 517 740 589 solemus,
772 532 808 575 e
828 510 1097 575 fontibus
1132 531 1343 575 eorum
1376 514 1598 576 iudicio
1629 512 2009 589 arbitrioque
2039 522 2267 576 nostro

177 606 470 675 quantum
505 616 756 675 quoque
787 599 975 660 modo
1006 597 1314 659 videbitur
1342 598 1713 659 hauriemus,

299 683 355 741 7.
404 683 612 744 Placet
641 681 852 759 igitur,
897 683 1188 759 quoniam
1219 681 1418 743 omnis
1454 682 1786 758 disputatio
1822 683 1903 742 de
1930 680 2143 743 officio
2178 684 2270 743 fu·

171 773 311 826 tura
355 772 481 840 est,
536 772 678 828 ante
716 767 974 828 definire
1013 767 1162 843 quid
1206 765 1285 828 sit
1326 763 1627 826 officium:
1675 766 1846 841 quod
1889 782 1927 826 a
1968 766 2270 828 Panaetio

173 849 675 926 praetermissum
705 868 849 912 esse
874 850 1080 912 miror.
1141 849 1349 911 Omnis
1374 847 1534 911 enim
1560 866 1720 927 quae
1748 866 1786 910 a
1804 848 2043 910 ratione
2066 850 2272 911 susci·

172 934 339 1010 pitur
379 937 457 996 de
506 934 711 1011 aliqua
753 951 821 995 re
865 932 1165 997 institutio
1217 934 1403 995 debet
1440 951 1477 994 a
1526 931 1883 996 definitione
1922 933 2270 1009 proficisci,

173 1026 242 1078 ut
283 1018 657 1096 intelligatur
698 1017 847 1096 quid
886 1018 966 1080 sit
994 1018 1084 1092 id,
1153 1019 1233 1078 de
1265 1035 1387 1093 quo
1445 1017 1813 1094 disputetur.
1902 1019 2000 1078 lll.
2046 1018 2271 1079 Omnis

173 1103 253 1162 de
307 1103 514 1165 officio
573 1105 803 1182 duplex
871 1112 967 1164 est
1013 1101 1318 1179 quaestio.
1391 1103 1590 1164 Unum
1647 1119 1847 1178 genus
1899 1111 2025 1175 est,
2090 1104 2270 1178 quod

173 1185 439 1263 pertinet
477 1188 557 1248 ad
598 1188 783 1249 finem
821 1189 1156 1262 bonorum,
1208 1188 1497 1260 alterum,
1553 1187 1724 1262 quod
1761 1184 2032 1262 positum
2072 1196 2176 1247 est
2204 1185 2270 1246 in

172 1272 557 1349 praeceptis,
631 1270 856 1348 quibus
909 1270 969 1331 in
1026 1288 1244 1332 omnes
1307 1276 1517 1346 partes
1572 1286 1726 1331 usus
1783 1268 1947 1330 vitae
2018 1270 2272 1331 confor-

173 1355 324 1415 mari
356 1354 576 1432 possit.
668 1353 1022 1432 Superioris
1056 1353 1303 1432 generis
1349 1353 1531 1415 huius
1572 1352 1741 1415 modi
1771 1355 2056 1430 exempla
2099 1366 2272 1427 sunt,

175 1438 462 1500 omniane
490 1438 695 1500 officia
736 1440 1012 1515 perfecta
1046 1437 1199 1512 sint,
1240 1455 1385 1499 num
1419 1439 1588 1514 quod
1633 1435 1904 1499 officium
1940 1436 2107 1498 aliud
2142 1437 2271 1499 alio

174 1521 369 1583 maius
410 1522 520 1595 sit,
581 1530 644 1583 et
688 1540 848 1598 quae
892 1529 1035 1584 sunt
1071 1522 1320 1599 generis
1367 1521 1663 1583 eiusdem.
1741 1523 2014 1596 Quorum
2058 1528 2275 1582 autem

174 1605 521 1668 officiorum
553 1614 888 1683 praecepta
922 1607 1275 1679 traduntur,
1322 1622 1396 1666 ea
1428 1621 1801 1683 quamquam
1844 1604 2156 1681 pertinent
2190 1607 2278 1666 ad

173 1690 359 1751 finem
394 1691 737 1765 bonorum,
779 1698 985 1751 tamen
1011 1689 1213 1750 minus
1245 1689 1305 1748 id
1347 1698 1637 1766 apparet,
1669 1688 1815 1765 quia
1838 1687 2034 1765 magis
2068 1690 2151 1750 ad
2183 1690 2276 1751 in·

174 1772 550 1835 stitutionem
599 1773 760 1834 vitae
804 1774 1149 1835 communis
1201 1780 1489 1849 spectare
1531 1773 1851 1834 videntur:
1915 1773 1994 1832 de
2040 1772 2277 1850 quibus

173 1867 269 1919 ost
302 1857 482 1921 nobis
523 1856 620 1920 his
664 1856 834 1920 libris
881 1856 1337 1935 explicandum.
1427 1857 1487 1920 8.
1541 1861 1749 1934 Atque
1790 1856 1973 1919 etiam
2016 1857 2137 1918 alia
2180 1857 2275 1919 di·

172 1943 329 2005 visio
365 1951 463 2005 est
493 1942 699 2006 officii.
769 1943 920 2002 Nam
966 1948 1029 2003 et
1056 1941 1327 2003 medium
1373 1942 1686 2020 quoddam
1730 1940 2003 2002 officium
2047 1941 2278 2004 dicitur

172 2035 235 2089 et
262 2030 629 2105 perfectum.
705 2028 1050 2089 Perfectum
1080 2026 1349 2088 officium
1376 2033 1607 2088 rectum
1626 2073 1641 2099 ,
1674 2024 1916 2101 opinor,
1947 2042 2277 2101 vocemuS‚

174 2111 466 2186 quoniam
503 2110 721 2174 Graeci
749 2104 1193 2191 κατόρθωμα,
1238 2111 1361 2173 hoc
1392 2119 1592 2172 autem
1630 2125 1959 2171 commune
1994 2110 2278 2170 officium

171 2195 480 2272 καθῆκον
509 2202 758 2255 vocant.
830 2197 1043 2272 Atque
1072 2211 1148 2255 ea
1184 2194 1276 2256 sic
1305 2194 1634 2267 definiunt,
1687 2202 1784 2267 ut,
1837 2199 2069 2254 rectum
2097 2196 2276 2269 quod

173 2276 278 2351 sit,
329 2278 392 2338 id
443 2278 715 2339 officium
770 2279 1111 2353 perfectum
1160 2296 1305 2340 esse
1357 2278 1681 2350 definiant,
1744 2275 2010 2337 medium
2064 2287 2278 2339 autem

174 2360 445 2422 officium
475 2361 539 2422 id
575 2378 719 2422 esse
751 2359 993 2437 dicunt,
1030 2363 1200 2436 quod
1230 2379 1341 2423 cur
1375 2364 1598 2423 factum
1630 2360 1710 2422 sit
1737 2360 1893 2422 ratio
1930 2361 2279 2437 probabilis

173 2445 349 2526 reddi
403 2443 621 2521 possit.
709 2445 769 2506 9.
822 2445 1070 2522 Triplex
1123 2444 1307 2523 igitur
1363 2453 1489 2520 est,
1552 2452 1619 2507 ut
1662 2443 1953 2506 Panaetio
2003 2445 2280 2519 videtur,

174 2528 411 2591 consilii
443 2528 728 2608 capiendi
773 2529 1156 2592 deliberatio.
1229 2530 1382 2591 Nam
1409 2537 1516 2591 aut
1545 2530 1960 2591 honestumne
1990 2529 2161 2589 factu
2200 2529 2284 2591 sit

170 2630 248 2672 an
272 2622 451 2692 turpe
484 2613 798 2689 dubitant,
844 2613 908 2675 id
944 2616 1114 2691 quod
1152 2613 1212 2673 in
1247 2613 1743 2675 deliberationem
1780 2612 1970 2673 cadit:
2048 2613 2109 2671 in
2147 2631 2280 2689 quo

173 2698 631 2762 considerando
659 2715 850 2776 saepe
881 2697 1065 2759 animi
1088 2698 1148 2758 in
1177 2696 1520 2759 contrarias
1552 2696 1892 2759 sententias
1924 2695 2284 2758 distrahun-

171 2790 288 2842 tur.
371 2785 524 2844 Tum
578 2790 783 2846 autem
839 2790 944 2843 aut
994 2782 1327 2859 anquirunt
1378 2788 1482 2842 aut
1563 2783 1915 2843 consultant
1976 2781 2055 2840 ad
2113 2780 2286 2843 vitae

173 2866 674 2929 commoditatem
704 2866 1306 2943 iucunditatemque,
1363 2867 1439 2926 ad
1478 2867 1799 2928 facultates
1831 2882 2039 2926 rerum
2084 2872 2287 2940 atque

172 2949 422 3027 copias,
453 2952 533 3012 ad
567 2966 754 3028 opes,
800 2952 880 3011 ad
915 2950 1285 3027 potentiam,
1324 2949 1548 3026 quibus
1579 2957 1641 3011 et
1669 2967 1740 3012 se
1771 2948 2020 3025 possint
2057 2947 2287 3010 iuvare

171 3044 233 3097 et
263 3053 448 3110 suOS,
494 3037 808 3096 conducat
838 3035 899 3096 id
931 3051 1158 3110 necne,
1204 3035 1281 3094 de
1317 3052 1440 3111 quo
1475 3034 1845 3096 deliberant:
1918 3049 2080 3110 quae
2127 3033 2284 3094 deli-

170 3121 410 3182 beratio
472 3119 673 3181 omnis
727 3118 788 3180 in
845 3118 1148 3182 rationem
1193 3117 1466 3181 utilitatis
1516 3118 1697 3180 cadit.
1775 3117 2043 3178 Tertium
2101 3117 2283 3177 dubi-

170 3205 341 3265 tandi
393 3221 593 3282 genus
648 3210 775 3278 est,
830 3221 1021 3280 quum
1073 3220 1352 3281 pugnare
1403 3203 1650 3265 videtur
1692 3219 1833 3264 cum
1876 3202 2147 3264 honesto
2193 3200 2282 3275 id,

175 3289 342 3363 quod
386 3287 633 3349 videtur
676 3304 822 3349 esse
863 3287 1030 3347 utile.
1102 3290 1300 3363 Quum
1337 3287 1496 3350 enim
1541 3287 1762 3349 utili-tas
1795 3287 1874 3346 ad
1915 3303 1987 3346 se
2030 3301 2282 3360 rapere,

172 3374 469 3434 honestas
514 3379 731 3433 contra
769 3386 1069 3460 revocare
1106 3374 1182 3432 ad
1229 3390 1299 3434 se
1343 3372 1617 3446 videtur,
1673 3372 1742 3432 fit
1784 3376 1852 3431 ut
1897 3368 2284 3430 distrahatur

453 3585 483 3605 h
