2381 3723
82 121 199 184 182
875 116 1356 178 PARADOXON
2087 129 2155 184 σε

73 289 187 335 nec
240 268 383 334 forti
432 267 748 332 fortiorem
802 286 918 331 nec
973 269 1253 346 sapiente
1308 267 1746 345 sapientiorem
1788 286 1982 345 posse
2024 269 2157 333 fieri

75 355 356 418 facillime
386 360 598 431 potest
627 352 919 430 perspici.
1007 355 1109 413 An
1153 352 1349 413 virum
1379 354 1607 414 bonum
1642 352 1844 426 diceS,
1900 353 2003 429 qui
2053 355 2156 415 de-

73 440 344 518 positum
372 440 537 500 nullo
568 445 761 511 teste,
795 454 982 514 quum
1007 434 1233 498 lucrari
1260 436 1509 513 impune
1532 443 1753 513 posset
1774 435 1908 498 auri
1936 440 2148 513 pondo

72 526 320 596 decem,
381 522 749 595 reddiderit,
807 520 860 582 si
908 520 1069 581 idem
1110 520 1169 580 in
1212 522 1429 582 decem
1474 519 1718 583 milibus
1773 522 1984 597 pondo
2028 539 2152 584 non

72 607 326 669 fecerit?
382 613 488 667 aut
534 613 1008 683 temperantem,
1077 603 1181 680 qui
1235 622 1305 665 se
1350 604 1408 664 in
1464 602 1667 679 aliqua
1711 603 1960 666 libidine
2010 621 2151 667 con-

71 690 344 763 tinuerit,
415 690 478 750 in
543 689 749 765 aliqua
809 688 1139 751 effuderit?
1238 688 1342 749 22.
1394 689 1531 750 Una
1590 689 1787 750 virtus
1857 697 1953 750 est
2011 706 2151 750 con·

70 774 345 838 sentiens
401 789 540 835 cum
594 773 832 834 ratione
882 779 945 833 et
996 779 1298 849 perpetua
1352 772 1718 834 constantia.
1805 772 1959 833 Nihil
2011 773 2153 835 huic
2194 783 2202 788 ’

71 858 213 919 addi
270 864 505 935 potest,
558 875 681 933 quo
726 856 920 932 magis
965 856 1161 919 virtus
1198 857 1307 918 sit:
1366 855 1511 917 nihil
1554 855 1746 930 demi,
1804 863 1871 917 ut
1911 855 2150 918 virtutis

66 959 295 1006 ¹nomen
337 941 736 1017 relinquatur.
814 940 1050 1002 Etenim
1099 941 1151 1002 si
1200 942 1357 1002 bene
1402 943 1561 1002 sacta
1603 947 1771 1002 recte
1804 942 1965 1002 sacta
2011 949 2154 1002 sunt

71 1037 131 1089 et
164 1026 308 1088 nihil
340 1033 512 1087 recto
561 1025 818 1099 rectius,
875 1031 1041 1086 certe
1088 1042 1168 1085 ne
1212 1026 1379 1086 bono
1427 1023 1675 1101 quidem
1717 1023 1932 1086 melius
1980 1025 2152 1102 quid-

73 1128 256 1188 quam
307 1108 566 1170 inveniri
614 1118 840 1188 potest.
928 1108 1218 1185 Sequitur
1264 1108 1448 1185 igitur
1489 1116 1558 1170 ut
1604 1106 1783 1170 etiam
1836 1108 1981 1170 vitia
2032 1109 2152 1170 sint

70 1194 270 1272 paria,
305 1192 358 1254 si
382 1194 628 1270 quidem
657 1193 993 1270 pravitates
1023 1192 1203 1271 animi
1236 1200 1405 1255 recte
1436 1192 1577 1254 vitia
1598 1192 1901 1254 dicuntur.
1959 1191 2151 1269 Atqui

74 1277 361 1355 quoniam
408 1295 590 1354 pares
621 1278 878 1339 virtutes
923 1284 1095 1352 sunt,
1139 1284 1308 1338 recte
1337 1279 1527 1351 sacta,
1574 1276 1864 1353 quoniam
1897 1293 1935 1337 a
1967 1276 2149 1337 virtu-

70 1364 232 1425 tibus
298 1360 811 1437 proficiscuntur,
897 1359 1066 1438 paria
1133 1377 1278 1422 esse
1352 1361 1608 1434 debent,
1679 1360 1950 1436 itemque
2008 1376 2166 1436 pec·-

72 1455 234 1521 cata,
294 1445 583 1520 quoniam
624 1462 704 1505 ex
732 1444 891 1505 vitiis
931 1452 1210 1513 manant,
1262 1444 1384 1506 sint
1420 1443 1700 1520 aequalia
1741 1460 2002 1506 necesse
2033 1452 2144 1504 est.

70 1532 141 1591 11.
189 1530 290 1591 23.
381 1531 463 1589 ‘A
498 1527 919 1606 philosophis’
958 1527 1153 1603 inquit
1188 1528 1341 1589 ‘ista
1374 1529 1613 1590 sumis.’
1688 1529 2038 1589 Metuebam
2068 1544 2145 1587 ne

72 1621 133 1673 ‘a
155 1613 506 1674 lenonibus’
530 1612 791 1673 diceres.
839 1611 1160 1673 ‘Socrates
1181 1612 1535 1689 disputabat
1554 1613 1672 1674 isto
1699 1612 1934 1673 modo?
1979 1613 2146 1671 Bene

73 1698 319 1758 hercule
370 1713 604 1758 narras.
694 1697 842 1756 Nam
893 1695 1078 1757 istum
1137 1697 1385 1757 doctum
1442 1703 1504 1757 et
1558 1695 1896 1773 sapientem
1952 1695 2144 1756 virum

71 1781 264 1843 fuisse
304 1778 635 1841 memoriae
681 1779 966 1841 traditum
1012 1788 1127 1840 est.
1219 1779 1344 1841 Sed
1402 1788 1603 1841 tamen
1659 1796 1889 1856 quaero
1945 1796 2023 1841 ex
2064 1786 2135 1853 te,

72 1864 361 1941 quoniam
391 1863 599 1926 verbis
633 1863 791 1926 inter
825 1881 940 1926 nos
980 1865 1440 1940 contendimuS,
1486 1880 1610 1926 non
1643 1863 1897 1941 pugnis,
1944 1859 2141 1924 utrum

70 1950 149 2010 de
177 1948 356 2010 bonis
390 1955 486 2011 est
517 1949 936 2025 quaerendum
971 1949 1118 2024 quid
1148 1948 1333 2012 baiuli
1361 1956 1546 2025 atque
1580 1947 1846 2024 operarii
1887 1964 1965 2008 an
1999 1947 2142 2023 quid

70 2033 351 2095 homines
406 2031 746 2094 doctissimi
797 2032 1140 2093 senserint?
1198 2032 1560 2110 praesertim
1612 2049 1799 2108 quum
1846 2033 1962 2093 hac
2010 2047 2144 2093 sen-

68 2117 259 2179 tentia
301 2134 425 2177 non
471 2116 679 2179 modo·
708 2116 945 2190 verior,
996 2117 1109 2178 sed
1151 2133 1230 2177 ne
1280 2116 1482 2179 utilior
1535 2115 1783 2191 quidem
1831 2113 2144 2177 hominum

72 2201 231 2261 vitae
281 2199 534 2275 reperiri
573 2201 696 2259 ulla
740 2199 957 2276 possit.
1034 2202 1201 2276 Quae
1244 2201 1340 2261 vis
1385 2208 1482 2262 est
1534 2198 1696 2259 enim
1742 2215 1901 2275 quae
1951 2197 2143 2275 magis

71 2292 277 2344 arceat
312 2282 593 2344 homines
633 2283 710 2343 ab
752 2282 1141 2360 improbitate
1173 2285 1337 2345 omni
1370 2300 1554 2359 quam
1585 2283 1638 2344 si
1671 2282 1981 2345 senserint
2016 2283 2146 2343 nul—

72 2368 194 2427 lum
223 2366 281 2425 in
316 2365 553 2426 delictis
599 2383 742 2426 esse
777 2366 1144 2428 discrimen?
1188 2384 1387 2443 aeque
1421 2383 1680 2444 peccare
1721 2384 1822 2442 se,
1866 2366 1920 2428 si
1947 2365 2145 2442 priva·

72 2450 148 2511 tis
182 2466 253 2509 ac
284 2447 336 2509 si
366 2448 818 2525 magistratibus
850 2468 1065 2512 manus
1098 2451 1417 2513 adferant?
1461 2464 1912 2527 quamcumque
1939 2450 1998 2510 in
2036 2450 2145 2510 do-

72 2550 232 2594 mum
294 2540 575 2610 stuprum
638 2533 976 2608 intulerint,
1036 2536 1314 2596 eamdem
1373 2552 1517 2597 esse
1583 2536 1781 2596 labem
1841 2533 2146 2596 libidinis?

70 2616 170 2679 24.
217 2615 477 2679 ‘Nihilne
509 2616 691 2694 igitur
726 2611 1001 2681 interest'
1039 2653 1122 2667 -—
1152 2637 1291 2682 nam
1322 2623 1442 2682 hoc
1474 2619 1637 2682 dicet
1672 2618 1892 2696 aliquis
1914 2653 1993 2662 —
2016 2624 2146 2695 ‘pa-

68 2710 220 2764 trem
256 2702 393 2780 quis
425 2712 642 2765 enecet
670 2722 746 2765 an
780 2719 1070 2765 servum.
1049 2703 1104 2745 ’θ’
1174 2705 1353 2765 Nuda
1386 2703 1505 2765 ista
1536 2705 1588 2766 si
1618 2721 1851 2781 ponas,
1893 2700 2141 2765 iudicari

70 2787 272 2862 qualia
314 2787 437 2849 sint
477 2804 602 2850 non
646 2788 824 2848 facile
856 2796 1141 2863 possunt.
1214 2789 1455 2850 Patrem
1499 2788 1621 2849 vita
1662 2787 1907 2864 privare
1946 2787 2000 2848 si
2032 2801 2141 2861 per

69 2886 140 2929 se
183 2872 388 2931 scelus
421 2879 547 2945 est,
598 2870 949 2948 Saguntini,
1007 2872 1112 2946 qui
1152 2879 1442 2946 parentes
1485 2889 1637 2934 suos
1682 2872 1910 2933 liberos
1951 2867 2143 2930 emori

70 2971 253 3028 quam
302 2971 522 3016 servos
564 2954 773 3016 vivere
821 2958 1193 3030 maluerunt,
1256 2954 1599 3031 parricidae
1641 2956 1907 3016 suerunt.
1978 2953 2142 3027 Ergo

71 3045 132 3098 et
161 3037 399 3114 parenti
441 3055 566 3100 non
611 3056 940 3115 numquam
986 3039 1169 3100 adimi
1218 3039 1346 3101 vita
1385 3039 1520 3100 sine
1563 3039 1804 3101 scelere
1832 3042 2044 3115 potest
2085 3044 2145 3095 et

69 3137 253 3183 servo
287 3139 478 3199 saepe
504 3122 639 3184 sine
672 3122 889 3184 iniuria
916 3141 1041 3184 non
1076 3130 1299 3200 potest
1376 3125 1574 3185 Causa
1602 3121 1789 3198 igitur
1816 3122 1991 3196 haec,
2020 3136 2143 3180 non

70 3211 286 3264 natura
338 3205 681 3282 distinguit,
741 3223 900 3282 quae
958 3209 1207 3283 quando
1253 3215 1393 3268 utro
1439 3206 1737 3280 accessit,
1790 3204 1851 3265 id
1898 3205 1967 3266 fit
2006 3218 2147 3281 pro·

70 3285 356 3361 pensiuS,
412 3289 465 3350 si
498 3296 764 3366 utroque
811 3288 1098 3353 adiuncta
1147 3299 1271 3365 est,
1321 3289 1492 3368 paria
1524 3289 1677 3351 fiant
1720 3305 1985 3351 necesse
2027 3297 2148 3348 est.

69 3366 369 3429 25.111ud
411 3378 611 3432 tamen
666 3373 950 3447 interest,
1005 3377 1171 3450 quod
1217 3374 1278 3434 in
1314 3391 1499 3436 servo
1534 3373 1845 3446 necand0,
1899 3371 1951 3433 si
1988 3368 2050 3431 id
2079 3369 2147 3429 fit

70 3447 314 3526 iniuria,
367 3458 555 3514 semel
589 3462 911 3532 peccatur,
964 3455 1022 3517 in
1067 3459 1257 3535 patris
1299 3458 1422 3519 vita
1467 3457 1752 3520 violanda
1785 3457 1974 3517 multa
2003 3470 2145 3533 pec·
