2381 3723
587 163 856 223 LIB.111.
906 167 1066 225 (ἊΡ.
1104 176 1347 229 63-26
1412 177 1462 237 s
1493 169 2196 232 9ο-96.107

127 314 437 375 facturum
474 314 850 390 promiserit,
907 318 1074 392 quod
1125 317 1300 380 aliter
1336 319 1627 380 heredem
1675 335 1813 379 eum
1856 318 2200 396 scripturus

129 394 231 457 1116
259 398 387 458 non
435 408 633 468 esset,
693 396 871 460 faciat
912 402 1078 476 quod
1126 399 1475 477 promiserit
1512 405 1752 463 neone?
1837 403 2201 465 Promisisse

129 479 362 541 nollem
393 487 455 540 et
504 477 565 540 id
609 483 871 544 arbitror
913 484 1105 545 l'uisse
1146 485 1480 560 gravitatis.
1550 487 1867 562 Quoniam
1907 485 2200 563 promisit,

131 563 187 624 si
208 561 476 624 saltare
460 580 528 624 m
550 562 685 627 foro
712 573 890 644 turpe
915 567 1113 641 ducet,
1140 568 1460 631 honestius
1484 568 1826 644 mentietur,
1851 569 1904 631 si
1929 587 2007 631 ex
2014 570 2201 630 here

129 646 316 707 ditate
341 645 487 707 nihil
511 649 773 725 ceperit,
817 667 996 726 quam
1021 650 1078 712 si
1091 653 1379 728 ceperit,
1394 652 1508 714 nisi
1532 655 1685 714 forte
1714 671 1850 715 eam
1877 653 2198 731 pecuniam

127 728 185 789 in
234 729 325 791 rei
369 731 654 808 publicae
695 751 979 810 magnum
1023 736 1273 811 aliquod
1304 744 1547 833 tempus
1587 737 1939 809 contulerit,
1991 744 2060 799 ut
2098 739 2199 798 vel

127 816 390 887 saltare,
428 833 616 890 quum
654 817 885 892 patriae
913 821 1308 887 consulturus
1339 820 1446 894 sit,
1485 830 1661 898 turpe
1691 838 1813 893 non
1845 822 1953 884 611.
2064 846 2067 849 ·

251 938 441 999 XXV.
489 922 589 1011 94.
677 942 771 1001 Ae
815 958 893 1002 ne
933 926 1031 1002 in'a
1074 942 1317 1019 quidem
1347 937 1653 1021 promissa
1701 882 2008 1005 servanda
2035 953 2196 1018 sunt,

132 1039 294 1099 quae
331 1037 455 1082 non
492 1030 638 1083 sunt
682 1023 754 1084 iis
789 1025 938 1100 ipsis
982 1026 1175 1101 utilia,
1230 1026 1449 1103 quibus
1486 1026 1585 1088 illa
1625 1026 1999 1113 promiseris.
2090 1027 2197 1088 801

127 1105 489 1168 Phaethonti
521 1105 686 1184 11110,
725 1115 791 1168 61
825 1110 1170 1170 redeamus
1181 1110 1260 1170 ad
1291 1110 1559 1193 fabulas»,
1612 1108 1907 1179 facturum
1938 1127 2011 1170 se
2053 1127 2196 1171 esse

132 1190 288 1250 dixit
339 1188 639 1266 quidquid
683 1198 980 1268 optasset.
1071 1193 1317 1270 Optavit
1356 1201 1425 1254 ut
1440 1188 1522 1254 111
1568 1188 1808 1254 currum
1851 1193 2039 1270 patris
2082 1195 2195 1253 tol-

129 1276 381 1334 leretur.
470 1272 759 1336 Sublatus
789 1284 905 1337 est.
993 1272 1250 1351 Atque
1235 1296 1319 1352 16,
1354 1284 1492 1337 61116
1529 1294 1710 1353 quam
1741 1275 2037 1347 constitit,
2074 1271 2196 1336 ict'u
2242 1294 2255 1299 -

131 1355 398 1417 fulminis
457 1355 837 1434 deflagravit.
927 1359 1163 1433 Quanto
1228 1360 1443 1422 melius
1490 1362 1701 1422 suerat
1754 1359 1812 1419 in
1877 1360 1996 1420 hoo
2058 1376 2196 1435 pro-

127 1440 387 1500 missum
454 1441 666 1515 patris
709 1458 832 1504 non
904 1460 1045 1504 6666
1111 1444 1493 1506 servatum!
1543 1444 1739 1520 Quid?
1816 1444 1983 1519 quod
2046 1444 2196 1503 Tho-

128 1541 279 1584 seus
324 1523 530 1599 exegit
562 1522 936 1600 promrssum
986 1544 1021 1587 a
1072 1528 1396 1604 Neptuno?
1461 1528 1558 1590 661
1610 1544 1797 1604 quum
1850 1535 1974 1587 tres
2027 1530 2195 1603 opta'-

130 1607 331 1668 tiones
374 1608 689 1683 Neptunus
734 1610 1039 1683 dedisset,
1090 1610 1325 1687 optavit
1367 1610 1670 1674 interitum
1710 1609 2029 1688 Hippolyti
2071 1609 2195 1683 filii,

131 1707 317 1767 quum
367 1690 419 1751 is
473 1690 629 1767 patri
695 1702 1027 1770 suspectus
1086 1694 1388 1763 esset'fde
1440 1711 1736 1768 noverca,
1802 1711 1925 1770 quo
1983 1702 2192 1771 optato

129 1773 453 1851 impetrato
505 1774 781 1837 Theseus
841 1775 898 1836 in
962 1777 1263 1838 maximis
1294 1777 1404 1839 fuit
1464 1779 1744 1840 luctibus.
1834 1778 1934 1838 95.
2001 1776 2196 1853 Quid?

129 1861 550 1935 Agamemnon
601 1878 786 1935 quum
828 1860 1186 1923 devovisset
1230 1861 1459 1923 Dianae
1500 1863 1704 1939 ‘quod
1750 1861 1809 1921 in
1853 1865 1968 1923 suo
1999 1877 2192 1937 regno

130 1941 605 2017 pulcherrimum
658 1952 863 2005 natum
915 1952 1085 2007 esset
1132 1945 1233 2006 illo
1286 1950 1514 2018 anno’,
1577 1944 1911 2005 immolavit
1963 1944 2195 2018 Iphige-

130 2026 320 2100 niam,
370 2042 492 2101 qua
522 2025 665 2087 nihil
699 2033 830 2087 erat
861 2045 935 2087 eo
971 2026 1215 2104 quidem
1253 2045 1413 2088 anno
1449 2035 1653 2088 natum
1686 2026 1977 2104 pulcrius.
2054 2028 2196 2085 Pro-

128 2109 387 2170 missum
434 2110 642 2186 potius
685 2127 808 2171 non
861 2110 1201 2172 faciendum
1253 2128 1435 2186 quam
1487 2109 1607 2171 tam
1658 2116 1914 2171 taetrum
1962 2107 2195 2168 facinus

125 2192 568 2254 admittendum
629 2193 754 2255 suit.
856 2195 1026 2274 Ergo·
1073 2202 1134 2255 et
1194 2193 1498 2270 promissa
1548 2212 1670 2255 non
1731 2192 2029 2262 facienda·
2071 2207 2193 2251 non

125 2292 463 2352 numquam
507 2294 709 2354 neque
758 2293 1003 2355 semper
1056 2277 1339 2353 deposita
1391 2280 1728 2339 reddenda.
1819 2276 1884 2339 Si
1930 2276 2195 2353 gladium

132 2361 266 2435 quis
327 2360 493 2436 apud
540 2369 600 2421 te
658 2377 812 2423 sana
868 2365 1072 2422 mente
1120 2362 1508 2438 deposuerit,
1540 2363 1809 2440 ‘repetat
1863 2360 2195 2431 1666111666,

127 2444 394 2504 reddere
436 2453 755 2520 peceatum
806 2445 917 2519 sit,
970 2444 1238 2506 officium
1291 2463 1415 2508 non
1470 2437 1865 2507 1111111616.-
1898 2445 2091 2520 Quid?
2145 2442 2197 2503 si

126 2525 208 2599 is,
248 2527 353 2603 qui
384 2529 548 2604 apud
579 2536 641 2589 te
674 2526 998 2612 pecuniam
1025 2531 1412 2605 deposuerit,
1446 2530 1667 2602 bellum
1695 2528 1916 2590 inferat
1945 2526 2195 2603 patriae,

125 2611 437 2674 reddasne
473 2607 860 2687 depositum?
943 2607 1601 2710 Νο11,61·6110;1“66166
1627 2613 1788 2672 enim
1808 2621 2034 2678 contra
2066 2628 2197 2670 rem

125 2693 466 2769 publicam,
497 2712 656 2772 quae
690 2696 877 2758 debet
905 2689 1049 2757 6666
1082 2687 1416 2758 canssima.
1505 2694 1606 2756 Sic
1643 2694 1870 2766 multa
1883 2709 2060 2770 quae
2092 2693 2197 2753 ho·

124 2783 305 2841 nesta
340 2786 562 2842 natura
606 2777 892 2841 videntur
918 2796 1089 2852 esse,
1131 2779 1512 2858 temporibus
1554 2777 1709 2841 fiunt
1750 2772 1875 2840 non
1916 2777 2196 2839 honesta.

122 2861 359 2923 Facere
405 2859 741 2938 promissa,
798 2870 963 2923 stare
997 2861 1348 2937 conventis,
1404 2864 1666 2925 reddere
1710 2853 1993 2939 deposita
2036 2877 2201 2926 coma

123 2953 359 3007 mutata
390 2945 645 3008 utilitate
673 2947 828 3009 fiunt
856 2964 993 3010 non,
1008 2945 1294 3024 honesta.
1378 2949 1473 3009 Α6
1505 2947 1583 3007 116
1621 2944 1693 3007 116
1726 2946 2004 3025 quidem,
2041 2961 2198 3022 quae

122 3028 416 3091 videntur
465 3047 607 3092 esse
666 3028 952 3092 utilitates
1013 3019 1229 3098 eontra
1278 3027 1581 3100 iustitiam,
1618 3029 2005 3093 simulatione
2061 3045 2198 3105 pru·

124 3112 404 3187 dentiae,
457 3113 610 3182 satis
638 3112 899 3176 arbitror
929 3112 1177 3175 dietum.

243 3258 353 3321 96.
403 3255 530 3319 Sed
564 3253 866 3333 quoniam·
896 3275 934 3320 6
974 3267 1268 3336 quattuor
1298 3258 1568 3321 fontibus
1612 3261 1958 3323 honestatis
2005 3262 2203 3337 primo

119 3341 275 3403 libro
325 3343 533 3404 officia
573 3344 893 3413 duximuS,
942 3343 1001 3405 in
1050 3344 1284 3405 eisdem
1332 3360 1673 3413 versemur,
1721 3359 1909 3415 quum
1956 3343 2202 3403 docebi-

119 3442 255 3488 mus
304 3443 411 3507 ea,
461 3442 622 3505 quae
657 3428 985 3489 videantur
1028 3443 1174 3490 esse
1220 3425 1392 3518 utilia
1438 3440 1641 3499 neque
1673 3422 1816 3497 sint,
1863 3437 2047 3494 quam
2085 3422 2208 3481 sint
