2381 3723
584 141 726 200 LlB.
759 141 802 200 1.
851 139 1018 199 CAP.
1050 149 1312 202 38—40.
1358 149 1409 208 §-
1448 150 1772 204 136-14-2.
2133 138 2214 200 43

132 295 342 349 tatem.
442 289 583 350 139.
629 291 916 351 Ornanda
945 289 1102 350 enim
1137 297 1234 351 est
1258 290 1522 367 dignitas
1546 292 1750 363 domo,
1783 308 1907 352 non
1932 307 2011 351 ex
2030 292 2214 351 domo

134 378 263 432 tota
304 375 696 448 quaerenda,
759 389 875 434 nec
925 375 1111 435 domo
1157 374 1475 448 dominuS,
1532 375 1648 434 sed
1691 373 1941 435 domino
1996 374 2215 434 domus

130 455 530 525 honestanda
570 463 694 530 est,
747 465 835 529 et,
892 464 960 517 ut
1000 457 1057 517 in
1104 457 1361 518 caeteris
1400 458 1685 518 habenda
1714 457 1868 518 ratio
1923 474 2046 518 non
2104 474 2217 518 sua

137 540 369 613 solum,
420 540 536 600 sed
580 539 762 601 etiam
807 539 1096 613 aliorum,
1148 539 1238 601 sic
1279 540 1336 601 in
1383 543 1567 602 domo
1615 541 1760 602 clari
1798 540 2104 612 hominis,
2153 539 2213 599 in

132 638 321 696 quam
393 629 456 683 et
523 622 801 699 hospites
857 623 1023 686 multi
1080 623 1414 700 recipiendi
1472 634 1534 686 et
1591 626 1966 686 admittenda
2024 622 2214 683 homi-

137 721 280 765 num
318 706 624 782 cuiusque
666 706 835 768 modi
876 708 1230 780 multitudo,
1276 708 1624 769 adhibenda
1666 726 1815 769 cura
1864 716 1961 769 est
2006 707 2213 768 laxita-

132 787 231 850 tis.
303 789 503 851 Aliter
529 792 732 867 ampla
775 791 996 853 domus
1027 791 1321 853 dedecori
1355 791 1606 852 domino
1644 809 1835 868 saepe
1883 793 1977 864 fit,
2026 789 2078 851 si
2119 797 2215 850 est

130 871 193 931 in
232 888 310 933 ea
348 873 652 947 solitudo,
703 881 766 935 et
808 873 1098 949 maxime,
1146 874 1201 935 si
1245 873 1572 951 aliquando
1605 875 1721 939 alio
1754 874 2003 937 domino
2034 873 2220 934 solita

128 964 233 1098 {st
265 957 663 1032 frequentari.
742 956 1036 1020 Odiosum
1077 965 1175 1019 est
1213 957 1404 1031 enim,
1461 975 1648 1034 quum
1692 976 1728 1019 a
1778 954 2214 1034 praetereunti-

176 1057 254 1100 us
290 1040 537 1102 dicitur:

554 1181 590 1225 o
622 1166 827 1226 domus
854 1170 1101 1242 antiqua
1114 1213 1128 1241 ,
1165 1168 1280 1228 heu
1307 1183 1486 1242 quam
1517 1167 1755 1242 dispari

305 1249 629 1322 Dominarc
663 1247 934 1312 domino!

130 1373 309 1451 quod
339 1370 585 1447 quidem
607 1371 702 1433 his
737 1372 1118 1449 temporibus
1146 1372 1207 1435 in
1241 1375 1445 1435 multis
1470 1373 1611 1434 licet
1632 1372 1858 1434 dicere.
1935 1373 2073 1433 140.
2108 1375 2213 1435 Ca-

138 1456 411 1518 vendum
457 1463 654 1515 autem
699 1464 823 1529 est,
879 1456 1241 1532 praesertim
1285 1457 1336 1518 si
1371 1457 1507 1533 ipse
1546 1457 1871 1529 aedificeS‚
1929 1474 2006 1518 ne
2038 1464 2214 1518 extra

138 1541 392 1602 modum
439 1547 687 1614 sumptu
735 1547 796 1599 et
845 1539 1298 1616 magnificentia
1346 1542 1651 1618 prodeas:
1696 1557 1820 1618 quo
1869 1539 1927 1601 in
1983 1556 2213 1616 genere

134 1626 395 1685 multum
426 1623 561 1682 mali
595 1623 771 1682 etiam
801 1621 862 1683 in
893 1625 1177 1699 exemplo
1212 1632 1323 1686 est.
1406 1624 1697 1686 Studiose
1739 1624 1898 1686 enim
1934 1625 2212 1700 plerique

137 1704 499 1784 praesertim
541 1705 601 1766 in
633 1706 791 1767 hanc
827 1715 1058 1783 partem
1097 1708 1258 1768 facta
1292 1706 1633 1786 principum
1662 1708 1997 1780 imitantur,
2046 1715 2114 1769 ut
2143 1710 2208 1768 L.

136 1789 402 1863 Luculli,
445 1789 663 1850 summi
690 1788 833 1863 viri,
879 1790 1162 1851 virtutem
1208 1791 1385 1867 quis?
1427 1799 1488 1853 at
1520 1810 1700 1868 quam
1731 1792 1902 1853 multi
1934 1791 2208 1852 villarum

136 1873 650 1952 magnificentiam
683 1872 892 1935 imitati
938 1877 1110 1936 sunt!
1156 1892 1414 1950 quarum
1454 1878 1701 1952 quidem
1748 1883 1915 1936 certe
1968 1884 2065 1937 est
2108 1877 2212 1937 ad·

138 1957 443 2020 bibendus
475 1959 699 2019 modus
728 1959 805 2018 ad
840 1957 1448 2035 mediocritatemque
1470 1960 1881 2019 revocandus·
1945 1960 2210 2022 Eadem-

139 2059 262 2119 que
302 2040 697 2102 'mediocritas
743 2042 822 2102 ad
874 2059 1117 2103 omnem
1151 2059 1333 2104 usum
1376 2045 1727 2117 cultumque
1762 2040 1921 2101 vitae
1960 2042 2210 2101 transfe-

136 2126 332 2188 renda
353 2132 489 2185 est„
542 2125 670 2186 Sed
694 2126 848 2185 haee
870 2126 1188 2186 hactenus.
1285 2128 1420 2185 141.
1466 2126 1530 2184 In
1559 2124 1724 2186 omni
1743 2134 1945 2186 autem
1971 2123 2212 2185 actione

137 2208 535 2286 suscipienda
565 2207 680 2270 tria
710 2216 854 2270 sunt
895 2211 1189 2269 tenenda:
1240 2208 1498 2285 primum
1532 2217 1600 2270 ut
1637 2208 1947 2285 appetitus
1991 2207 2211 2269 rationi

138 2300 383 2369 pareat,
443 2310 566 2366 quo
608 2292 751 2352 nihil
795 2301 893 2353 est
936 2294 1014 2352 ad
1062 2291 1265 2353 officia
1311 2295 1739 2358 conservanda
1782 2293 2209 2354 accommoda·

137 2377 286 2450 tiuS,
321 2375 548 2436 deinde
572 2384 641 2437 ut
668 2376 1192 2438 animadvertatur
1222 2384 1449 2453 quanta
1478 2377 1578 2438 illa
1607 2394 1707 2439 res
1738 2377 1835 2450 sit,
1869 2393 2050 2452 quam
2083 2376 2210 2436 effi-

139 2477 279 2522 cere
330 2458 624 2534 velimus,
682 2465 749 2520 ut
805 2477 965 2520 neve
1013 2458 1210 2521 maior
1246 2477 1404 2521 neve
1454 2461 1654 2522 minor
1704 2478 1852 2522 cura
1903 2470 1963 2521 et
2018 2475 2212 2537 opera

134 2543 515 2620 suscipiatur
544 2560 728 2619 quam
764 2559 951 2603 causa
986 2546 1274 2618 postulet.
1346 2543 1611 2604 Tertium
1648 2552 1746 2605 est
1776 2552 1846 2604 ut
1878 2560 2210 2604 caveamus

133 2636 199 2690 ut
227 2645 336 2701 ea,
389 2644 549 2702 quae
593 2626 899 2703 pertinent
943 2628 1020 2687 ad
1060 2628 1372 2689 liberalem
1413 2627 1685 2704 speciem
1735 2634 1797 2687 et
1837 2627 2208 2701 dignitatem,

132 2713 459 2773 moderata
514 2710 653 2772 sint.
740 2712 966 2770 Modus
1026 2720 1228 2773 autem
1293 2718 1390 2772 est
1445 2710 1713 2786 optimus
1766 2710 1958 2770 decus
2006 2709 2208 2785 ipsum

130 2802 377 2869 tenere,
408 2795 488 2855 de
520 2812 643 2871 quo
678 2802 820 2855 ante
850 2794 1143 2868 diximus,
1181 2811 1296 2856 nec
1327 2792 1618 2870 progredi
1649 2789 1912 2869 longius.
1972 2794 2208 2854 Horum

131 2887 336 2939 tamen
380 2878 561 2939 trium
618 2878 1206 2953 praestantissimum
1249 2885 1346 2938 est
1398 2877 1732 2955 appetitum
1785 2878 2211 2954 obtemperare

132 2961 371 3024 rationi.

250 3046 382 3108 XL.
436 3044 573 3105 142.
659 3045 969 3120 Deinceps
1012 3046 1090 3105 de
1144 3045 1360 3106 ordine
1398 3062 1601 3106 rerum
1652 3052 1714 3106 et
1751 3045 2209 3124 opportunitate

135 3124 485 3207 temporum
519 3128 846 3189 dicendum
884 3135 999 3188 est.
1079 3128 1249 3188 Haec
1279 3136 1481 3189 autem
1526 3127 1782 3190 scientia
1824 3129 2212 3190 continentur

136 3229 236 3285 εει,
269 3230 460 3289 quam
493 3213 707 3272 Graeci
740 3203 1047 3287 εὐταξίαν
1075 3211 1420 3284 nominant,
1450 3230 1571 3273 non
1604 3213 1793 3283 hanc,
1828 3226 2008 3286 quam
2030 3209 2210 3270 inter-

139 3305 466 3396 pretamur
481 3295 941 3370 modestiam’,
994 3313 1116 3370 quo
1162 3295 1221 3355 in
1266 3259 1454 3355 verb’o
1503 3296 1798 3370 ‘modus'
1848 3293 2038 3361 inest,
2096 3292 2209 3352 sed

139 3377 233 3439 illa
261 3387 362 3442 est
393 3370 690 3458 εὐταξία,
720 3381 779 3439 in
815 3396 935 3456 qua
965 3377 1316 3453 intelligitur
1350 3376 1581 3437 ordinis
1615 3372 2024 3434 conservatio.
2098 3375 2212 3429 Ita-
