2381 3723
238 125 334 179 151
993 112 1557 175 POEMATORUM.

236 270 375 344 lpse
403 282 556 329 suos
591 267 903 344 quondam
936 269 1206 329 tumulos
1237 283 1308 327 ac
1336 268 1565 343 templa
1593 264 1810 343 petivit

230 354 309 414 Et
340 350 698 427 Capitolinis
731 349 940 413 iniecit
968 353 1223 413 sedibus
1253 351 1454 426 ignes.

230 437 381 497 Tum
415 435 660 512 species
692 451 771 495 ex
800 451 945 496 aere
986 443 1165 497 vetus
1200 451 1635 511 generosaque
1666 436 1883 497 Nattae

236 518 516 582 Concidit
546 521 924 595 elapsaeque
956 525 1204 581 vetusto
1236 517 1483 579 numine
1513 520 1717 595 legeS‚
1823 574 1824 577 ,
1895 528 1905 537 ·

233 605 311 664 Et
341 603 547 665 divum
581 603 908 665 simulacra
936 603 1197 679 peremit
1225 602 1490 664 fulminis
1524 604 1729 664 ardor.

232 687 346 748 Hic
380 687 681 750 silvestris
713 694 846 750 erat
875 688 1137 750 Romani
1164 686 1431 749 nominis
1463 687 1673 761 altrix,

231 770 478 845 Martia,
515 789 674 849 quae
714 789 945 849 parvos
977 772 1275 834 Mavortis
1312 771 1547 833 semine
1576 779 1758 835 natos

229 857 539 917 Uberibus
568 856 839 933 gravidis
874 856 1041 918 vitali
1071 873 1216 919 rore
1249 855 1514 933 rigabat:

232 940 401 1015 Quae
434 947 559 1002 tum
594 958 728 1003 cum
762 939 974 1019 pueris
1004 940 1318 1001 flammato
1353 940 1620 1002 fulminis
1650 939 1776 1003 ictu

233 1024 510 1087 Concidit
538 1033 726 1107 atque
758 1027 974 1087 avulsa
1009 1026 1239 1102 pedum
1261 1024 1532 1101 vestigia
1568 1024 1762 1101 liquit.

232 1111 385 1170 Tum
417 1109 556 1187 quis
587 1110 709 1171 no‘n
744 1109 892 1171 artis
928 1109 1159 1187 scripta
1195 1126 1269 1170 ac
1299 1117 1698 1172 monumenta
1724 1110 2015 1171 volutans

230 1194 440 1254 Voces
473 1193 785 1258 tristificas
815 1193 1045 1257 chartis
1073 1195 1401 1271 promebat
1427 1193 1745 1255 Etruscis?

233 1276 461 1339 Omnes
492 1276 653 1339 civili
682 1296 991 1355 generosa
1021 1279 1097 1339 ab
1133 1279 1326 1355 stirpe
1362 1280 1707 1355 prolectam

236 1360 443 1422 Vitare
472 1361 781 1439 ingentem
816 1364 1052 1425 cladem
1087 1370 1453 1439 pestemque
1486 1363 1850 1436 monebant,

243 1446 349 1506 Vel
379 1448 582 1522 legum
619 1446 869 1510 exitium
902 1447 1211 1510 constanti
1242 1465 1396 1509 voce
1428 1444 1736 1520 ferebant,

229 1529 481 1606 Templa
516 1532 827 1608 deumque
862 1532 1018 1594 adeo
1052 1530 1314 1593 flammis
1345 1531 1690 1607 urbemque
1724 1532 2017 1593 iubebant

231 1613 485 1688 Eripere
517 1622 579 1675 et
609 1623 879 1692 stragem
906 1615 1257 1677 horribilem
1292 1617 1672 1694 caedemque
1702 1616 1936 1691 vereri,

238 1701 440 1774 Atque
476 1699 633 1762 haec
665 1701 792 1761 fixa
812 1699 986 1777 gravi
1020 1703 1144 1763 fato
1175 1717 1249 1761 ac
1280 1701 1533 1763 fundata
1562 1701 1784 1775 teneri,

231 1781 302 1843 Ni
334 1793 478 1859 post
509 1787 826 1846 excelsum
859 1785 938 1844 ad
972 1786 1256 1854 columen
1292 1787 1553 1846 formata
1582 1786 1813 1846 decore

231 1866 460 1928 Sancta
491 1869 655 1931 lovis
689 1869 934 1947 species
968 1871 1171 1932 claros
1202 1875 1515 1947 spectaret
1549 1870 1608 1930 in
1645 1876 1838 1932 ortus,

229 1950 379 2011 Tum
413 1953 546 2014 fore
575 1962 644 2014 ut
677 1956 956 2016 occultos
990 1957 1261 2031 populus
1296 1962 1677 2032 sanctusque
1707 1960 1961 2016 senatus

231 2036 504 2098 Cernere
532 2047 792 2100 conatus
825 2047 1070 2115 posset,
1113 2038 1167 2106 si
1199 2037 1350 2100 solis
1386 2039 1465 2098 ad
1496 2039 1699 2098 o'rtum

231 2119 552 2183 Conversa
580 2121 722 2184 inde
754 2129 995 2199 patrum
1028 2124 1217 2185 sedes
1250 2120 1590 2200 populique
1620 2117 1879 2182 videret.

228 2203 399 2265 Haec
429 2207 672 2267 tardata
708 2206 813 2268 diu
848 2205 1094 2284 species
1128 2209 1510 2283 multumque
1538 2213 1777 2268 morata

231 2288 500 2350 Consule
529 2298 591 2351 te
622 2292 866 2353 tandem
899 2294 1068 2353 celsa
1103 2298 1202 2353 est
1227 2290 1289 2352 in
1321 2292 1472 2353 sede
1503 2292 1733 2352 locata:

225 2373 438 2447 Atque
468 2391 592 2435 una
621 2374 728 2435 fixi
759 2391 832 2435 ac
867 2375 1088 2451 signati
1120 2374 1419 2454 temporis
1445 2376 1599 2438 hora
1701 2395 1704 2396 ⁷

226 2456 509 2534 luppiter
538 2462 788 2521 excelsa
825 2460 1094 2521 clarabat
1122 2463 1412 2536 scaeptra
1438 2462 1757 2534 columna,

226 2543 320 2602 Ac
346 2541 556 2605 clades
587 2543 821 2624 patriae
860 2544 1109 2605 flamma
1139 2546 1434 2619 ferroque
1469 2551 1681 2618 parata

228 2626 508 2688 Vocibus
540 2629 948 2704 Allobrogum
980 2628 1257 2706 patribus
1287 2627 1652 2705 populoque
1684 2628 1954 2704 patebat.
1997 2637 2000 2640 “

227 2708 367 2771 Rite
396 2710 582 2786 igitur
612 2723 890 2787 vetereS‚
918 2731 1189 2789 quorum
1224 2712 1900 2782 monumenta-teneti&

226 2794 345 2868 Qui
378 2797 651 2872 populos
681 2798 999 2874 urbesque
1032 2799 1218 2860 modo
1259 2813 1334 2857 ac
1364 2797 1592 2856 virtute
1621 2794 1947 2871 regebant5
1985 2836 1990 2840 -
2073 2841 2078 2844 -

225 2877 364 2939 Rite
402 2879 583 2940 etiam
617 2882 837 2956 vestri,
873 2899 1137 2959 quorum
1169 2881 1496 2957 pietasque
1528 2880 1812 2956 fidesque

225 2962 533 3025 Praestitit
561 2972 624 3026 et
655 2966 843 3042 longe
871 2964 1020 3027 vicit
1046 2966 1352 3042 sapientia
1384 2970 1642 3025 cunctos
1660 3012 1676 3039 ‚

224 3045 850 3123 Praecipue'coluere
879 3049 1114 3126 vigenti
1145 3047 1395 3116 numine
1430 3048 1633 3109 divos.
1725 3109 1729 3114 .

224 3131 395 3192 Haec
436 3133 595 3194 adeo
632 3133 878 3210 penitus
918 3152 1066 3196 cura
1097 3133 1310 3195 videre
1340 3131 1577 3209 sagaci,

224 3213 359 3276 Otia
390 3217 495 3292 qui
526 3217 748 3280 studiis
776 3218 919 3280 laeti
952 3226 1211 3280 tenuere
1243 3216 1517 3290 decoriS‚
1587 3223 1588 3228 ’

222 3301 420 3375 Inque
448 3303 784 3365 Academia
809 3303 1142 3366 umbrifera
1178 3301 1499 3378 nitidoque
1527 3302 1736 3381 Lyceo

223 3384 540 3447 Fuderunt
566 3386 767 3450 claras
801 3387 1046 3450 secundi
1076 3385 1350 3465 pectoris
1382 3396 1569 3448 artes.

2196 113 2320 179 341

2141 950 2325 1003 ⁴45

2163 1359 2327 1427 ‘50

2255 1796 2326 1850 55

2257 2637 2325 2691 65

2172 3014 2325 3112 ’το
