2381 3723
64 135 142 199 12
869 133 972 194 DE
1003 134 1321 195 orrlcus
1421 97 1464 131 ”

62 295 229 361 rant,
283 285 654 348 terminavit:
712 287 769 346 in
806 286 1009 347 medio
1055 284 1333 346 relictum
1376 285 1544 359 quod
1585 291 1715 344 erat
1752 283 1984 358 populo
2013 282 2141 342 Ro-

62 386 244 431 mano
276 369 667 431 adiudicavit.
744 368 1044 446 Decipere
1087 370 1207 431 hoc
1239 367 1485 445 quidem
1516 372 1641 440 est,
1686 383 1811 427 non
1841 363 2140 426 iudicare.

64 452 365 529 Quocirca
387 453 449 514 in
484 452 650 516 omni
677 470 744 514 re
773 453 1059 529 fugienda
1091 459 1186 513 est
1217 451 1355 512 talis
1393 449 1682 512 sollertia.

183 537 285 597 XI.
330 536 486 597 Sunt
515 545 722 599 autem
759 537 1060 612 quaedam
1093 534 1298 596 officia
1325 534 1505 595 etiam
1536 535 1837 595 adversus
1867 550 1979 594 eos
2009 549 2138 594 ser·

62 620 297 692 vanda,
342 637 380 678 a
412 621 634 695 quibus
656 619 932 681 iniuriam
966 618 1305 694 acceperiS.
1377 620 1491 679 Est
1522 616 1680 678 enim
1705 615 2047 678 ulciscendi
2074 623 2143 677 et

63 702 353 780 puniendi
376 704 631 777 moduS,
663 710 849 780 atque
871 703 1033 763 haud
1058 701 1188 763 scio
1215 719 1290 762 an
1317 701 1465 763 satis
1497 700 1577 762 sit
1598 717 1772 773 eum,
1807 700 1911 776 qui
1942 700 2139 760 laces·

63 785 266 861 sierit,
306 784 561 847 iniuriae
592 804 743 848 suae
776 786 1120 863 poenitere,
1162 791 1232 845 ut
1260 793 1321 846 et
1358 784 1492 861 ipse
1524 801 1601 845 ne
1634 785 1780 859 quid
1811 786 1929 846 tale
1963 789 2138 860 post-

62 871 177 929 hac
208 877 270 930 et
301 869 526 930 caeteri
549 869 673 931 sint
713 873 793 930 ad
835 868 1110 931 iniuriam
1156 868 1481 930 tardiores.
1570 867 1673 928 34.
1718 868 1927 945 Atque
1968 867 2024 927 in
2064 883 2136 926 re

62 953 308 1028 publica
348 952 611 1014 maxime
661 953 1092 1015 conservanda
1136 959 1284 1013 sunt
1333 952 1465 1013 iura
1518 949 1675 1012 belli.
1748 952 1900 1011 Nam
1943 967 2135 1028 quum

62 1035 183 1097 sint
213 1038 336 1099 duo
367 1053 597 1113 genera
638 1036 1024 1108 decertandi,
1064 1054 1253 1097 unum
1285 1053 1399 1113 per
1427 1034 1957 1110 disceptationem,
1987 1036 2135 1094 alte·

62 1138 194 1180 rum
237 1137 349 1197 per
390 1121 546 1196 vim,
611 1139 927 1198 quumque
962 1120 1108 1181 illud
1164 1119 1481 1198 proprium
1525 1118 1605 1189 sit
1652 1117 1948 1191 hominis,
2009 1118 2132 1178 hoc

59 1204 408 1279 beluarum,
464 1207 935 1281 confugiendum
969 1210 1067 1266 est
1095 1204 1171 1264 ad
1206 1203 1544 1280 posteriuS,
1604 1200 1657 1263 si
1699 1201 1787 1262 uti
1833 1218 1958 1261 non
1990 1200 2134 1262 licet

61 1287 400 1365 superiore.
490 1290 588 1349 35.
637 1291 767 1365 Qua
812 1307 879 1350 re
924 1287 1317 1362 suscipienda
1365 1286 1611 1363 quidem
1653 1286 1815 1346 bella
1863 1291 2009 1346 sunt
2048 1285 2132 1345 ob

59 1389 194 1433 eam
232 1389 512 1446 causam,
559 1379 628 1433 ut
665 1373 798 1434 sine
836 1370 1054 1432 iniuria
1082 1369 1157 1431 ‚in
1195 1386 1348 1445 pace
1388 1369 1656 1442 vivatur,
1709 1377 1886 1445 parta
1926 1375 2128 1436 autem

58 1455 318 1516 victoria
349 1455 760 1517 conservandi
804 1455 871 1529 ii,
917 1454 1021 1529 qui
1054 1471 1176 1514 non
1208 1455 1491 1515 crudeles
1531 1453 1592 1513 in
1628 1453 1825 1525 bello,
1870 1470 1992 1514 non
2023 1452 2130 1512 im-

59 1556 270 1600 manes
333 1541 604 1612 suerunt,
667 1547 731 1599 ut
792 1537 1053 1599 maiores
1112 1537 1309 1598 nostri
1371 1538 1785 1610 TusculanOS,
1850 1542 2130 1611 AequOS,

58 1622 358 1693 Volscos,
403 1620 699 1695 SabinoS‚
746 1620 1047 1682 Hernicos
1089 1620 1150 1681 in
1188 1621 1494 1682 civitatem
1524 1620 1705 1681 etiam
1734 1626 2131 1696 aeceperunt,

59 1710 121 1763 at
148 1705 581 1781 Karthaginem
622 1714 683 1766 et
711 1703 1091 1766 Numantiam
1135 1703 1405 1765 funditus
1452 1706 1861 1765 sustulerunt:
1902 1705 2132 1764 nollem

61 1787 445 1863 Corinthum,
484 1789 595 1850 sed
629 1791 815 1850 credo
848 1787 1078 1865 aliquid
1112 1796 1394 1860 secutos,
1447 1786 1967 1866 opportunitatem
2009 1785 2133 1847 loci

60 1872 351 1947 maxime,
414 1891 494 1933 ne
539 1880 757 1949 posset
784 1873 1115 1949 aliquando
1171 1873 1250 1932 ad
1291 1873 1516 1933 bellum
1562 1871 1907 1933 faciendum
1951 1873 2132 1932 locus

56 1954 191 2031 ipse
224 1956 557 2019 adhortari.
629 1958 768 2018 Mea
796 1957 1041 2034 quidem
1071 1955 1374 2017 sententia
1406 1955 1572 2031 paci,
1607 1972 1765 2032 quae
1795 1954 1940 2015 nihil
1962 1953 2129 2014 habi·

56 2049 193 2100 tura
222 2040 303 2103 sit
341 2040 728 2115 insidiarum,
788 2057 1035 2118 semper
1084 2046 1183 2100 est
1233 2040 1701 2102 consulendum.
1774 2041 1839 2099 In
1898 2055 2021 2114 quo
2072 2055 2132 2098 si

57 2122 199 2183 mihi
232 2132 402 2185 esset
433 2125 949 2201 obtemperatum,
991 2123 1042 2186 si
1074 2141 1197 2186 non
1238 2123 1528 2199 optimam
1550 2171 1564 2196 ‚
1609 2129 1672 2183 at
1701 2121 1966 2199 aliquam
1997 2138 2130 2182 rem

58 2207 391 2280 publicam,
444 2223 602 2281 quae
648 2223 811 2269 nunc
861 2209 1024 2268 nulla
1054 2215 1179 2280 est,
1229 2209 1615 2268 haberemus.
1686 2208 1765 2267 Et
1807 2223 1994 2282 quum
2030 2204 2129 2278 iis,

58 2306 216 2363 quos
249 2288 311 2349 vi
339 2288 671 2363 deviceris,
728 2292 1174 2352 consulendum
1210 2299 1334 2365 est,
1393 2297 1518 2352 tum
1548 2290 1617 2364 ii,
1672 2289 1776 2366 qui
1805 2289 1988 2349 armis
2021 2305 2132 2363 po·

56 2369 188 2434 sitis
241 2374 321 2433 ad
382 2372 818 2447 imperatorum
865 2375 1050 2434 fidem
1094 2376 1480 2451 confugient,
1552 2371 1831 2449 quamvis
1886 2389 2128 2434 murum

55 2454 217 2516 aries
257 2456 665 2533 percusserit,
722 2456 1077 2535 recipiendi.
1164 2461 1233 2519 In
1289 2476 1413 2534 quo
1471 2464 1641 2520 tanto
1707 2473 1897 2533 opere
1958 2456 2127 2532 apud

56 2545 306 2600 nostros
348 2538 578 2602 iustitia
625 2543 788 2602 culta
836 2550 960 2615 est,
1006 2549 1076 2603 ut
1116 2542 1188 2616 ii,
1234 2542 1339 2619 qui
1385 2541 1663 2603 civitates
1699 2549 1805 2602 aut
1843 2539 2125 2601 nationes

56 2622 332 2684 devictas
363 2624 526 2685 bello
574 2626 633 2686 in
669 2624 856 2687 fidem
896 2625 1309 2703 recepissent,
1364 2642 1575 2686 earum
1619 2624 1863 2703 patroni
1913 2631 2127 2685 essent

54 2723 223 2768 more
261 2707 578 2770 maiorum.
666 2708 768 2770 36.
807 2711 900 2770 Ac
942 2710 1084 2771 belli
1129 2710 1375 2786 quidem
1419 2709 1694 2786 aequitas
1738 2706 2127 2771 sanctissime

54 2788 236 2851 fetiali
280 2792 492 2868 populi
520 2794 779 2854 Romani
825 2793 958 2855 iure
1002 2793 1347 2870 perscripta
1389 2800 1503 2854 est.
1582 2795 1672 2853 Ex
1716 2810 1841 2870 quo
1873 2791 2125 2867 intelligi

52 2880 258 2949 potest
295 2878 526 2936 nullum
559 2877 786 2939 bellum
817 2894 959 2939 esse
991 2876 1218 2939 iustum
1245 2876 1364 2938 nisi
1398 2878 1566 2953 quod
1598 2884 1703 2938 aut
1732 2878 1917 2938 rebus
1949 2893 2126 2951 repe-

50 2956 170 3018 titis
199 2966 448 3034 geratur
489 2968 595 3021 aut
624 2962 1058 3023 denunciatum
1100 2969 1242 3023 ante
1271 2960 1353 3022 sit
1378 2967 1439 3022 et
1468 2959 1778 3022 indictum.
1851 2959 2124 3036 Popilius

50 3040 382 3118 imperator
432 3043 680 3105 tenebat
734 3044 1139 3121 provinciam,
1204 3045 1266 3106 in
1320 3044 1492 3106 cuius
1548 3043 1821 3106 exercitu
1875 3043 2126 3105 Catonis

49 3125 210 3187 filius
259 3126 372 3190 tiro
417 3126 726 3188 militabat.
802 3130 996 3204 Quum
1047 3137 1248 3190 autem
1291 3126 1527 3204 Popilio
1557 3127 1898 3189 .videretur
1937 3144 2123 3188 unam

50 3206 351 3271 dimittere
406 3210 739 3285 legionem,
794 3212 1040 3273 Catonis
1081 3228 1334 3287 quoque
1383 3210 1603 3284 filium,
1664 3211 1849 3287 quiin
1902 3211 2122 3271 eadem

48 3292 288 3368 legione
331 3292 652 3366 militabat,
709 3293 951 3355 dimisit.
1028 3294 1154 3356 Sed
1197 3313 1384 3371 quum
1449 3311 1662 3356 amore
1703 3293 2013 3371 pugnandi
2059 3294 2121 3353 in

46 3373 321 3437 exercitu
351 3376 786 3449 remansisset,
829 3377 975 3437 Cato
1009 3380 1086 3438 ad
1114 3377 1414 3454 Popilium
1443 3377 1717 3456 scripsit,
1756 3386 1848 3452 ut,
1893 3375 1946 3438 si
1979 3394 2122 3438 eum
