2381 3723
117 164 153 221 7
448 142 453 147 ’
812 155 976 215 CAP.
1009 166 1062 215 5.
1096 163 1146 216 6.
1192 162 1242 222 s.
1278 163 1538 216 13-20.
2084 160 2202 220 123

113 305 367 382 Pyrrho
399 307 746 382 foedusque
776 305 1149 377 faciendum,
1187 322 1310 366 non
1344 304 1638 366 dubitavit
1663 307 1866 368 dicere
1888 307 2008 380 illa,
2049 322 2206 384 quaa

113 389 417 451 versibus
449 397 814 466 persecutus
847 396 944 450 est
974 388 1240 448 Ennius:

298 515 429 586 Quo
458 517 613 577 vobis
641 525 888 591 mentes,
933 521 1130 576 rectae
1157 532 1312 589 quae
1338 520 1500 576 stare
1523 515 1787 576 solebant

297 601 599 673 Antehac,
644 601 936 660 dementes
968 615 1092 661 sese
1114 601 1347 672 flexere
1375 595 1536 659 viai?

121 732 504 799 caeteraque
547 723 942 799 gravissime:
1003 730 1212 784 notum
1256 723 1416 784 enirn
1459 723 1638 784 vobis
1684 741 1928 786 carmen
1961 735 2081 798 est,
2143 734 2205 787 et

122 820 332 871 tamen
357 807 557 884 ipsius
581 806 763 883 Appii
785 815 986 868 exstat
1010 809 1225 868 oratio.
1284 811 1490 883 Atque
1513 808 1666 868 haec
1689 807 1789 868 ille
1816 808 1938 885 egit
1963 815 2202 885 septem

122 901 185 954 et
213 893 438 952 decem
468 907 666 951 annos
695 899 842 967 post
867 892 1121 950 alterum
1162 893 1575 966 consulatum,
1628 908 1813 966 quum
1852 892 2009 952 inter
2042 893 2200 954 duos

124 977 493 1037 consulatus
546 972 687 1033 anni
729 976 944 1035 decem
995 973 1418 1036 interfuissent
1468 991 1815 1052 censorque
1864 985 2006 1037 ante
2058 992 2200 1037 con·

124 1061 397 1121 sulatum
430 1057 811 1133 superiorem
845 1057 1092 1131 suisset,
1137 1076 1215 1119 ex
1250 1075 1374 1133 quo
1405 1056 1754 1134 intelligitur
1781 1058 1997 1137 Pyrrhi
2038 1059 2199 1121 bello

123 1142 427 1219 grandem
475 1158 626 1202 sane
669 1141 890 1215 fuisse,
945 1147 1006 1201 et
1053 1148 1251 1202 tamen
1300 1140 1390 1203 sic
1429 1158 1467 1201 a
1512 1141 1786 1218 patribus
1831 1141 2199 1218 accepimuS.

127 1228 227 1286 17.
276 1225 433 1286 Nihil
464 1224 646 1299 igitur
677 1226 962 1286 adferunt
993 1224 1096 1300 qui
1136 1225 1196 1286 in
1240 1242 1308 1286 re
1348 1227 1619 1301 gerenda
1650 1224 1887 1286 versari
1923 1233 2201 1287 senectu-

126 1318 254 1369 tem
287 1316 550 1383 negant,
599 1307 948 1384 similesque
993 1317 1138 1369 sunt
1176 1315 1247 1370 ut
1277 1307 1330 1369 si
1362 1307 1466 1384 qui
1504 1309 1977 1385 gubernatorem
2008 1309 2066 1370 in
2099 1326 2200 1369 na·

124 1392 399 1469 vigando
435 1391 581 1451 nihil
621 1409 807 1468 agere
852 1392 1085 1465 dicant,
1146 1409 1334 1468 quum
1367 1391 1467 1452 alii
1497 1394 1692 1454 malos
1724 1393 2048 1467 scandant,
2105 1391 2201 1452 alii

124 1493 242 1553 per
295 1477 469 1537 foros
519 1486 795 1548 cursent,
867 1476 964 1536 alii
1017 1478 1318 1536 sentinam
1359 1475 1742 1550 exhauriant,
1818 1476 1916 1537 ille
1959 1479 2198 1539 clavum

125 1568 349 1620 tenens
383 1557 626 1634 quietus
659 1561 875 1620 sedeat
900 1559 960 1620 iu
983 1559 1196 1635 puppi.
1268 1562 1402 1621 Non
1429 1559 1573 1620 facit
1602 1576 1702 1633 ea,
1740 1577 1899 1636 quae
1922 1560 2196 1633 iuvene8‚

127 1651 191 1703 at
225 1659 382 1704 vero
415 1644 605 1704 multo
635 1643 867 1704 maiora
909 1651 971 1703 et
998 1642 1251 1704 meliora
1289 1642 1453 1704 facit.
1533 1645 1665 1704 Non
1694 1644 1925 1705 viribus
1960 1654 2063 1706 aut
2098 1662 2198 1706 ve-

128 1725 480 1787 .ocitatibus
527 1733 632 1787 aut
679 1725 986 1789 celeritate
1038 1743 1366 1803 corporum
1418 1744 1520 1788 res
1579 1744 1836 1803 magnae
1884 1736 2195 1804 geruntur,

130 1812 244 1872 sed
278 1809 568 1885 consilio,
620 1809 1009 1886 auctoritate,
1065 1810 1396 1873 sententia:
1449 1810 1667 1887 quibus
1700 1829 1823 1873 non
1857 1814 2040 1874 modo
2074 1828 2192 1873 non

131 1894 369 1968 orbari,
407 1895 523 1955 sed
554 1894 733 1955 etiam
761 1893 970 1971 augeri
1000 1902 1290 1956 senectus
1322 1897 1503 1956 solet.
1596 1893 1691 1954 18.
1736 1893 1862 1955 Nisi
1894 1898 2050 1956 sorte
2080 1912 2192 1969 ego

128 1978 342 2052 vobiS,
378 1976 479 2054 qui
515 1986 575 2037 et
608 1978 780 2039 miles
812 1986 872 2038 et
898 1976 1177 2039 tribunus
1209 1986 1273 2039 et
1298 1981 1536 2054 legatus
1569 1984 1631 2037 et
1661 1978 1879 2037 consul
1916 1985 2194 2038 versatus

131 2079 268 2122 sum
298 2061 361 2122 in
394 2060 564 2122 vario
589 2078 814 2137 genere
850 2062 1183 2135 bellorum,
1237 2077 1488 2122 cessare
1516 2075 1682 2120 nunc
1716 2058 1958 2133 videor,
2013 2076 2196 2135 quum

129 2146 291 2206 bella
335 2163 461 2206 non
504 2162 676 2221 gero.
749 2147 833 2204 At
877 2144 1117 2206 senatui
1171 2161 1330 2219 quae
1372 2142 1496 2204 sint
1533 2144 1803 2219 gerenda
1841 2140 2195 2220 praescribo

131 2237 193 2289 et
245 2246 369 2305 quo
425 2229 643 2302 mod0,
698 2228 1054 2305 Karthagini
1102 2230 1263 2288 male
1311 2226 1430 2288 iam
1483 2225 1586 2288 diu
1639 2226 1927 2303 cogitanti
1974 2228 2197 2288 bellum

131 2314 323 2374 multo
357 2320 499 2373 ante
528 2311 865 2387 denuneiO,
900 2313 979 2373 de
1004 2330 1125 2389 qua
1150 2310 1349 2372 vereri
1382 2328 1506 2373 non
1538 2319 1680 2373 ante
1703 2311 1977 2373 desinam
2016 2327 2197 2387 quam

130 2394 294 2455 illam
330 2395 601 2457 excisam
655 2412 797 2458 esse
829 2412 1207 2472 cognovero.
1299 2395 1395 2456 19.
1444 2397 1635 2473 Quam
1677 2397 1935 2472 palmam
1973 2394 2195 2457 utinam

133 2479 196 2539 di
221 2479 627 2552 immortaleS,
683 2477 922 2556 Scipio,
962 2479 1070 2541 tibi
1099 2486 1447 2553 reservent,
1498 2487 1566 2539 ut
1604 2478 1703 2539 avi
1733 2479 2018 2555 reliquias
2062 2495 2194 2555 per-

131 2565 432 2638 sequare!
478 2562 649 2624 cuius
690 2580 727 2623 a
768 2571 966 2624 morte
1006 2563 1221 2624 tertius
1263 2562 1361 2623 hic
1396 2569 1457 2622 et
1483 2561 1826 2624 tricesimus
1857 2579 2053 2625 annus
2085 2568 2196 2636 est,

134 2648 248 2707 sed
286 2648 643 2708 memoriam
683 2645 843 2709 illius
877 2647 990 2707 viri
1040 2663 1255 2708 omnes
1301 2644 1611 2720 excipient
1647 2644 1791 2705 anni
1814 2660 2198 2718 consequen-

133 2738 247 2791 tes.
321 2725 505 2793 Anno
550 2738 691 2791 ante
740 2747 839 2792 me
885 2747 1207 2792 censorem
1250 2735 1530 2791 mortuus
1569 2734 1694 2801 est,
1749 2738 1971 2789 novem
2024 2724 2196 2787 annis

135 2820 281 2889 post
328 2830 532 2877 meum
574 2818 992 2888 consulatum,
1047 2832 1233 2890 quum
1276 2814 1494 2876 consul
1538 2810 1757 2872 iterum
1795 2828 1894 2874 me
1945 2812 2196 2874 consule

135 2903 383 2959 creatus
415 2906 600 2960 esset.
670 2901 824 2960 Num
857 2898 1070 2974 igitur,
1127 2898 1179 2959 si
1211 2898 1302 2957 ad·
1321 2894 1716 2958 centesimum
1756 2911 1983 2960 annum
2016 2894 2182 2958 vixis

134 2989 259 3055 set,
305 2981 642 3044 senectutis
674 2999 813 3044 eum
845 2998 995 3045 suae
1025 2981 1408 3058 poeniteret?
1474 2983 1601 3041 Nec
1634 2979 1792 3042 enim
1832 2980 2202 3045 excursione

134 3080 249 3126 nec
278 3066 438 3125 saltu
476 3082 593 3127 nec
627 3066 863 3127 eminus
898 3065 1091 3127 hastis
1132 3072 1238 3126 aut
1270 3063 1608 3126 comminus
1652 3065 1870 3141 gladiis
1905 3070 2199 3135 uteretur,

138 3148 249 3208 sed
282 3148 574 3224 consilio,
627 3149 895 3223 ratione,
949 3147 1269 3210 sententia.
1347 3149 1517 3223 Quae
1558 3146 1674 3210 nisi
1716 3157 1926 3210 essent
1952 3148 2013 3207 in
2044 3143 2196 3206 seni-

133 3231 282 3307 bus,
336 3248 463 3293 non
504 3250 809 3297 summum
849 3231 1170 3295 consilium
1220 3230 1485 3293 maiores
1536 3232 1732 3293 nostri
1783 3231 2202 3306 appellassent

136 3323 436 3377 senatum.
521 3315 624 3378 20.
666 3315 853 3394 Apud
887 3314 1412 3378 Lacedaemonios
1449 3313 1696 3390 quidem
1724 3312 1788 3384 ii,
1828 3311 1932 3387 qui
1960 3309 2201 3386 amplis·

134 3397 355 3460 simum
385 3398 803 3476 magistratum
837 3407 1087 3475 gerunt,
1138 3407 1208 3459 ut
1241 3405 1412 3470 sunt,
1467 3396 1554 3456 sic
1594 3394 1773 3454 etiam
1819 3393 2200 3455 nominantur
