2381 3723
103 132 226 195 268
885 131 1387 192 FRAGMENTA.
2111 139 2185 194 78

109 283 284 359 quasi
317 291 631 359 parentem
660 281 842 344 huius
868 281 1282 343 universitatis
1316 280 1589 342 invenire
1611 279 1854 342 difficile
1877 287 1957 353 et,
1991 298 2182 355 quum

108 367 226 427 iam
278 366 588 429 inveneris
640 365 911 427 indicare
951 366 1012 425 in
1057 368 1280 441 vulgus
1336 365 1530 426 nefas.
1591 365 1830 425 Rursus
1871 363 2054 439 igitur
2093 363 2185 424 vi·

111 451 379 511 dendum
422 450 521 509 ille
554 449 880 511 fabricator
917 449 1066 510 tanti
1101 449 1308 525 operis
1336 457 1539 509 utrum
1573 448 1652 508 sit
1681 447 1948 508 imitatus
1978 463 2186 508 exem·

106 535 266 608 piar,
296 533 471 605 idne,
513 533 680 608 quod
713 549 960 609 semper
986 549 1175 593 unum
1208 539 1270 593 et
1300 531 1462 592 idem
1506 538 1568 591 et
1597 531 1694 593 sui
1735 531 1957 600 simile,
1992 546 2070 590 an
2099 530 2185 606 id,

108 616 280 689 quod
309 622 663 689 generatum
695 624 1021 693 ortumque
1051 615 1327 677 dicimus,
1387 614 1574 690 Atqui
1602 613 1656 676 si
1682 614 1932 690 pulcher
1960 621 2058 675 est
2085 613 2188 673 hic

106 698 373 769 mundus
395 704 459 758 et
480 698 534 759 si
558 699 790 774 probus
820 699 952 760 eius
978 698 1216 772 artifex,
1252 700 1532 774 profecto
1564 698 1836 774 speciem
1865 696 2188 758 aeternita-

106 781 183 841 tis
220 779 430 842 imitari
473 782 709 844 maluit:
753 781 847 844 sin
879 799 1095 856 secuS,
1128 783 1296 857 quod
1332 799 1408 842 ne
1450 781 1615 842 dictu
1657 780 1904 858 quidem
1945 781 2037 841 ras
2068 787 2186 852 est,

106 871 464 937 generatum
507 866 856 942 exemplum
894 874 990 927 est
1035 883 1148 941 pro
1195 871 1445 933 aeterno
1489 874 1761 926 secutus.
1832 865 1965 924 Non
2005 864 2190 938 igitur

108 946 356 1008 dubium
393 947 535 1023 quin
569 948 984 1010 aeternitatem
1012 949 1291 1009 maluerit
1319 949 1609 1024 exsequi,
1654 947 1901 1022 quando
1939 947 2185 1022 quidem

108 1047 312 1106 neque
353 1033 580 1093 mundo
640 1032 972 1108 quidquam
1032 1031 1321 1109 pulcrius·
1359 1048 1564 1107 neque
1605 1033 1739 1093 eius
1788 1028 2188 1091 aedificatore

111 1114 541 1186 praestantius.
611 1115 716 1178 Sic
747 1132 895 1192 ergo
928 1121 1295 1191 generatus,
1339 1116 1419 1175 ad
1461 1116 1524 1177 id
1568 1125 1663 1176 est
1691 1115 1983 1188 effectae,
2016 1113 2186 1189 quod

108 1196 343 1257 ratione
376 1198 803 1275 sapientiaque
832 1198 1373 1278 comprehenditur
1403 1207 1587 1286 atque
1609 1196 1959 1258 immutabili
1991 1205 2188 1257 aeter·

111 1279 294 1339 nitate
323 1282 686 1343 continetur.
743 1283 836 1342 Ex
870 1299 993 1358 quo
1018 1281 1281 1343 efficitur
1308 1288 1375 1342 ut
1404 1281 1485 1343 sit
1506 1297 1767 1344 necesse
1791 1282 1972 1354 hunc,
2003 1297 2188 1356 quem

112 1362 413 1424 cernimus
439 1411 453 1436 ,
522 1366 813 1426 mundum
881 1365 1271 1426 simulacrum
1340 1372 1653 1426 aeternum
1717 1380 1859 1424 esse
1931 1362 2188 1424 alicuius

110 1447 358 1504 aeterni.
421 1446 843 1510 Difficillimum
868 1456 1069 1509 autem
1104 1455 1201 1509 est
1227 1447 1483 1517 inomni
1508 1446 1902 1526 inquisitione
1929 1447 2186 1522 rationis

112 1529 449 1589 exordium.
538 1532 627 1590 De
657 1530 730 1591 iis
762 1531 971 1615 igitur,
1008 1547 1166 1608 quae
1198 1531 1489 1606 diximus,
1531 1533 1683 1592 haec
1718 1530 1796 1591 sit
1839 1528 2033 1608 prima
2063 1529 2185 1590 dis·

112 1609 339 1671 tinctio.
439 1613 536 1673 111.
595 1613 769 1675 Omni
819 1613 1079 1676 orationi
1132 1630 1270 1676 cum
1311 1614 1386 1676 iis
1427 1616 1648 1688 rebus,
1694 1617 1774 1674 de
1815 1613 2037 1689 quibus
2080 1631 2194 1674 ex··

112 1692 328 1768 plicat,
369 1693 614 1756 videtur
653 1714 796 1759 esse
837 1698 1145 1772 cognatio.
1206 1701 1419 1774 Itaque
1451 1716 1636 1776 quum
1669 1699 1747 1758 de
1788 1714 1855 1758 re
1888 1696 2091 1758 stabili
2129 1705 2194 1757 et

109 1775 460 1838 immutabili
490 1778 793 1855 disputat,
837 1780 1029 1842 oratio
1069 1780 1207 1843 talis
1250 1781 1357 1856 sit,
1393 1783 1590 1856 qualis
1628 1783 1755 1855 illa,
1792 1797 1951 1857 quae
1986 1797 2193 1856 neque

110 1859 395 1937 redargui
423 1879 644 1939 ,neque
688 1864 968 1930 convinci
1005 1873 1231 1942 potest.
1307 1866 1501 1944 Quum
1532 1874 1735 1948 autem
1777 1864 2059 1939 ingressa
2094 1871 2193 1925 est

112 1943 337 2005 imitata
372 1953 434 2006 et
459 1947 661 2008 efficta
694 1948 1053 2018 simulacra,
1085 1948 1248 2010 bene
1275 1949 1375 2025 agi
1406 1957 1608 2027 putat,
1654 1948 1707 2010 si
1735 1947 2190 2012 similitudinem

110 2027 239 2086 veri
283 2030 715 2106 consequatur.
797 2033 1093 2108 Quantum
1144 2032 1304 2093 enirn
1348 2034 1425 2094 ad
1471 2033 1561 2106 id,
1616 2033 1786 2109 quod
1828 2040 2026 2093 ortum
2075 2038 2193 2103 est,

113 2112 441 2173 aeternitas
477 2117 665 2187 valet,
698 2123 931 2177 tantum
975 2116 1055 2177 ad
1086 2116 1270 2176 fidem
1300 2116 1548 2180 veritas.
1610 2114 1910 2192 Quocirca
1948 2114 2001 2175 si
2033 2116 2194 2182 forte

115 2193 192 2252 de
224 2194 477 2256 deorum
512 2205 727 2258 natura
751 2206 1011 2275 ortuque
1034 2199 1245 2260 mundi
1268 2198 1643 2264 disserentes
1675 2198 1873 2260 minus
1903 2196 1983 2271 id,
2020 2198 2194 2273 quod

114 2291 367 2339 avemus
387 2325 402 2351 ,
443 2279 690 2340 omnino
728 2296 1208 2355 consequemur,
1241 2289 1310 2343 ut
1336 2290 1465 2346 tota
1486 2281 1753 2343 dilucide
1784 2289 1846 2342 et
1873 2283 2057 2357 plane
2088 2297 2198 2346 exa

118 2366 329 2419 ornata
364 2361 557 2421 oratio
591 2361 704 2422 sibi
736 2372 979 2425 constet
1013 2374 1073 2425 et
1108 2381 1186 2424 ex
1217 2365 1383 2427 omni
1410 2375 1586 2443 parte
1617 2382 1828 2426 secum
1866 2365 2005 2441 ipsa
2040 2380 2192 2424 con-

113 2440 363 2535 sentiat,
411 2444 573 2505 haud
618 2462 768 2506 sane
809 2447 923 2508 erit
964 2446 1204 2520 mirum,
1250 2448 1644 2526 contentique
1688 2465 1831 2511 esse
1866 2446 2194 2521 debebitis,

114 2538 164 2581 si
192 2524 533 2618 probabilia
565 2528 862 2591 dicentur.
925 2534 1211 2606 Aequum
1243 2540 1338 2593 est
1373 2531 1531 2593 enim
1578 2531 1933 2593 meminisse
1966 2539 2028 2594 et
2067 2548 2192 2604 me,

116 2623 218 2680 qul
257 2607 588 2685 disseram,
644 2613 947 2674 hominem
986 2631 1131 2676 esse
1176 2622 1240 2675 et
1290 2631 1437 2688 voS,
1490 2615 1595 2692 qui
1641 2614 1953 2688 iudicetiS‚
2000 2624 2096 2688 ut,
2137 2614 2193 2675 si

115 2690 452 2785 probabilia
495 2694 802 2771 dicentur,
854 2714 932 2758 ne
989 2697 1134 2771 quid
1182 2700 1338 2759 ultra
1391 2698 1737 2774 requiratis.
1814 2698 2192 2774 Quaeramus

114 2780 295 2846 igitur
327 2793 574 2838 causam
622 2796 780 2855 quae
820 2796 958 2840 eum
989 2780 1325 2856 impulerit,
1357 2780 1463 2858 qui
1502 2782 1657 2843 haec
1686 2782 2063 2842 machinatus
2090 2781 2190 2852 sit,

113 2863 181 2949 ut
203 2857 496 2931 originem
521 2878 723 2923 rerum
754 2877 816 2924 et
838 2863 1210 2926 molitionem
1237 2880 1461 2928 novam
1486 2875 1828 2941 quaereret.
1879 2863 2192 2926 Probitate

114 2938 398 3002 vldelicet
445 2947 820 3020 praestabat,
869 2947 1106 3028 probus
1160 2956 1361 3012 autem
1404 2946 1636 3010 invidet
1673 2948 1917 3009 nemini.
1975 2950 2193 3024 Itaque

115 3023 314 3084 omnia
351 3025 446 3086 sui
486 3024 701 3088 similia
744 3030 1082 3104 generavit.
1106 3097 1119 3100 ,
1145 3031 1315 3091 Haec
1355 3030 1631 3094 nimirum
1663 3031 1954 3107 gignendi
1980 3029 2191 3091 mundi

115 3119 300 3168 causa
332 3107 683 3175 iustissima.
740 3113 887 3172 Nam
921 3131 1106 3188 quum
1151 3114 1576 3176 constituisset
1610 3115 1766 3176 deus
1796 3113 1977 3177 bonis
2003 3113 2193 3176 omni·

115 3186 228 3246 bus
253 3193 502 3265 explere
534 3196 856 3269 mundum,
888 3196 1026 3257 mali
1055 3196 1202 3260 nihil
1232 3197 1573 3258 admiscere
1599 3199 1805 3274 quoad
1837 3205 2054 3262 natura
2081 3214 2192 3273 pa-

114 3273 373 3364 teretur,
425 3273 721 3351 quidquid
771 3287 902 3339 erat
949 3282 1114 3354 quod
1166 3281 1226 3341 in
1287 3281 1579 3341 cernendi
1621 3298 1875 3343 sensum
1918 3281 2189 3352 caderet,

112 3348 170 3404 id
213 3352 326 3409 subi
368 3355 743 3432 adsumpsit,
792 3377 912 3420 non
960 3364 1348 3440 tranquillum
1395 3371 1457 3424 et
1489 3363 1783 3442 quietum,
1823 3364 1938 3427 sed
1975 3364 2190 3424 immo-
