2381 3723
91 138 170 201 lo
250 136 259 145 “
907 136 1003 195 DE
1037 135 1357 196 OFFlcnS
1457 168 1458 171 ¹

89 306 213 365 quo
246 299 415 348 motu
455 285 787 359 accidunt,
815 303 997 362 quam
1031 303 1130 359 ea,
1194 304 1353 362 quae
1381 288 1671 347 meditata
1714 299 1776 348 et
1804 294 2177 364 praeparata

87 372 444 432 inferuntur.
517 373 611 430 Ac
636 371 713 429 de
738 370 1054 431 inferenda
1087 369 1333 446 quidem
1366 370 1581 431 iniuria
1612 370 1761 432 satis
1795 370 2022 431 dictum
2055 379 2176 432 est.

212 457 313 515 IX.
362 452 461 513 28.
550 453 1133 515 Praetermittendae
1163 462 1368 516 autem
1402 453 1784 516 defensionis
1819 453 2181 514 deserendi·

89 556 210 615 que
257 537 443 600 officii
494 539 700 614 plures
732 541 935 599 solent
979 554 1122 599 esse
1159 555 1405 600 causae.
1475 540 1627 598 Nam
1673 544 1777 597 aut
1823 535 2179 599 inimicitias

88 629 193 683 aut
222 623 493 682 laborem
537 629 641 681 aut
683 629 968 697 sumptus
999 623 1320 698 suscipere
1351 624 1568 683 nolunt
1618 628 1723 681 aut
1761 622 1942 682 etiam
1985 621 2181 697 negli·
2215 658 2220 661 ,

87 704 320 782 gentia,
364 704 635 782 pigritia,
678 705 896 766 inertia
923 713 1030 766 aut
1060 704 1189 767 suis
1223 705 1441 766 studiis
1488 705 1859 781 quibusdam
1904 722 2177 780 occupa-

90 789 436 850 tionibusve
484 788 574 850 sic
623 788 1069 865 impediuntur,
1124 796 1193 850 ut
1242 805 1387 864 θος,
1452 806 1612 865 quos
1660 789 1839 850 tutari
1884 783 2176 862 debeant,

86 874 374 935 desertos
417 889 560 934 esse
600 873 922 947 patiantur.
999 875 1214 948 Itaque
1254 872 1591 934 videndum
1624 880 1721 934 est
1747 889 1830 933 ‘ne
1860 890 1984 933 non
2020 870 2175 933 satis

92 956 170 1016 sit
191 957 250 1016 id
268 1004 282 1030 ,
318 956 487 1031 quod
513 956 675 1032 apud
700 958 1012 1018 Platonem
1041 957 1225 1017 estin
1251 956 1662 1033 philosophos
1687 955 1915 1016 dictum
1934 1004 1948 1030 ,
2002 957 2176 1031 quod

89 1039 147 1099 in
183 1039 308 1100 veri
337 1038 809 1116 investigatione
840 1048 1169 1105 versentur
1206 1042 1502 1116 quodque
1534 1057 1641 1114 ea,
1690 1056 1851 1115 quae
1890 1038 2178 1116 plerique

90 1124 486 1184 vehementer
521 1132 842 1200 expetant,
891 1126 969 1184 de
1003 1126 1226 1200 quibus
1253 1124 1413 1185 inter
1450 1141 1521 1186 se
1553 1122 1872 1199 digladiari
1905 1125 2174 1197 soleant,

91 1214 484 1269 contemnant
540 1216 601 1268 et
652 1226 765 1284 pro
816 1208 1001 1270 nihilo
1056 1216 1301 1285 putent,
1366 1215 1697 1285 propterea
1751 1208 1948 1269 iustos
2003 1223 2172 1267 esse.

90 1292 237 1351 Nam
286 1294 539 1352 alterum
582 1291 844 1354 iustitiae
881 1309 1081 1366 genus
1122 1293 1579 1368 adsequuntur,
1637 1290 1697 1351 in
1724 1289 2042 1351 inferenda
2090 1307 2175 1350 ne

91 1374 188 1434 cui
212 1381 475 1435 noceant
497 1373 732 1447 iniuria,
764 1374 822 1434 in
850 1377 1102 1437 alterum
1128 1375 1431 1436 incidunt:
1479 1374 1757 1435 discendi
1779 1374 1936 1435 enim
1962 1372 2172 1435 studio

90 1457 341 1534 impedit
372 1474 531 1533 quos
576 1458 731 1517 tueri
762 1458 991 1518 debent
1027 1459 1336 1521 deserunt.
1403 1461 1618 1534 Itaque
1650 1474 1761 1520 eos
1807 1474 1887 1518 ne
1928 1458 2005 1517 ad
2037 1474 2170 1518 rem

92 1540 393 1616 publicam
441 1539 687 1615 quidem
734 1558 1105 1605 accessuros
1151 1550 1326 1620 putat
1377 1542 1493 1604 nisi
1535 1549 1812 1604 coaetos,
1885 1540 2169 1616 Aequius

90 1631 292 1684 autem
333 1632 464 1684 erat
510 1623 571 1683 id
614 1627 929 1686 voluntate
979 1626 1129 1686 fieri.
1202 1628 1360 1687 Nam
1402 1628 1522 1688 hoc
1567 1624 1768 1702 ipsum
1815 1625 1895 1686 ita
1939 1622 2169 1685 iustum

84 1714 215 1781 est,
272 1706 440 1782 quod
488 1715 656 1767 recte
701 1709 797 1781 fit,
858 1708 910 1769 si
957 1717 1054 1770 est
1085 1709 1516 1772 voluntarium.
1600 1709 1705 1770 29.
1766 1709 1921 1770 Sunt
1962 1708 2159 1770 etiam.

93 1790 197 1866 qui
232 1797 337 1851 aut
364 1790 567 1852 studio
601 1790 687 1851 rei
724 1790 1032 1853 familiaris
1065 1795 1330 1854 tuendae
1363 1803 1468 1855 aut
1499 1793 1641 1856 odio
1675 1794 1942 1871 quodam
1976 1791 2167 1853 homi-

93 1888 233 1935 num
290 1892 466 1936 suum
507 1892 576 1937 se
621 1876 927 1952 negotium
975 1894 1160 1951 agere
1216 1878 1447 1952 dicant,
1506 1895 1585 1939 ne
1621 1880 1835 1939 ‘facere
1880 1875 2168 1951 cuiquam

95 1955 416 2020 videantur
443 1958 750 2021 iniuriam:
800 1958 903 2036 qui
946 1961 1150 2021 altero
1171 1978 1400 2037 genere
1433 1960 1764 2023 iniustitiae
1793 1967 2045 2033 vacant,
2102 1960 2163 2020 in

92 2044 346 2103 alterum
390 2042 725 2104 incurrunt.
812 2045 1120 2106 Deserunt
1168 2044 1325 2105 enim
1366 2045 1527 2106 vitae
1572 2044 1959 2116 societatem,
2020 2042 2166 2119 quia

93 2124 231 2185 nihil
267 2127 594 2186 conferunt
619 2126 676 2186 in
723 2144 859 2189 eam
892 2126 1104 2202 studii,
1135 2129 1278 2190 nihil
1312 2145 1568 2204 operae,
1616 2128 1758 2189 nihil
1785 2129 2162 2190 facultatum.

215 2208 511 2282 Quoniam
557 2208 739 2283 igitur
781 2210 1022 2272 duobus
1070 2212 1399 2286 generibus
1453 2211 1778 2273 iniustitiae
1823 2209 2162 2287 propositis

93 2289 477 2351 adiunximus
519 2307 740 2352 causas
782 2293 1103 2369 utriusque
1133 2296 1379 2370 generis
1411 2312 1645 2371 easque
1684 2311 1785 2356 res
1828 2303 1968 2356 ante
2017 2310 2164 2356 con·

93 2372 429 2446 stituimuS,
489 2373 710 2448 quibus
759 2374 983 2436 iustitia
1032 2380 1476 2452 contineretur,
1529 2377 1701 2438 facile
1748 2378 1914 2454 quod
1960 2378 2163 2438 cuius-

93 2466 214 2530 que
261 2456 556 2532 temporis
611 2458 880 2519 officium
946 2459 1025 2521 sit
1081 2462 1450 2537 poterimus,
1514 2460 1633 2524 nisi
1684 2467 1931 2524 nosmet
1983 2461 2161 2536 ipsos

92 2540 270 2599 valde
290 2539 650 2616 amabimus,
674 2540 966 2604 iudicare.
1048 2544 1149 2605 30.
1179 2546 1292 2607 Est
1315 2546 1473 2606 enim
1497 2545 1759 2607 difficilis
1786 2561 1932 2606 cura
1953 2561 2159 2605 rerum

88 2621 438 2685 alienarum.
513 2627 888 2703 Quamquam
930 2629 1333 2691 Terentianus
1384 2629 1483 2690 ille
1532 2630 1821 2690 Chremes
1876 2626 2159 2689 ‘humani

87 2705 235 2767 nihil
262 2725 297 2767 a
327 2726 397 2769 se
419 2708 677 2771 alienum
710 2716 936 2788 putat’,
988 2713 1098 2772 sed
1129 2721 1353 2786 tamen,
1387 2711 1529 2788 quia
1557 2713 1751 2789 magis
1795 2730 1868 2773 ea
1898 2710 2160 2788 percipi·

90 2808 224 2852 mus
256 2800 443 2867 atque
465 2791 790 2868 sentimus,
825 2811 984 2870 quae
1021 2796 1200 2858 nobis
1232 2795 1384 2872 ipsis
1444 2809 1548 2857 aut
1584 2812 1888 2873 prospera
1917 2802 2021 2855 aut
2052 2794 2159 2854 ad·

90 2890 270 2935 versa
300 2875 614 2950 eveniunt,
653 2894 835 2954 quam
863 2876 996 2952 illa,
1041 2896 1201 2954 quae
1236 2879 1524 2952 caeteris,
1564 2897 1723 2956 quae
1766 2879 1943 2956 quasi
1968 2880 2157 2955 longo

86 2956 404 3020 intervallo
456 2958 773 3022 interiecto
831 2960 1143 3037 videmus,
1200 2965 1374 3024 aliter
1426 2964 1505 3024 de
1549 2964 1665 3025 illis
1718 2981 1790 3024 ac
1842 2965 1921 3024 de
1974 2962 2156 3023 nobis

87 3040 448 3110 iudicamus.
524 3044 827 3119 Quocirca
855 3046 1015 3107 bene
1043 3046 1429 3126 praecipiunt
1450 3047 1551 3125 qui
1584 3055 1793 3109 vetant
1819 3047 2157 3124 quidquam

85 3142 270 3201 agere
302 3127 471 3202 quod
502 3127 751 3189 dubites
784 3145 1047 3204 aequum
1077 3130 1158 3191 sit
1185 3148 1264 3191 an
1302 3130 1593 3211 iniquum.
1661 3131 1995 3217 Aequitas
1992 3130 2153 3192 enim

86 3209 291 3270 lucet
274 3227 412 3288 lpsa
432 3226 556 3287 per
584 3228 686 3284 se,
737 3211 1033 3273 dubitatio
1071 3213 1501 3290 cogitationem
1534 3213 1836 3291 significat
1875 3195 2155 3274 iniuriae.

211 3293 284 3351 X.
328 3293 427 3353 31
502 3289 643 3354 Sed
686 3292 963 3354 incidunt
1004 3312 1196 3371 saepe
1235 3305 1546 3374 tempora,
1595 3315 1782 3374 quum
1827 3313 1930 3369 ea,
1994 3310 2158 3370 quac

68 3374 344 3434 maxime
370 3374 650 3436 videntur
672 3373 854 3451 digna
880 3393 1024 3438 esse
1046 3379 1209 3441 iusto
1235 3381 1478 3441 homine
1503 3397 1723 3457 eoque,
1750 3395 1929 3454 quem
1958 3376 2158 3438 virum
