2381 3723
110 145 172 198 43
330 93 345 117 ³
716 130 885 190 CAP.
920 139 1180 193 11—13.
1225 138 1277 199 §-
1309 138 1575 194 39—472
2064 132 2185 194 159

107 285 266 346 iutor
295 289 511 343 contra
540 281 798 357 patriam
831 279 1118 342 inventus
1151 290 1252 342 est
1281 298 1494 342 nemo:
1536 281 1745 358 itaque
1774 280 1893 344 sibi
1923 289 2182 344 mortem

107 375 368 443 uterque
399 364 720 427 conscivit.
806 366 908 427 43.
957 365 1087 439 Qua
1126 382 1196 425 re
1228 365 1364 426 talis
1395 365 1817 441 improborum
1852 366 2184 428 consensio

108 468 230 513 non
260 451 448 511 modo
473 446 875 511 excusatione
907 448 1206 509 amicitiae
1236 450 1498 525 tegenda
1530 465 1653 509 non
1678 457 1805 523 est,
1842 451 1957 511 sed
1977 449 2185 526 potius

109 533 412 611 supplicio
448 533 613 595 omni
643 532 1012 594 vindicanda
1047 540 1171 605 est,
1219 540 1285 593 ut
1313 548 1391 593 nc
1432 532 1570 608 quis
1614 550 1982 595 concessum
2015 542 2187 610 putet

108 619 371 680 amicum
406 619 502 680 vel
536 618 761 678 ballum
790 617 1027 692 patriae
1062 615 1431 677 inferentem
1463 618 1669 693 sequi.
1717 619 1885 694 quod
1915 618 2184 692 quidem,

109 710 176 764 ut
202 719 305 763 res
341 700 437 762 ire
465 701 698 777 coepit,
746 701 912 761 haud
943 700 1184 766 sciosan
1230 699 1561 775 aliquando
1595 702 1861 763 futurum
1890 704 1997 763 sit.
2042 700 2187 762 mihi

108 793 311 847 autem
341 802 465 845 non
498 783 719 846 minori
752 801 936 845 curae
968 790 1065 844 est
1090 783 1298 859 qualis
1329 800 1431 844 res
1461 784 1707 860 publica
1734 792 1882 862 post
1926 793 2182 847 morterr

109 886 307 931 meam
337 857 537 930 futura
565 868 647 929 sit
681 881 860 963 quam
878 868 1129 948 qualis
1114 866 1311 928 {hodie
1342 866 1437 928 sit.

233 953 391 1013 Xlll.
438 953 540 1012 44.
629 953 818 1013 Haec
829 950 1012 1027 igitur
1037 950 1233 1027 prima
1277 954 1378 1011 lex
1416 950 1717 1013 amicitiae
1750 952 2076 1025 sanciatur,
2118 961 2185 1013 ut

110 1039 184 1098 ab
222 1035 434 1097 amicis
464 1036 727 1096 honesta
763 1043 1074 1111 petamuS,
1113 1034 1448 1097 amicorum
1486 1051 1675 1096 causa
1704 1036 1968 1097 honesta
2006 1035 2184 1096 facia-

110 1138 282 1195 muS,
308 1131 390 1179 ne
421 1125 853 1194 exspectemus
890 1118 1137 1194 quidem
1180 1120 1325 1179 dum
1356 1134 1678 1194 rogemur,
1732 1119 1999 1180 studium
2030 1135 2183 1179 sem·

110 1221 222 1281 per
267 1202 458 1276 adsit,
512 1202 819 1264 cunctatio
857 1201 1046 1263 absit:
1106 1201 1428 1263 consilium
1472 1219 1623 1263 vero
1668 1203 1816 1262 dare
1847 1202 2184 1263 audeamus

109 1290 332 1348 libere:
381 1286 700 1362 plurimum
733 1285 792 1346 in
821 1285 1084 1346 amicitia
1116 1284 1451 1346 amicorum
1479 1285 1640 1346 bene
1666 1285 2054 1346 suadentium
2087 1302 2164 1345 va

111 1374 233 1431 leat
261 1368 624 1442 auctoritaS,
657 1386 855 1445 eaque
877 1377 940 1430 et
967 1369 1330 1430 adhibeatur
1349 1370 1428 1429 ad
1453 1371 1823 1431 monendum
1850 1386 1973 1430 non
1998 1370 2183 1430 modo

110 1462 356 1533 aperte,
388 1454 503 1514 sed
535 1454 713 1513 etiam
746 1452 998 1526 acriter,
1029 1452 1081 1514 si
1112 1470 1213 1514 res
1246 1452 1608 1532 postulabit,
1652 1460 1714 1514 et
1746 1452 2054 1514 adhibitae
2084 1470 2187 1529 pa-

109 1545 334 1598 reatur.
422 1538 525 1597 45.
563 1538 710 1596 Nam
745 1537 1140 1612 quibusdam,
1187 1543 1347 1634 qqos
1383 1536 1567 1598 audio
1602 1538 1913 1613 sapientes
1944 1536 2186 1597 habitos

110 1621 167 1682 in
209 1618 494 1692 Graecia,
510 1620 838 1696 placuisse
875 1621 1096 1696 opinor
1125 1620 1419 1681 mirabilia
1451 1623 1752 1696 quaedam
1784 1656 1870 1665 -—
1898 1623 2008 1683 sed
2042 1620 2188 1680 nihil

110 1712 206 1765 est
251 1704 421 1778 quod
462 1665 546 1762 i'ni
592 1720 714 1764 non
758 1714 1210 1780 persequantur
1254 1704 1507 1781 argutiis
1536 1739 1620 1749 —
1635 1705 1914 1781 :partim
1958 1705 2189 1780 fugien-

109 1789 223 1848 das
267 1803 412 1847 esse
444 1786 659 1847 nimias
692 1787 1021 1864 amicitias,
1074 1806 1150 1848 ne
1193 1804 1456 1872 necesse
1504 1788 1585 1849 sit
1626 1807 1812 1850 unum
1862 1788 2188 1850 sollicitum

110 1888 256 1933 esse
288 1888 401 1946 pro
439 1872 745 1945 pluribus:
788 1873 937 1934 satis
979 1890 1294 1948 superque
1342 1889 1485 1934 esse
1515 1873 1634 1933 sibi
1676 1889 1923 1934 suarum
1968 1872 2189 1946 cuique

110 1971 349 2027 rerum,
395 1954 619 2016 alienis·
653 1956 828 2016 nimis
864 1955 1158 2032 implicari
1182 1959 1509 2017 molestum
1549 1972 1721 2016 esse:
1768 1954 2188 2016 commodissi-

109 2055 278 2098 mum
309 2054 451 2098 6336
483 2056 664 2114 quam
711 2039 1056 2101 laxissimas
1089 2040 1363 2100 habenas
1400 2040 1629 2100 habere
1660 2037 1984 2111 amicitiae,
2035 2053 2189 2112 quas

110 2124 209 2181 vel
245 2121 522 2183 adducas
571 2141 756 2196 quum
793 2122 948 2184 velis
1004 2125 1100 2184 vel
1141 2122 1446 2184 remittas:
1498 2131 1681 2199 caput
1721 2121 1879 2183 enim
1928 2137 2071 2182 6336
2112 2121 2188 2179 ad

108 2207 292 2265 beate
319 2205 653 2267 vivendum
685 2206 1104 2280 securitatem,
1139 2224 1259 2282 qua
1287 2206 1403 2267 frui
1438 2225 1559 2267 non
1600 2206 1801 2283 possit
1830 2205 2101 2277 animuS,
2138 2202 2188 2265 si

112 2298 423 2364 tamquam
482 2290 778 2366 parturiat
828 2308 987 2351 unus
1041 2307 1154 2366 pro
1215 2290 1509 2366 pluribus.
1600 2291 1701 2351 46.
1760 2290 1937 2351 Alios
1987 2298 2191 2349 autem

112 2372 322 2433 dicere
363 2371 529 2435 aiunt
566 2376 755 2435 multo
797 2374 978 2435 etiam
1019 2374 1406 2436 inhumanius
1447 2409 1532 2420 --
1573 2392 1755 2449 quem
1812 2377 2015 2435 locum
2060 2375 2192 2432 bre-

112 2456 274 2516 viter
303 2459 508 2532 paullo
541 2468 682 2518 ante
709 2456 1133 2532 perstrinxi—
1144 2505 1159 2531 ,
1189 2458 1483 2534 praesidii
1506 2457 1957 2553 adiumentique
1982 2473 2190 2527 causa,

111 2557 236 2600 non
289 2540 758 2602 benevolentiae
799 2558 1002 2616 neque
1054 2540 1338 2602 caritatis
1372 2540 1666 2602 amicitias
1712 2559 1856 2602 esse
1898 2550 2191 2617 expeten-

110 2625 259 2683 das:
313 2621 519 2698 itaque
569 2634 636 2685 ut
688 2624 952 2700 quisque
1003 2623 1309 2686 minimum
1371 2614 1668 2684 firmitatis
1717 2624 1971 2684 haberet
2026 2623 2167 2681 mini

109 2723 408 2780 mumque
441 2707 687 2782 virium,
731 2708 814 2769 ita
844 2707 1134 2769 amicitias
1167 2716 1463 2784 appetere
1505 2705 1794 2767 maxime:
1842 2722 1920 2766 ex
1954 2722 2027 2766 eo
2061 2701 2191 2764 fieri

106 2797 179 2851 ut
223 2789 614 2852 mulierculae
657 2793 849 2878 magis
881 2791 1277 2853 amicitiarum
1314 2790 1621 2868 praesidia
1668 2796 1966 2865 quaerant
2010 2804 2191 2864 quam

107 2872 223 2933 viri
278 2882 339 2933 et
393 2873 615 2950 inopes
676 2893 877 2951 quam
925 2875 1197 2951 opulenti
1248 2885 1309 2937 et
1374 2873 1711 2936 calamitosi
1764 2891 1943 2949 quam
2010 2871 2191 2933 beati.

105 2959 208 3017 47
259 2958 306 3018 Ο
335 2960 712 3055 praeclaram
746 2960 1136 3036 sapientiam!
1217 2961 1424 3020 Solem
1461 2958 1617 3020 enim
1652 2976 1686 3019 e
1717 2961 1947 3021 mundo
1979 2960 2194 3019 tollere

110 3040 435 3101 videntur
422 3041 492 3116 ii,
551 3042 654 3118 qui
685 3043 1006 3105 amicitiam
1038 3061 1073 3103 e
1102 3043 1227 3104 vita
1256 3046 1503 3115 tollunt,
1549 3058 1671 3118 qua
1704 3043 1849 3103 nihil
1881 3060 1917 3101 a
1962 3042 2055 3100 dis
2085 3040 2188 3098 im-

108 3124 474 3186 mortalibus
507 3126 721 3187 melius
757 3129 1086 3200 habemuS,
1117 3127 1262 3187 nihil
1294 3127 1642 3188 iucundiuS.
1718 3129 1883 3202 Quae
1914 3130 2012 3184 est
2034 3120 2190 3182 enim.

105 3207 225 3269 ista
274 3209 621 3270 securitas?
697 3210 949 3288 Specie
962 3209 1212 3287 quidem
1259 3211 1506 3283 blanda,
1561 3211 1675 3271 sed
1715 3223 1940 3284 reapse
1988 3202 2189 3266 multis

105 3292 262 3354 locis
308 3293 714 3369 repudianda.
786 3297 1000 3371 Neque
1031 3293 1189 3355 enim
1228 3301 1324 3354 est
1353 3298 1837 3358 consentaneum
1872 3290 2054 3349 ullam
2086 3289 2189 3347 ho-

104 3384 348 3437 nestam
381 3395 509 3438 rem
554 3377 964 3449 actionemve,
999 3395 1076 3438 ne
1107 3375 1406 3439 sollicitus
1440 3377 1555 3448 sis,
1594 3380 1695 3434 aut
1723 3387 1845 3432 non
1873 3370 2189 3446 suscipere
