2381 3723
81 107 210 170 152
557 108 887 170 LAELlUS
919 109 1021 170 DE
1056 110 1408 171 AMICITIA
1439 111 1669 171 LIBER
2089 118 2165 172 36

86 257 280 335 gignit
308 266 371 319 et
401 260 702 335 continet,
755 278 870 323 nec
902 260 1037 322 sine
1071 262 1295 324 virtute
1328 259 1590 322 amicitia
1619 278 1762 323 esse
1806 264 1932 325 ullo
1974 266 2158 336 pacto

88 348 315 418 potest.
383 342 505 405 21,
564 347 687 406 lam
739 345 1023 406 virtutem
1081 362 1160 406 ex
1212 345 1659 407 consuetudine
1707 346 1871 407 vitae
1908 350 2159 405 nostrae

90 425 523 502 sermonisque
544 428 741 505 nostri
765 428 1262 505 interpretemur,
1294 445 1410 490 nec
1432 444 1586 503 eam,
1617 439 1683 490 ut
1706 429 1949 504 quidam
1974 426 2159 499 docti,

90 510 418 571 verborum
450 512 899 587 magnificentia
940 512 1261 574 metiamur
1298 511 1594 587 virosque
1624 513 1823 573 bonos
1860 527 2002 583 eOS‚
2056 508 2160 584 qui

90 594 420 666 habentur,
451 613 875 669 numeremus,
914 598 1192 669 PauHOS,
1230 597 1521 668 CatoneS,
1558 597 1780 667 Gallos,
1813 593 2158 671 Scipiones,

87 676 326 737 Philos:
375 676 469 737 his
501 679 843 742 communis
873 679 995 740 vita
1031 687 1320 741 contenta
1366 688 1488 752 est,
1535 696 1647 740 eos
1678 685 1883 739 autem
1925 677 2160 738 omitta-

89 777 256 832 muS,
311 760 414 835 qui
456 763 704 827 omnino
757 780 1059 839 nusquam
1103 763 1508 840 reperiuntur.
1596 761 1695 821 22.
1752 762 1931 822 Tales
1980 760 2160 836 igitur

88 842 246 904 inter
275 844 444 906 viros
476 846 738 909 amicitia
768 854 967 908 tantas
999 847 1491 924 opportunitates
1520 845 1730 919 habet,
1763 853 2025 921 quantas
2059 843 2160 905 vix

89 944 252 1003 queo
307 928 532 991 dicere.
620 929 922 1006 Principio
978 929 1082 1005 qui
1134 938 1346 1006 potest
1396 945 1538 992 esse
1580 928 1739 990 ‘vita
1781 928 2047 1002 vitalis’,
2098 937 2164 987 ut

87 1010 170 1071 ait
216 1011 481 1087 EnniuS,
549 1031 708 1090 quae
760 1030 883 1074 non
933 1012 990 1073 in
1041 1013 1217 1074 amici
1275 1021 1483 1075 mutua
1534 1011 1965 1075 benevolentia
2018 1027 2160 1072 con-

89 1092 390 1170 quiescit?
465 1096 622 1173 Quid
654 1097 891 1161 dulcius
922 1113 1106 1172 quam
1142 1098 1369 1158 habere
1401 1096 1645 1173 quicum
1689 1095 1893 1157 omnia
1926 1097 2161 1157 audeas

87 1178 176 1239 sic
213 1179 381 1254 loqui
411 1188 478 1242 ut
518 1184 758 1243 tecum?
826 1180 970 1254 Quis
1012 1188 1182 1242 esset
1225 1189 1426 1242 tantus
1471 1182 1705 1241 fructus
1739 1178 1799 1239 in
1839 1177 2162 1256 prosperis

86 1263 303 1336 rebuS,
333 1263 450 1326 nisi
480 1265 741 1327 haberes
772 1264 876 1340 qui
907 1263 1023 1324 illis
1054 1282 1254 1342 aeque
1285 1282 1357 1326 ac
1391 1272 1450 1325 tu
1483 1265 1620 1339 ipse
1653 1264 1992 1338 gauderet?
2035 1262 2161 1322 Ad-

90 1362 303 1409 versas
353 1366 502 1409 vero
547 1352 705 1410 serre
749 1348 995 1409 difficile
1033 1355 1206 1409 esset
1244 1348 1377 1409 sine
1419 1365 1528 1422 eo,
1586 1346 1689 1421 qui
1730 1347 1864 1407 illas
1908 1345 2160 1422 gravius

86 1430 267 1491 etiam
293 1448 475 1506 quam
508 1440 572 1493 tu
606 1434 806 1493 ferret.
880 1432 1159 1507 Denique
1192 1438 1471 1493 caeterae
1497 1449 1628 1502 res,
1673 1447 1832 1506 quae
1862 1437 2162 1506 expetun-

88 1523 214 1588 tur,
269 1522 656 1590 opportunae
687 1522 835 1577 sunt
872 1514 1152 1590 singulae
1181 1517 1366 1576 rebus
1398 1517 1529 1577 sere
1559 1513 1844 1589 singulis,
1893 1512 2160 1581 divitiae,

85 1606 149 1657 ut
182 1605 385 1670 utare,
422 1615 608 1674 opes,
641 1607 709 1659 ut
738 1600 976 1672 colare,
1015 1600 1318 1671 honoreS,
1367 1606 1436 1661 ut
1464 1600 1742 1670 laudere,
1785 1599 2156 1673 voluptates,

86 1688 151 1740 ut
180 1682 485 1756 gaudeas,
543 1683 865 1754 valetudo,
912 1688 980 1743 ut
1021 1683 1241 1743 dolore
1276 1700 1488 1744 careas
1534 1689 1597 1742 et
1638 1680 1994 1742 muneribus
2032 1682 2154 1741 sun-

84 1780 230 1839 gare
280 1765 591 1842 corporis:
639 1764 899 1826 amicitia
941 1782 1042 1827 res
1096 1765 1386 1842 plurimas
1441 1763 1744 1838 continet,
1798 1780 2051 1840 quoquo
2101 1772 2161 1824 te

86 1846 345 1909 verteris
385 1858 635 1926 praesto
670 1856 793 1923 est,
855 1851 1020 1911 nullo
1072 1851 1216 1912 loco
1263 1851 1635 1925 excluditur,
1688 1865 2020 1924 numquam
2075 1846 2161 1907 in-

84 1935 480 2009 tempestiva,
526 1952 859 2010 numquam
904 1936 1162 1995 molesta
1194 1942 1308 1997 est.
1383 1938 1593 2010 ltaque
1623 1948 1748 1994 non
1792 1949 1981 2007 aqua,
2035 1948 2160 1992 non

83 2014 241 2091 igni,
285 2025 354 2079 ut
386 2017 580 2093 aiunt,
613 2017 890 2095 pluribus
926 2017 1080 2079 locis
1126 2018 1352 2080 utimur
1384 2013 1567 2095 quam
1597 2015 1909 2077 amicitia.'
1948 2018 2161 2091 Neque

84 2117 199 2175 ego
232 2118 394 2163 nunc
440 2104 518 2163 de
557 2103 793 2178 vulgari
834 2109 939 2163 aut
981 2102 1422 2176 de-mediocri,
1479 2118 1639 2177 quae
1679 2107 1881 2160 tamen
1923 2098 2060 2175 ipsa
2100 2105 2163 2157 et

85 2185 348 2244 delectat
377 2192 441 2244 et
474 2186 762 2259 prodest,
807 2187 921 2246 sed
964 2187 1046 2246 de
1080 2203 1229 2246 vera
1264 2194 1326 2246 et
1357 2187 1633 2262 perlecta
1665 2186 1914 2259 loquor,
1961 2184 2160 2258 qualis

84 2283 328 2338 eorum,
384 2268 486 2342 qui
517 2266 696 2342 pauci
732 2268 1147 2343 nominantur,
1203 2268 1333 2330 ruit.
1408 2270 1554 2329 Nam
1603 2276 1662 2328 et
1702 2267 2011 2327 secundas
2056 2282 2160 2326 res

83 2350 535 2423 splendidiores
579 2351 724 2410 facit
765 2351 1024 2412 amicitia
1072 2361 1133 2412 et
1174 2354 1473 2413 adversas
1520 2350 1788 2427 partiens
1828 2347 2159 2410 communi-

83 2449 359 2507 cansque
391 2434 676 2495 leviores.
1611 2472 1621 2480 ·

206 2518 335 2576 VII.
379 2516 479 2578 23.
570 2520 892 2594 Quumque
924 2518 1215 2593 plurimas
1250 2526 1312 2579 et
1356 2518 1653 2580 maximas
1687 2517 2158 2580 commoditates

85 2600 344 2662 amicitia
378 2602 716 2676 contineat,
750 2608 878 2663 tum
909 2602 1010 2662 illa
1042 2601 1323 2663 nimirum
1351 2610 1623 2678 praestat
1653 2601 1956 2674 omnibuS,
1990 2600 2159 2675 quod

82 2685 304 2745 bonam
356 2703 531 2763 spem
586 2688 899 2762 praelucet
936 2685 998 2745 in
1040 2693 1359 2761 posterum
1402 2703 1518 2747 nec
1570 2685 1871 2747 debilitari
1921 2683 2160 2744 animos

81 2777 185 2829 aut
216 2770 438 2829 cadere
468 2770 711 2844 patitur.
789 2771 1017 2830 Verum
1063 2768 1222 2829 enim
1272 2768 1531 2830 amicum
1570 2769 1674 2846 qui
1711 2769 1979 2849 intuetur
2010 2775 2161 2826 tam-

82 2869 265 2926 quam
297 2856 610 2928 exemplar
639 2852 890 2930 aliquod
937 2852 1209 2914 intuetur
1239 2853 1355 2914 sui.
1427 2853 1729 2929 Quocirca
1758 2859 1821 2913 et
1867 2852 2161 2912 absentes

80 2936 307 2995 adsunt
337 2942 399 2995 et
428 2944 684 3011 egentes
717 2936 1032 2997 abundant
1069 2944 1130 2996 et
1159 2936 1441 2998 imbecilli
1480 2940 1689 2998 valent
1716 2943 1803 3009 et,
1851 2935 2018 3011 quod
2050 2933 2161 2994 dir-

78 3018 299 3079 ficilius
331 3018 498 3081 dictu
532 3030 658 3092 est,
703 3019 928 3081 mortui
960 3020 1201 3080 vivunt:
1247 3029 1454 3083 tantus
1499 3037 1611 3083 eos
1655 3020 1886 3093 honos,
1930 3033 2160 3077 memo-

75 3101 197 3175 ria,
226 3103 597 3165 desiderium
627 3103 1023 3178 prosequitur
1046 3103 1412 3165 amicorum:
1461 3121 1539 3165 ex
1565 3120 1687 3180 quo
1714 3103 1954 3164 illorum
1976 3102 2162 3162 beata

79 3202 249 3246 mors
286 3187 557 3259 videtur,
611 3186 830 3246 horum
874 3188 998 3247 vita
1039 3188 1379 3249 laudabilis.
1453 3188 1632 3263 Quod
1667 3186 1720 3249 si
1749 3184 2051 3248 exemeris
2079 3201 2161 3243 ex

75 3284 279 3327 rerum
311 3277 528 3330 natura
556 3270 1026 3331 benevolentiae
1059 3271 1584 3345 coniunctionem,
1626 3288 1741 3332 nec
1779 3272 2001 3331 domus
2037 3269 2162 3328 ulla

79 3366 195 3408 nec
229 3352 376 3411 urbs
409 3360 574 3411 stare
616 3352 873 3429 poterit,
933 3370 1010 3414 ne
1053 3354 1180 3428 agri
1226 3354 1471 3431 quidem
1513 3356 1712 3417 cultus
1755 3348 2153 3432 permanebit.
