2381 3723
133 168 203 222 δι
826 111 836 122 ’
925 156 1427 217 FRAGMENTA.
2086 152 2203 215 221

264 310 323 371 6.
372 308 720 371 Dediderim
751 306 1041 386 periculis
1072 306 1388 379 omnibuS,
1440 303 1762 367 obtulerim
1790 304 2059 380 insidiiS,
2106 306 2210 367 ob-

133 391 384 454 iecerim
411 392 694 454 invidiae.
756 404 1280 470 [Quinctiliauus
1316 405 1403 455 lib.
1435 403 1521 453 IX.
1559 419 1676 469 cap.
1712 403 1763 456 3.
1803 405 1854 466 5.
1888 400 1999 468 45.]

236 491 325 549 -7,
372 491 505 551 Vos
555 488 715 550 enim
769 486 1099 560 statuistiS,
1156 503 1274 548 vos
1326 485 1691 548 sententiam
1748 482 2019 557 dixistis,
2093 502 2210 547 vos

137 571 480 634 iudicastis·
550 589 715 655 [mem
752 589 787 641 1.
832 585 906 653 o.]

264 668 325 730 8.
370 672 612 745 Quaero
643 670 720 731 ab
754 666 1012 731 inimicis
1056 667 1258 730 sintne
1289 668 1441 728 haec
1479 665 1844 742 investigata
1879 672 2210 743 comperta,

137 753 447 827 patefacta
476 755 749 826 sublata,
786 755 987 814 delata
1016 751 1319 814 exstincta
1345 767 1459 827 per
1488 752 1627 812 me?
1693 766 1858 833 [idem
1879 769 2003 822 ibid.
2025 770 2073 830 s.
2097 766 2207 835 49.]

268 850 326 911 9.
374 852 488 926 Qui
516 852 970 949 indicabantur,
1012 868 1125 914 eos
1162 850 1402 932 vocari,
1450 848 1776 923 custodiri,
1821 852 1900 911 ad
1931 861 2209 914 senatum

137 934 409 995 adduci
393 936 578 997 iussi:
620 935 678 996 in
714 942 931 998 senatu
960 942 1106 997 sunt
1136 933 1344 1012 positi.
1413 949 1575 1016 [idem
1617 950 1744 1005 ibid.
1780 952 1831 1015 s.
1871 950 1981 1017 50]

270 1044 368 1105 10.
410 1045 521 1119 Qui
559 1046 823 1109 animum
874 1045 1161 1108 hostilem
1208 1046 1438 1108 habent
1466 1051 1530 1110 et
1573 1043 1748 1106 cuius
1783 1046 1943 1141 facta
1971 1046 2215 1107 hostilia

144 1135 311 1188 SUM-
350 1141 766 1208 [c..1u1.vict.
805 1161 918 1212 cap.
958 1145 1010 1197 6.
1045 1145 1096 1208 5.
1133 1145 1186 1198 3.
1224 1160 1277 1210 Ρ.
1316 1146 1436 1198 220.
1475 1142 1630 1210 Bait-J

873 1298 953 1348 12.
1025 1297 1151 1348 PRO
1188 1298 1246 1351 P.
1287 1295 1490 1348 OPPIO.

280 1403 449 1468 [Haec
496 1405 628 1454 actio
663 1404 838 1456 habita
869 1413 945 1457 est
980 1423 1112 1459 anno
1146 1423 1202 1473 p.
1240 1424 1294 1458 u.
1333 1425 1378 1461 c.
1419 1407 1523 1458 fere
1559 1407 1681 1460 687.
1721 1408 1790 1461 Μ.
1828 1408 2035 1460 Aurelio
2075 1409 2217 1460 Cotta

139 1489 212 1526 ex
247 1473 375 1524 Asia
403 1472 617 1525 Romam
650 1489 855 1527 reverso
890 1475 998 1541 (cf.
1021 1477 1166 1531 Cass.
1195 1475 1291 1526 Dio
1321 1477 1411 1527 lib.
1449 1477 1687 1528 XXXVI.
1723 1492 1837 1543 cap.
1867 1477 1955 1531 23.
1964 1476 2015 1542 ),
2052 1493 2084 1528 a
2116 1494 2215 1560 quo

144 1557 351 1609 procos.
414 1542 470 1591 P.
505 1541 703 1608 Oppius
739 1552 991 1609 quaestor,
1027 1546 1164 1608 quod
1200 1547 1593 1612 repetundarum
1613 1546 2014 1610 insidiarumque
2047 1549 2216 1614 suspi-

143 1614 344 1661 cionem
373 1610 473 1660 sibi
509 1619 854 1675 contraxerat,
905 1615 956 1664 in
993 1614 1168 1664 urbem
1203 1622 1311 1665 erat
1339 1614 1611 1681 relegatus.
1689 1615 1850 1667 Huius
1880 1618 2214 1681 patrocinium

144 1681 321 1731 Cicero
378 1681 632 1745 suscepit,
695 1681 837 1732 Cotta
880 1697 1019 1733 reum
1071 1683 1358 1735 testimonio
1407 1697 1500 1733 suo
1551 1692 1816 1751 urguente.
1889 1683 1966 1733 Cf.
2007 1684 2214 1738 Sallust.

144 1744 344 1813 fragm.
389 1747 516 1797 Hist.
566 1749 657 1799 lib.
697 1751 786 1803 111.
823 1765 937 1816 cap.
976 1751 1061 1805 39.
1095 1766 1148 1817 p.
1186 1752 1308 1805 223.
1343 1753 1425 1803 ed.
1458 1753 1641 1803 Kritz:
1696 1753 1783 1803 At
1818 1752 2038 1819 Oppius,
2075 1762 2216 1821 post-

144 1832 298 1879 quam
334 1830 483 1867 orans
519 1817 647 1868 nihil
683 1818 1004 1885 proficiebat,
1050 1820 1231 1872 timide
1268 1829 1409 1872 veste
1442 1828 1628 1872 tectum
1664 1823 1938 1888 pugionem
1975 1823 2217 1888 expedire

143 1897 355 1936 conatus
392 1901 422 1935 a
459 1887 601 1937 Cotta
630 1887 914 1952 Vulcioque
950 1888 1270 1957 impeditur-J

277 2004 331 2064 1.
375 2005 587 2065 Utrum
617 2025 802 2082 quum
827 2008 1060 2068 Cottam
1097 2007 1440 2084 appetisset
1461 2024 1536 2066 an
1570 2024 1755 2081 quum
1791 2007 1925 2082 ipse
1948 2024 2092 2069 sese
2116 2025 2214 2070 co-

147 2093 398 2147 naretur
420 2089 726 2165 occidere,
756 2093 942 2152 telum
964 2091 1019 2151 ei
1049 2107 1084 2150 e
1109 2091 1388 2151 manibus
1420 2097 1696 2167 ereptum
1721 2093 1859 2152 est?
1905 2105 2219 2171 [Quincti-

144 2170 365 2222 liauus
402 2172 489 2222 lib.
531 2175 595 2226 V.
635 2190 747 2239 cap.
787 2175 866 2228 io.
906 2176 957 2237 5.
990 2171 1101 2237 69.]

276 2252 333 2312 2.
380 2253 549 2327 Quos
581 2257 846 2318 educere
876 2256 1102 2318 invitos
1131 2256 1192 2317 in
1239 2256 1617 2333 provinciam
1656 2275 1776 2319 non
1823 2255 2049 2334 potuit,
2105 2274 2217 2318 eos

144 2333 372 2397 invitos
402 2338 667 2400 retinere
700 2340 803 2416 qui
837 2340 1072 2417 potuit?
1138 2355 1306 2422 [mem
1341 2356 1432 2410 lib.
1469 2359 1532 2407 V.
1572 2373 1687 2423 cap.
1729 2359 1813 2411 10.
1845 2360 1894 2420 §-
1930 2355 2036 2420 76.]

273 2433 333 2494 3.
377 2437 463 2496 At
503 2438 661 2499 enim
710 2456 834 2500 non
887 2439 1019 2501 veri
1067 2440 1266 2501 simile
1305 2448 1403 2502 est
1452 2447 1685 2502 tantum
1721 2444 1926 2504 scelus
1970 2441 2051 2501 Μ.
2084 2441 2221 2502 Cot-

146 2522 271 2576 tam
327 2535 469 2579 esse
522 2531 952 2585 commentum.
1024 2523 1221 2599 Quid?
1279 2525 1399 2584 hoc
1444 2523 1574 2584 veri
1612 2523 1805 2586 simile
1848 2534 1944 2586 est
1985 2532 2219 2587 tantum

150 2602 358 2662 scelus
395 2603 655 2678 Oppium
688 2622 833 2668 esse
866 2609 1190 2668 conatum?
1258 2621 1419 2688 [Idem
1456 2622 1545 2676 lib.
1584 2624 1648 2672 V.
1689 2637 1803 2687 cap.
1846 2623 1925 2674 13.
1963 2625 2011 2686 §-
2052 2621 2166 2687 30.]

275 2700 337 2758 4.
385 2743 443 2760 ..
471 2746 484 2759 .
512 2746 527 2762 .
577 2711 964 2780 questusque
1009 2723 1250 2768 mecum
1293 2713 1407 2768 est.
1475 2717 1894 2785 [Arusianus
1940 2717 2219 2767 Messius

147 2782 382 2848 Exempl.
414 2785 595 2840 elocut.
634 2802 685 2852 Ρ.
726 2787 845 2840 393.
879 2804 931 2853 p.
973 2790 1093 2844 257.
1129 2788 1391 2855 Lindem.]

273 2865 332 2923 5.
387 2867 627 2929 Etenim
680 2872 933 2932 multum
985 2889 1178 2949 posse
1231 2875 1309 2933 ad
1369 2873 1629 2933 salutem
1686 2867 1934 2930 alterius
2001 2867 2221 2930 honori

148 2947 385 3022 multis,
434 2968 647 3027 parum
680 2953 960 3029 potuisse
996 2957 1077 3016 ad
1106 2955 1354 3018 exitium
1397 2954 1628 3032 probro
1666 2952 1884 3014 nemini
1931 2968 2220 3029 umquam

150 3030 280 3091 fult.
345 3047 746 3115 [Ammianus
778 3054 1210 3105 Marcellinus
1245 3056 1332 3107 lib.
1368 3054 1532 3107 XXX.
1569 3069 1679 3119 cap.
1716 3054 1766 3105 8.
1805 3056 1857 3117 5.
1895 3051 1970 3118 7.]

272 3130 331 3191 6.
404 3130 451 3192 Ο
508 3149 781 3197 amorem
845 3136 1088 3210 mirum,
1166 3155 1203 3198 o
1267 3135 1756 3197 benevolentiam
1818 3133 2216 3210 singularem!

149 3211 662 3278 [Quinctilianus
695 3220 783 3272 lib.
821 3219 904 3270 IX.
944 3236 1056 3286 cap.
1099 3223 1151 3275 2.
1190 3224 1241 3285 5.
1282 3219 1393 3286 51.]

272 3300 332 3357 7.
377 3298 738 3363 Fortissime
766 3303 1101 3378 invaseris,
1141 3305 1311 3381 quod
1346 3312 1442 3366 est
1471 3312 1577 3367 aut
1608 3300 1887 3365 omnibus
1921 3300 2220 3378 periculo·

145 3395 285 3442 sum
314 3414 400 3427 —-
430 3390 537 3445 aut
580 3384 733 3463 ipsis
779 3386 1110 3461 iudicibuS,
1169 3397 1239 3450 ut
1282 3406 1394 3466 pro
1431 3387 1628 3466 Oppio
1674 3392 1884 3447 monet
1927 3385 2219 3461 pluribuS,
