2381 3723
157 108 240 171 30
396 152 401 155 -
964 111 1067 169 DE
1104 109 1423 169 OFFlCllS

159 263 473 321 decorum.
562 263 664 322 95.
709 262 839 335 Qua
867 276 935 320 re
966 260 1229 336 pertinet
1269 259 1516 334 quidem
1560 260 1639 319 ad
1672 275 1915 319 omnem
1945 258 2242 321 honesta·

160 352 278 404 tem
314 346 461 418 hoc,
495 346 662 419 quod
693 344 863 416 dico',
900 344 1193 403 decorum
1224 350 1286 402 et
1313 344 1396 403 ita
1428 342 1713 418 pertinet,
1767 348 1833 403 ut
1862 359 1983 403 non
2017 357 2242 403 recon-

159 427 282 487 dita
314 430 575 502 quadam
608 427 846 488 ratione
872 433 1184 493 cernatur,
1221 428 1332 487 sed
1367 425 1443 486 s'it
1472 424 1530 486 in
1558 434 1865 501 promptu.
1939 426 2050 485 Est
2068 425 2239 489 enim

159 510 482 586 quiddam,
537 511 723 585 idque
775 508 1124 585 intelligitur
1168 509 1229 569 in
1274 509 1436 571 omni
1471 510 1725 581 virtute,
1780 510 1949 584 quod
1981 510 2234 570 deceat:

157 594 327 668 quod
374 594 746 669 cogitatione
788 592 980 668 magis
1022 611 1058 653 a
1098 592 1322 654 virtute
1354 599 1562 669 potest
1604 609 1784 666 quam
1825 610 1893 654 re
1935 598 2236 668 separari.

157 678 236 737 Ut
287 686 580 739 venustas
635 686 696 738 et
740 676 1083 752 pulcritudo
1136 676 1419 752 corporis
1468 675 1708 737 secerni
1757 693 1881 737 non
1937 683 2147 751 potest
2199 692 2237 736 a

160 759 536 832 valetudine,
571 761 663 823 sic
693 762 833 831 hoc,
867 761 945 820 de
978 776 1099 835 quo
1134 759 1471 835 loquimur,
1507 760 1835 833 decorum,
1867 767 2057 820 totum
2081 759 2234 819 illud

160 842 405 917 quidem
435 852 532 905 est
560 862 696 905 cum
735 843 957 905 virtute
990 845 1345 915 confusum,
1380 844 1491 904 sed
1523 850 1726 903 mente
1758 851 1820 903 et
1859 841 2240 918 cogitatione

159 926 567 1003 distinguitur.
656 928 758 989 96.
806 929 915 988 Est
950 937 1150 988 autem
1195 926 1330 988 eius
1376 924 1711 1000 descriptio
1755 928 2005 1004 duplex.
2081 927 2232 986 Nam

157 1018 220 1069 et
252 1014 541 1085 generale
585 1012 895 1093 quoddam
943 1013 1236 1072 decorum
1275 1009 1692 1085 intelligimus,
1749 1010 1919 1086 quod
1961 1008 2022 1069 in
2067 1010 2233 1073 omni

158 1093 482 1156 honestate
512 1104 823 1168 versatur,
877 1103 939 1155 et
967 1094 1128 1155 aliud
1160 1093 1301 1154 huic
1340 1092 1708 1165 subiectum,
1758 1095 1924 1170 quod
1972 1092 2237 1166 pertinet

158 1178 235 1236 ad
270 1177 542 1255 singulas
577 1189 783 1256 partes
815 1177 1173 1239 honestatis.
1248 1180 1453 1253 Atque
1482 1176 1631 1237 illud
1663 1178 1948 1253 superius
1982 1176 2073 1238 sic
2104 1178 2235 1237 fere

159 1261 396 1323 definiri
442 1266 628 1336 solet,
682 1264 1013 1323 ‘decorum
1056 1263 1115 1322 id
1160 1278 1335 1334 esse,
1402 1262 1566 1337 quod
1617 1269 2099 1321 consentaneum
2155 1260 2232 1320 sit

158 1343 424 1407 hominis
454 1345 851 1407 excellentiae
881 1344 940 1406 in
966 1362 1073 1417 e0,
1110 1344 1170 1404 in
1204 1362 1327 1420 quo
1354 1354 1566 1406 natura
1598 1343 1731 1405 eius
1764 1362 1800 1404 a
1831 1343 2083 1419 reliquis
2109 1343 2233 1402 ani-

159 1428 462 1490 mantibus
509 1424 799 1490 differat?
871 1429 1038 1502 Quae
1091 1437 1298 1489 autem
1347 1445 1490 1502 pars
1543 1427 1820 1489 subiecta
1859 1427 2071 1503 generi
2116 1435 2234 1495 est,

158 1526 290 1569 eam
322 1511 412 1572 sic
442 1512 767 1585 definiunt,
812 1521 877 1573 ut
914 1511 1012 1573 ‘id
1046 1513 1340 1573 decorum
1372 1511 1562 1573 velint
1592 1528 1764 1583 esse,
1809 1512 1974 1587 quod
2009 1510 2094 1570 ita
2128 1527 2234 1570 na-

157 1599 333 1655 turae
357 1604 835 1657 consentaneum
872 1596 983 1670 sit,
1042 1607 1108 1657 ut
1133 1596 1190 1656 in
1240 1613 1317 1657 eo
1350 1595 1691 1656 moderatio
1726 1603 1789 1656 et
1829 1594 2235 1670 temperantia

159 1688 454 1752 appareat
485 1695 620 1741 cum
656 1680 865 1757 speeie
898 1681 1157 1755 quadam
1190 1677 1468 1740 liberali?
1553 1680 1826 1740 XXVlll.
1871 1679 1973 1738 97.
2060 1677 2236 1737 Haec

157 1757 239 1818 ita
272 1762 517 1838 intelligi
556 1780 890 1839 possumus
920 1763 1274 1824 existimare
1305 1780 1382 1823 ex
1414 1780 1489 1824 eo
1515 1764 1777 1836 decoro,
1812 1762 1980 1837 quod
2005 1765 2237 1837 poetae

157 1853 528 1922 sequuntur,
563 1849 640 1909 de
672 1865 795 1925 quo
831 1847 950 1909 alio
984 1849 1120 1910 loco
1154 1848 1328 1921 plura
1353 1845 1471 1907 dici
1496 1848 1717 1909 solent.
1788 1846 1913 1908 Sed
1947 1852 2073 1906 tum
2107 1861 2235 1907 ser-

160 1945 303 1991 vare
338 1930 484 1992 illud
522 1938 773 2010 poetas,
829 1934 995 2009 quod
1034 1931 1281 2003 deceat,
1334 1930 1625 2004 dicimus,
1680 1948 1867 2007 quum
1912 1930 2004 2002 id,
2060 1930 2233 2005 quod
2285 1957 2298 1964 a

158 2029 404 2090 quaque
440 2034 709 2091 persona
738 2016 985 2093 dignum
1020 2024 1146 2088 est,
1194 2025 1254 2077 et
1289 2016 1355 2075 fit
1389 2022 1450 2075 et
1479 2014 1728 2087 dieitur,
1764 2023 1860 2086 ut,
1908 2013 2234 2088 si,Aeacus

155 2105 260 2157 aut
289 2099 487 2161 Minos
520 2101 782 2161 diceret:

329 2210 601 2281 Oderint,
650 2219 770 2271 tum
803 2218 1076 2285 metuant,

154 2313 259 2366 aut
274 2323 288 2365 ε

323 2405 495 2464 Natis
521 2408 793 2479 sepulcro
824 2408 949 2480 ipse
976 2416 1063 2466 est
1090 2423 1333 2483 parens,

155 2515 514 2577 indecorum
565 2515 908 2588 videretur,
968 2519 1135 2593 quod
1185 2535 1299 2579 eos
1346 2517 1540 2577 fuisse
1590 2515 1790 2577 iustos
1845 2512 2235 2587 accepimus:

154 2607 217 2660 at
261 2600 455 2662 Atreo
505 2598 747 2661 dicente
789 2602 1044 2677 plausus
1098 2602 1473 2662 excitantur:
1534 2607 1632 2660 est
1675 2597 2056 2672 enimdigna
2097 2614 2235 2672 per-

154 2701 310 2746 sona
342 2683 559 2746 oratio.
630 2685 753 2746 Sed
785 2689 1012 2762 poetae
1054 2684 1199 2760 quid
1233 2699 1544 2760 quemque
1592 2682 1810 2743 deceat
1840 2699 1918 2741 ex
1961 2696 2238 2755 persona

153 2767 523 2829 iudicabunt.
612 2768 801 2831 Nobis
845 2776 1047 2830 autem
1099 2785 1432 2844 personam
1485 2765 1778 2844 imposuit
1826 2766 1965 2841 ipsa
2017 2771 2238 2825 natura

154 2868 374 2926 magna
406 2868 543 2912 cum
564 2852 950 2914 ‘excellentia
983 2851 1482 2927 praestantiaque
1543 2850 1939 2911 animantium
1973 2847 2234 2924 reliqua·

154 2952 306 2995 rum.
395 2933 494 2996 98.
541 2936 842 3012 Quocirca
871 2942 1095 3011 poetae
1136 2935 1197 2996 in
1235 2952 1456 3011 magna
1488 2934 1780 2995 varietate
1822 2948 2239 3010 personarum

153 3019 331 3079 etiam
365 3018 604 3081 vitiosis
639 3020 786 3094 quid
817 3020 1145 3083 conveniat
1175 3028 1237 3081 et
1267 3018 1409 3096 quid
1446 3020 1665 3080 deceat
1691 3017 2020 3086 videbunt,
2053 3015 2237 3077 nobis

152 3111 356 3164 autem
392 3121 577 3179 quum
607 3121 644 3163 a
678 3112 889 3166 natura
922 3104 1336 3177 constantiae,
1385 3100 1856 3175 moderationis,
1891 3108 2240 3174 temperan-

152 3185 303 3260 tiae,
347 3187 758 3260 verecundiae
792 3196 999 3264 partes
1047 3190 1229 3248 datae
1253 3186 1375 3249 sint
1406 3203 1722 3263 quumque
1751 3188 1967 3248 eadem
2016 3192 2241 3254 natura

156 3269 377 3330 doceat
420 3287 542 3332 non
587 3270 899 3346 negligere
928 3288 1111 3346 quem
1156 3273 1234 3331 ad
1268 3272 1517 3332 modum
1552 3288 1669 3332 nos
1704 3272 2009 3330 adversus
2043 3266 2242 3328 homi-

152 3369 266 3413 nes
299 3369 615 3427 geramus,
661 3353 924 3415 efficitur
950 3363 1017 3415 ut
1056 3362 1118 3415 et
1147 3354 1327 3428 illud,
1363 3356 1531 3431 quod
1556 3357 1635 3415 ad
1667 3370 1912 3415 omnem
1942 3353 2239 3413 honesta·
