2381 3723
164 181 265 235 115
925 170 1479 234 POEMATORUM.
2114 180 2242 246 305

161 323 416 385 Doctior
444 321 525 381 ad
554 320 784 397 patrias
815 323 1029 396 lapsus
1063 323 1413 397 pervenerit
1448 341 1610 384 oras.
1819 396 1822 399 Α

159 408 287 468 Nos
317 421 508 480 grave
540 412 846 465 certamen
882 405 1020 465 belli
1053 406 1418 481 clademque
1454 416 1753 483 tenemus,

164 489 420 551 Graecia
448 504 633 563 quam
664 487 882 548 Troiae
918 489 1124 549 div-ino
1159 490 1404 550 numine
1440 488 1623 565 vexit,

161 573 507 649 Omniaque
538 588 573 632 e
602 571 740 632 latis
772 588 978 633 rerum
1007 573 1272 648 vestigia
1306 575 1503 634 terris.
1529 634 1544 643 ,

234 673 295 733 2.
352 673 453 733 lib.
492 673 708 734 xvm.
745 690 801 732 v.
837 673 957 734 136
990 691 1085 749 sq.
1118 691 1222 750 ap.
1253 675 1576 750 Augustin.
1611 678 1689 738 de
1722 679 1834 739 civ.
1870 682 1929 741 d.
1961 683 2057 745 lib.
2094 687 2171 746 V.

799 772 934 832 cap.
964 754 1021 817 8.
1050 759 1224 818 Tom.
1255 760 1331 818 V.
1363 777 1425 834 p.
1459 758 1603 820 293.

161 857 346 916 Tales
378 854 523 916 suht
551 855 864 916 hominum
894 864 1163 929 menteS,
1204 857 1401 932 qualis
1432 866 1607 932 pater
1631 859 1767 935 ipse

163 938 440 1014 Iuppiter
475 939 802 999 auctiferas
837 939 1119 1000 lustravit
1146 939 1372 1002 lumine
1404 949 1621 1003 terraS.

783 1076 860 1126 11.
934 1074 1140 1124 ARATI
1173 1074 1625 1126 ΡΗΑΕΝΟΜΕΝΑ

707 1160 737 1192 Α
781 1156 1031 1195 mennon
1069 1157 1122 1194 m
1161 1159 1384 1196 mmmm
1421 1159 1696 1200 couvsnss.

925 1243 1240 1286 ADNOTATIO
1276 1246 1480 1287 nonan.

302 1325 418 1376 Hoc
435 1338 661 1388 carmen,
717 1338 813 1389 quo
848 1325 1023 1376 Cicero
1071 1325 1331 1374 admodum
1368 1325 1765 1378 adolescentulus
1800 1329 2002 1382 Aratea
2035 1333 2248 1385 Eudoxi

160 1385 577 1457 Φαινόμενα
619 1406 846 1443 sermone
891 1395 1077 1444 Latino
1113 1395 1404 1456 illustravit,
1455 1396 1535 1457 (υ.
1579 1396 1644 1446 de
1687 1405 1795 1449 nat.
1838 1399 1983 1452 deor.
2032 1402 2117 1457 lib.
2163 1404 2244 1461 ΙΙ.

162 1479 281 1527 cap.
320 1461 434 1526 41.)
479 1475 660 1526 maqna
696 1469 854 1525 parte
897 1464 1108 1513 mutilum
1141 1463 1294 1528 Huqo
1342 1464 1545 1514 Grotius
1578 1466 1684 1515 suis
1718 1468 1991 1530 suppletum
2022 1473 2246 1522 versibus

162 1549 265 1582 una
291 1546 398 1581 cum
429 1531 626 1595 Aram,
666 1531 982 1594 Germanico,
1036 1531 1230 1582 Avieno
1266 1532 1427 1582 edidit
1457 1548 1510 1583 a.
1552 1533 1725 1585 MDG.
1786 1536 2129 1592 Ciceronianis
2150 1543 2241 1606 :yi-

161 1609 250 1652 tur
283 1598 508 1651 versibus
543 1600 811 1651 Grotianos
844 1615 1044 1650 ntcmero
1077 1615 1176 1650 non
1207 1602 1349 1652 nimis
1372 1603 1571 1662 nucltos,
1603 1613 1895 1667 conspectus
1920 1623 2106 1671 causa,
2142 1610 2245 1661 Oli-

171 1677 285 1720 veto
322 1671 594 1732 exemplum
633 1669 748 1718 milei
785 1676 1096 1732 praeeunte,
1151 1685 1333 1735 eosque
1375 1673 1565 1733 passim
1610 1673 1918 1738 emendatos,
1973 1678 2127 1728 visum
2171 1687 2247 1729 est

163 1738 391 1798 addere,
451 1745 530 1800 ut,
580 1739 666 1803 qui
716 1739 789 1787 ad
836 1738 1052 1788 Aratum
1098 1739 1354 1802 legendum
1397 1741 1669 1791 novissimis
1710 1741 1902 1802 Buduxi,
1956 1745 2245 1807 Matthiaei,

174 1809 377 1870 Vossii‚
428 1806 716 1857 Buttmanni
756 1808 935 1858 studiis
981 1809 1355 1867 excitarentur,
1406 1823 1513 1858 cum
1541 1816 1794 1873 perpetua
1837 1813 1971 1863 illius
2020 1818 2246 1866 oratione

164 1878 545 1929 Ciceronianam
570 1878 810 1940 facillime
852 1885 1057 1939 possent
1101 1878 1416 1930 contendere.
1492 1878 1676 1940 Quibus
1709 1895 1773 1929 ne
1815 1881 2045 1933 diversus
2082 1886 2244 1935 Grae-

163 1961 337 1997 corum
371 1953 422 1996 et
456 1946 749 1996 Latinorum
780 1962 1008 1996 versuum
1029 1962 1261 1996 numerus
1291 1947 1627 2008 impedimento
1661 1955 1808 2012 esset,
1847 1952 2118 2001 orationem
2136 1953 2246 2002 La-

162 2018 320 2067 tinam
369 2014 538 2065 eodem
581 2016 701 2078 fere
749 2015 917 2075 modo,
974 2022 1069 2078 quo
1120 2014 1454 2065 Buttmannus
1508 2016 1778 2075 Graecam,
1836 2017 2243 2083 distinguendam,

167 2085 462 2137 Grotianam
497 2090 685 2147 autem,
739 2098 835 2149 quo
866 2098 900 2133 a
944 2082 1174 2132 Tulliana
1216 2085 1421 2148 facilius
1456 2084 1856 2146 discerneretur,
1908 2088 2089 2138 litteris
2124 2088 2246 2138 obli-

164 2155 281 2219 quis
295 2189 309 2212 ,
362 2154 399 2206 i.
431 2167 475 2204 e.
520 2153 746 2213 cursivis,
795 2151 1178 2203 exesor-theudam
1213 2153 1405 2205 curavi.
1476 2150 1554 2201 Ne
1598 2166 1717 2201 veno
1748 2158 1984 2216 perpetui
2014 2158 2245 2206 carminis

164 2223 317 2273 lectio
340 2228 594 2272 auctorum
631 2224 1000 2272 nomenclatura
1032 2222 1467 2285 interpellaretur,
1504 2222 1664 2271 satius
1701 2222 1831 2271 duxi
1855 2224 1907 2273 in
1942 2232 2247 2276 antecessum

165 2306 395 2356 monere,
450 2291 580 2341 unde
623 2306 792 2353 parva
836 2292 926 2341 illa
982 2290 1319 2340 Tullianorum
1363 2305 1587 2340 versuum
1620 2290 1910 2355 fraymenta
1958 2295 2247 2357 deprompta

166 2366 355 2412 essent.
433 2360 500 2410 V.
540 2361 589 2411 1.
629 2376 656 2410 e
694 2360 798 2409 Cic.
837 2360 899 2409 de
936 2360 1097 2424 Le99.
1134 2358 1219 2412 lib.
1259 2356 1339 2407 II.
1380 2374 1493 2423 cap.
1534 2357 1582 2409 3.
1620 2362 1667 2421 5.
1703 2361 1755 2410 7.
1794 2387 1863 2397 -
1906 2363 2003 2416 Vv.
2047 2362 2127 2413 19.
2161 2363 2246 2413 20.

167 2432 260 2480 24.
309 2430 395 2481 25.
435 2427 521 2481 28.
570 2428 657 2480 37.
701 2427 785 2481 38.
822 2428 1048 2480 40-44,
1095 2429 1228 2480 46-
1243 2426 1329 2481 48.
1367 2429 1592 2481 56-61.
1644 2428 1872 2481 63-66.
1911 2429 1996 2483 68.
2035 2432 2122 2486 73.
2163 2431 2246 2484 76.

169 2499 260 2551 77.
301 2514 330 2549 e
366 2498 466 2549 Gic.
501 2497 566 2546 de
600 2506 706 2547 nat.
747 2499 891 2551 deor.
942 2497 1028 2547 lib.
1067 2496 1147 2546 II.
1186 2511 1302 2558 cap.
1338 2498 1402 2547 41
1436 2512 1515 2560 sq.
1561 2498 1612 2558 5.
1654 2497 1756 2548 104
1791 2514 1994 2564 sqq.—
2020 2502 2117 2552 Vv.
2158 2499 2246 2551 80.

167 2567 261 2619 81.
303 2582 332 2617 e
363 2566 622 2618 Prisciani
649 2567 737 2617 lib.
776 2566 1098 2632 XIV.‘cap.
1139 2566 1192 2615 6.
1232 2567 1284 2627 5.
1323 2565 1494 2617 52.-
1542 2566 1639 2615 Vv.
1684 2565 1946 2621 86—90.
1987 2568 2247 2622 96—101.

167 2653 199 2687 e
237 2636 338 2687 Cic.
379 2637 444 2687 de
478 2644 584 2690 nat.
623 2638 765 2686 deor.
785 2636 873 2687 lib.
909 2634 990 2684 II.
1029 2648 1142 2698 cap.
1183 2635 1272 2686 42.
1303 2635 1354 2695 5.
1396 2631 1495 2683 109
1528 2647 1607 2698 sq.
1642 2660 1715 2671 --
1749 2635 1815 2685 V.
1839 2635 1939 2685 116
1962 2638 2249 2686 eLactant.

167 2710 290 2757 inst.
337 2703 424 2759 tib.
472 2707 537 2755 V.
578 2720 693 2768 cap.
734 2707 877 2756 5.—
908 2705 1002 2755 Vv.
1045 2701 1337 2753 134—136.
1384 2717 1411 2750 e
1460 2701 1558 2752 oie.
1596 2702 1660 2751 de
1705 2709 1810 2750 nat.
1854 2704 1996 2754 deor.
2035 2705 2121 2756 lib.
2166 2704 2246 2754 ΙΙ.

168 2788 287 2838 cap.
317 2772 404 2827 63.
443 2777 495 2837 5.
520 2774 728 2837 159.-,-
755 2774 820 2823 V.
859 2771 978 2824 138.
1011 2773 1295 2822 eLactant.
1329 2772 1443 2820 inst.
1480 2769 1565 2821 lib.
1614 2771 1679 2819 V.
1719 2784 1835 2833 cap.
1872 2772 1923 2822 5.
1945 2798 2015 2807 -
2041 2775 2107 2827 V.
2135 2772 2249 2827 149.

169 2861 201 2895 e
241 2844 496 2894 Priscian.
533 2843 618 2893 lib.
661 2842 762 2894 VI.
801 2857 915 2904 cap.
952 2844 1004 2895 4.
1044 2843 1095 2903 5.
1137 2840 1221 2893 19.
1254 2851 1318 2874 -’
1358 2841 1454 2890 Vv.
1492 2838 1785 2891 151-153.
1824 2855 1852 2889 e
1887 2840 1988 2893 Cic.
2028 2843 2092 2893 de
2125 2851 2231 2892 nat.

169 2913 315 2963 deor.
336 2912 421 2962 lib.
453 2911 532 2961 II.
571 2926 684 2976 cap.
706 2910 794 2964 43.
827 2912 877 2973 5.
901 2910 1018 2962 110.
1049 2934 1117 2945 --
1153 2911 1221 2962 V.
1250 2908 1364 2959 157.
1404 2924 1432 2958 e
1470 2908 1571 2959 Cic.
1594 2921 1672 2959 or.
1692 2921 1807 2971 cap.
1844 2910 1932 2963 45.
1968 2911 2019 2972 5.
2045 2912 2161 2963 152.
2184 2939 2250 2948 -

179 2983 279 3033 Vv.
321 2981 614 3033 165—167.
657 2980 777 3031 170.
819 2981 936 3034 171.
979 2977 1097 3030 173.
1142 2978 1260 3029 178.
1302 2976 1418 3030 186.
1458 2975 1577 3027 193.
1632 2976 1752 3028 201.
1794 2977 1916 3033 202.
1956 2978 2249 3031 209-212.

169 3060 224 3101 et
273 3050 395 3103 230.
443 3067 472 3101 e
517 3052 620 3103 oie.
667 3050 731 3100 de
773 3058 880 3105 nat.
929 3048 1069 3099 deor.
1115 3047 1202 3097 lib.
1249 3044 1329 3095 II.
1386 3060 1498 3108 cap.
1548 3044 1635 3095 43.
1689 3046 1738 3107 5.
1782 3046 1880 3097 110
1914 3062 1991 3111 sq.
2076 3048 2253 3097 Maius

164 3124 527 3190 fragmentum,
566 3118 701 3185 quod
739 3134 822 3182 ap.
859 3120 1054 3169 Victor.
1083 3116 1325 3167 Pisanum
1360 3122 1408 3165 et
1442 3114 1626 3164 Acdum
1663 3122 1862 3177 exstat,
1896 3117 2107 3178 proprio
2134 3130 2253 3166 suo-

168 3206 282 3243 rum
315 3205 539 3240 versuum
575 3189 753 3238 ordine
787 3189 1064 3238 distinctum
1100 3188 1150 3235 in
1184 3188 1431 3248 maryine,
1472 3184 1643 3246 incipit
1675 3197 1709 3230 a
1752 3183 1819 3232 V.
1860 3182 1980 3233 235.
2017 3192 2165 3249 atque
2201 3186 2259 3233 in

179 3265 248 3314 V.
289 3257 410 3311 725.
446 3259 647 3314 desinit.

172 3361 270 3419 Ab
302 3358 452 3418 love
480 3357 796 3420 Musarum
832 3352 1189 3430 primordia:
1240 3366 1469 3425 semper
1494 3352 1557 3409 in
1596 3365 1698 3409 ore

172 3444 593 3587 Phssssmssmg
623 3442 918 3501 hominum
945 3444 1056 3511 est,
1102 3439 1209 3512 qui
1232 3437 1485 3510 compita
1506 3435 1745 3493 numine
1764 3446 1979 3574 ἔιὸιρηο
