2381 3723
111 140 217 197 159
676 128 1083 191 LIBRORUM
1112 127 1630 192 INCERTORUM.
2067 129 2194 193 349

109 276 412 381 ἀνάγκης
453 300 525 343 τε
549 271 731 379 ᾅνευ
772 274 956 355 τινὸς
994 276 1104 344 καὶ
1150 280 1214 342 εί
1256 287 1563 360 παρεῖναι
1592 279 1950 380 συμβαίνοι
1980 301 2194 344 νωτο-

110 361 296 448 φόρα
324 366 489 446 ζῶα,
538 356 580 426 ὃ
611 366 945 464 συνηθείᾳ
985 364 1208 447 μακρᾷ
1235 360 1615 447 βεβαιωθὲν
1643 360 1847 446 νόμος
1877 356 2033 445 παρ’
2068 358 2195 427 αὐ-

108 459 252 524 τοῖς
274 447 562 530 έγίνξτο,
594 440 685 522 ὥς
715 446 824 511 καὶ
842 449 1167 530 τιμωρίαν
1195 445 1593 530 ἐπικεῖσθαι,
1629 452 1696 511 εἴ
1714 469 1814 522 τις
1836 449 2193 532 παραβαίη.

117 535 372 603 [Petrus
422 534 486 585 de
521 535 738 585 scientia
768 534 1019 604 politica
1024 533 1113 585 lib.
1151 535 1240 585 IV.
1292 548 1405 602 cap.
1443 536 1495 585 5.
1528 549 1581 599 p.
1617 534 1736 587 593.
1777 535 1860 586 ed.
1899 531 2046 595 Maii,
2104 534 2195 585 ad·

114 606 277 655 ditum
316 606 415 654 iam
454 603 518 653 ab
556 600 761 655 Orellio.
833 598 1019 654 NOBB.
1041 628 1112 640 —
1139 603 1303 653 Etiam
1349 604 1445 653 hoc
1481 602 1817 671 fragmentum
1864 604 2194 654 resecandum

114 682 215 724 est.
289 674 513 724 Pertinet
546 673 681 722 enim
712 671 781 723 ad
818 671 923 723 Cic.
961 671 1112 737 Disp.
1135 672 1287 723 Tuso.
1329 670 1419 721 lib.
1452 673 1514 723 11.
1544 687 1636 738 cap
1640 673 1765 724 ..16
1794 675 1846 736 3.
1877 672 1980 733 37.,
2019 688 2195 736 quam-

114 757 270 807 quam
307 742 374 792 A.
396 742 560 793 Maius
598 741 890 807 suspicatur
919 740 1100 791 eadem
1142 740 1195 789 in
1234 729 1324 793 lib.
1357 739 1420 792 de
1456 756 1514 791 re
1546 687 1687 804 ptfbl.
1726 742 1885 792 fuisse
1919 740 2158 809 scripta]

561 879 666 931 Π.
702 878 770 929 B.
842 878 936 930 EX
972 875 1505 932 ADMIRANDORUM
1544 877 1752 929 LIBRO.

830 995 833 998 '
881 994 1193 1035 ADROTATIO
1227 993 1429 1035 Ronnn.

253 1072 790 1123 Admirandorum
835 1072 1009 1124 librum
1040 1073 1301 1124 Patricius
1336 1089 1432 1125 non
1466 1089 1500 1123 a
1534 1075 1733 1139 Plinio,
1779 1075 1874 1125 sed
1903 1091 1937 1125 a
1972 1075 2197 1127 librariis

115 1144 230 1192 eius
257 1143 489 1193 Ciceroni
521 1144 733 1192 auctori
749 1147 919 1192 censet
945 1144 1218 1206 ascriptum
1249 1148 1395 1202 esse5
1424 1158 1562 1207 quem
1593 1158 1627 1194 a
1660 1144 1897 1196 Varrone
1921 1145 2197 1208 profectum

116 1225 234 1261 esse
268 1217 473 1263 constet.
547 1210 722 1276 Neque
755 1214 903 1271 enine,
941 1214 1029 1278 qut·
1058 1214 1254 1278 integer
1283 1220 1386 1272 est,
1427 1212 1557 1262 liber
1590 1206 2027 1279 παραδόξων,
2068 1230 2198 1280 quae

114 1281 230 1344 ipse
276 1279 450 1330 Cicero
485 1246 919 1332 Admirabilid
961 1281 1082 1331 dicit
1132 1280 1323 1352 (Aeaci.
1353 1295 1439 1344 pr.
1480 1281 1565 1335 lib.
1595 1281 1673 1336 II.
1725 1298 1840 1346 cap.
1880 1284 1967 1337 44.
2015 1283 2195 1347 defin.

115 1348 205 1398 lib.
241 1347 281 1398 I
281 1349 345 1399 V.
383 1347 922 1413 εαρ.27.),1ιαναηι,
976 1365 1106 1415 quoe
1139 1351 1280 1432 opud
1316 1350 1523 1401 Plinium
1554 1360 1695 1410 sunt,
1748 1353 1949 1403 similem
1981 1353 2199 1419 aliquam

114 1420 455 1480 complectitur
481 1419 792 1468 sententiam,

254 1500 349 1562 16.
399 1500 601 1563 Cicero
640 1505 704 1562 in
730 1502 1124 1563 Admirandis
1159 1507 1360 1578 posuit
1389 1500 1663 1568 Reatinis
1695 1511 1794 1565 tan
1805 1516 1925 1566 tum
1968 1505 2198 1581 paludi·

118 1586 243 1646 bus
274 1587 534 1661 ungulas
565 1586 977 1666 iumentorum
1006 1585 1291 1647 indurari.
1356 1600 1635 1667 [Plinius
1671 1603 1734 1658 Η.
1770 1603 1832 1654 Ν.
1878 1603 1969 1654 lib.
2009 1603 2199 1658 XXXI.

120 1684 237 1734 cap.
254 1672 350 1798 1²72
366 1669 725 1811 ερῗἱαέιίὲῗη]
738 1746 936 1800 terrae
964 1740 1245 1801 imbribus
1272 1743 1546 1802 sicciores
1568 1745 1747 1816 fiunt,
1788 1740 1985 1803 velut
1969 1759 2030 1801 m
2052 1743 2199 1802 Nar·

122 1820 324 1885 niensi
354 1838 535 1898 agro,
587 1824 748 1901 quod
780 1824 1173 1886 Admirandis
1201 1827 1321 1886 suis
1352 1827 1599 1886 inseruit
1623 1826 1709 1886 M
1744 1825 1974 1899 Cic-ew,
2029 1825 2201 1887 sicci

121 1901 250 1967 ‘ate
294 1907 488 1968 lutum
529 1907 663 1968 fieri
687 1910 977 1984 prodens,
1008 1908 1200 1969 imbre
1245 1909 1578 1984 pulverem.
1640 1922 1804 1988 [Idem
1823 1925 1952 1975 1b1d
1973 1940 2088 1991 cap
2116 1925 2197 1976 14.

120 2009 148 2179 ἶ
212 1990 615 2111 aeAdseufflgem
657 2060 869 2125 librum,
924 2060 1196 2135 adnotante
1231 2059 1622 2126 Dalechampio,
1678 2060 1892 2110 refertur
1928 2062 2079 2111 etiam
2117 2061 2203 2111 hic

144 2144 296 2181 ocus.

260 2195 356 2258 18.
398 2198 567 2259 Haec
594 2203 792 2259 autem
821 2201 1158 2270 (mustela),
1203 2215 1359 2274 quae
1387 2200 1451 2258 in
1481 2198 1745 2259 domibus
1784 2202 1998 2260 nostris
2025 2201 2203 2260 ober-

117 2288 226 2344 rat
260 2289 317 2342 et
356 2283 596 2343 catulos
642 2297 821 2354 ειιοε,
878 2289 947 2341 ut
981 2288 1193 2343 auctor
1228 2288 1315 2343 est
1358 2282 1592 2358 Cicero,
1647 2281 1871 2345 cotidie
1912 2284 2206 2344 transfert

117 2364 446 2440 mutatque
512 2366 756 2438 sedem,
818 2372 1217 2443 serpentes
1266 2370 1777 2445 persequitur.
1859 2381 2028 2449 [Idem
2077 2382 2202 2433 ibid.

120 2448 214 2499 lib.
247 2449 434 2500 XXIX.
478 2465 592 2517 cap.
626 2448 679 2501 3.
717 2465 760 2503 s,
802 2448 884 2501 16.
921 2451 971 2512 3
1006 2447 1119 2514 60.]

637 2549 728 2598 Ex
765 2548 1012 2610 eodem,
1060 2556 1125 2609 ut
1160 2550 1449 2627 videtur,
1499 2550 1698 2599 libro:

258 2629 357 2690 19.
402 2629 688 2691 Feminas
727 2647 944 2693 omnes
975 2629 1207 2709 ubique
1245 2630 1386 2692 visu
1417 2646 1678 2703 nocere,
1739 2610 1897 2707 quae
1928 2632 2207 2742 duplices

116 2710 394 2790 pupillas
433 2714 731 2790 habeant,
765 2714 977 2778 Cicero
1016 2728 1269 2792 quoque
1301 2715 1468 2792 apud
1496 2731 1613 2776 nos
1648 2721 1863 2776 auctor
1886 2721 1998 2776 est
2047 2728 2172 2795 [Ρι·

115 2797 274 2847 nius
312 2798 348 2851 l.
389 2814 433 2848 c.
471 2799 561 2852 lib.
602 2799 717 2850 VII.
754 2814 869 2868 cap.
909 2803 960 2853 2.
1002 2816 1046 2852 s·
1079 2804 1130 2852 2.
1168 2803 1223 2864 3.
1265 2800 1346 2853 18.
1395 2798 1528 2851 conf.
1569 2796 1698 2852 Gen.
1735 2798 1824 2848 lib.
1862 2798 1954 2852 IX.
1994 2814 2107 2867 cup.
2132 2746 2209 2864 41]

256 2878 359 2941 20.
403 2882 469 2941 In
503 2897 665 2942 nuce
692 2880 990 2944 inclusam
1016 2882 1208 2944 Iliada
1229 2880 1481 2944 Homeri
1506 2896 1749 2943 carmen
1772 2880 1833 2943 in
1857 2882 2210 2943 membrana

121 2963 429 3039 scriptum
460 2964 711 3027 tradidit
743 2964 977 3030 Cicero.
1051 2980 1215 3047 [Idem
1253 2981 1378 3034 ibid.
1422 2995 1533 3046 cap.
1577 2981 1660 3031 21.
1704 2996 1747 3035 s.
1787 2982 1873 3033 21.
1910 2984 1960 3045 s.
1993 2978 2163 3120 854..

250 3059 354 3122 21.
401 3062 564 3124 idem
599 3064 827 3139 fuisse,
876 3063 981 3140 qui
1012 3063 1368 3141 pervideret
1401 3079 1603 3123 cxxxv
1632 3062 1714 3123 M.
1745 3072 2079 3138 passuum

104 3145 492 3214 [Pliniusl.
526 3164 570 3198 c.
605 3147 696 3203 lib.
732 3150 842 3199 vn.
880 3164 996 3214 cap.
1032 3151 1120 3204 21.
1157 3165 1201 3199 s.
1236 3148 1326 3201 31.
1356 3149 1404 3212 3.
1441 3144 1554 3211 85]

251 3213 357 3275 22.
404 3215 557 3276 Nam
590 3223 652 3277 et
681 3219 762 3278 Μ.
795 3217 1027 3280 Tullius
1058 3217 1271 3279 Cicero
1300 3213 1478 3278 testis
1510 3224 1606 3277 est
1633 3215 1977 3276 Romanum
2017 3211 2209 3275 fuisse

119 3296 329 3360 civem
357 3299 655 3367 Naevium
673 3301 1039 3376 Pollionem,
1068 3301 1234 3378 pede
1262 3298 1601 3377 longiorem
1626 3314 1809 3374 quam
1839 3311 2208 3374 quemquam

120 3381 579 3460 longissimum.
647 3399 1042 3467 [Columella
1078 3401 1168 3451 lib.
1211 3402 1295 3452 111.
1331 3416 1445 3465 cap.
1484 3399 1535 3451 8.
1574 3402 1623 3464 §.
1664 3397 1742 3464 2.]
