2381 3723
97 90 223 158 342
897 85 1380 148 FRAGMENTA
1967 84 1972 87 ’
2071 92 2183 146 15²

96 249 146 308 Ε
179 246 401 324 quibus
432 250 706 319 ereptum
740 238 934 316 primo
966 236 1083 299 iam
1115 256 1151 298 a
1183 237 1340 300 flore
1367 235 1652 297 iuventae
2107 243 2181 301 75

94 332 180 392 Te
213 329 406 406 patria
434 327 495 388 in
529 324 729 386 media
753 323 1044 384 virtutum
1075 325 1240 384 mole
1264 320 1507 383 locavit.

94 416 186 477 Tu
215 424 415 476 tamen
443 409 751 472 anxiferas
784 423 964 469 curas
994 406 1272 482 requiete
1300 407 1545 465 relaxas
1564 452 1579 478 ,

102 499 277 575 Quod
313 496 547 574 patriae
579 493 753 555 vocis
785 490 1006 553 studiis
1037 490 1344 567 nobisque
1375 486 1651 550 sacrasti.

102 583 366 650 [Cicero
397 581 461 632 de
495 579 601 634 div.
632 578 722 627 lib.
759 578 799 626 1.
839 591 951 642 cap.
981 575 1199 628 11-13.
1238 577 1286 636 5.
1323 575 1546 627 17-22,
1621 572 2018 624 Lactantius
2052 571 2181 621 inst.

804 645 911 694 aiv.
950 645 1039 699 nb.
1068 647 1157 696 ιιι.
1198 658 1311 709 cap.
1352 641 1461 708 η]
1532 677 1536 682 ·

95 755 305 827 Atque
336 748 537 811 animo
576 747 857 824 pendens
889 753 1192 808 nocturna
1228 750 1448 806 eventa
1475 742 1743 804 timebat.

868 829 1142 896 [Nonius
1172 846 1228 897 p.
1264 827 1413 895 204]

97 923 370 996 Quorum
400 919 672 981 luxuries
713 920 993 980 fortunae
1025 934 1215 979 censa
1245 914 1500 994 peredit.

912 1001 1074 1067 [Idem
1110 1017 1163 1068 p.
1198 998 1342 1066 202.]

1003 1122 1161 1163 LIBER
1193 1122 1269 1163 ¹11.

99 1211 343 1270 Interea
373 1223 625 1278 cursuS‚
666 1222 826 1281 quos
858 1204 1051 1282 prima
1084 1221 1120 1264 a
1155 1212 1330 1281 parte
1363 1203 1674 1274 iuventae,

99 1294 395 1368 Quosque
425 1292 582 1352 adeo
622 1288 1092 1352 eonsulvirtute
1121 1287 1452 1364 animoque
1485 1285 1719 1363 petisti,

95 1370 228 1438 Hos
259 1375 454 1437 retine
485 1382 673 1450 atque
703 1388 859 1448 auge
892 1373 1109 1432 samam
1141 1373 1485 1448 laudesque
1511 1371 1837 1432 bonorum.

578 1456 826 1524 [Cicero
858 1458 926 1507 ad
960 1459 1063 1510 Att.
1103 1456 1192 1506 lib.
1232 1455 1294 1507 11.
1329 1472 1411 1522 ep.
1446 1456 1495 1509 3.
1534 1456 1587 1518 S.
1624 1451 1701 1519 3.]

611 1573 1055 1625 FRAGMENTUM
1094 1573 1418 1625 INCERTAE
1451 1572 1654 1626 SEDIS.

98 1681 165 1738 ln
197 1686 440 1741 montes
472 1678 705 1755 patrios
731 1685 793 1739 et
821 1677 900 1737 ad
932 1675 1300 1739 incunabula
1331 1685 1565 1739 nostra.

237 1761 507 1829 [Cicero
545 1763 609 1812 ad
645 1764 762 1843 Διὶ..
787 1762 878 1812 lib.
916 1763 980 1816 Π.
1018 1777 1101 1827 ep.
1134 1763 1186 1814 5.
1223 1764 1279 1825 5.
1312 1762 1367 1815 3.
1442 1763 1574 1813 Vide
1610 1776 1766 1828 supra
1794 1775 1849 1826 p.
1888 1759 2036 1826 337.]

761 1877 848 1931 DE
884 1877 1025 1934 SUIS
1059 1877 1494 1935 TEMPORIBUS.

236 1980 316 2031 De
353 1980 458 2030 suis
495 1977 793 2041 temporibus
837 1980 1013 2030 Cicero
1046 1988 1154 2030 tres
1189 1984 1453 2031 carminum
1488 1980 1645 2030 libros
1679 1994 1736 2029 se
1769 1981 2040 2042 scripsisse
2071 1979 2183 2042 ipse

98 2050 241 2100 ‚estis
274 2055 350 2099 est
392 2047 495 2112 (ad
534 2051 661 2112 fam.
708 2048 793 2101 tib.
846 2043 1066 2112 IX.7ep.
1104 2048 1184 2113 9.)
1254 2050 1368 2101 Hos
1410 2052 1693 2104 meritonam
1728 2048 1931 2099 Lentuli
1962 2062 2090 2112 erga
2125 2062 2184 2097 se

97 2126 148 2168 et
183 2132 307 2167 suae
353 2120 406 2167 in
447 2116 577 2166 laune
607 2118 817 2180 pietatis
859 2124 1014 2168 testes
1056 2133 1169 2170 esse
1202 2121 1378 2170 voluit.
1448 2118 1631 2183 Itaque
1673 2131 1771 2168 non
1816 2118 1882 2168 de
1918 2118 2184 2167 consulatu

94 2193 314 2248 matum,
364 2186 461 2236 sed
503 2187 647 2236 etiam
683 2186 747 2235 de
777 2186 959 2237 eoesilio
994 2194 1045 2236 et
1078 2188 1141 2238 de
1174 2189 1341 2239 reditu
1372 2191 1424 2239 iu
1461 2190 1684 2251 patriam
1716 2201 1807 2238 suo
1839 2185 1919 2237 Itis
1949 2189 2002 2237 in
2038 2185 2185 2235 libris

98 2257 336 2305 cecinisse
378 2255 636 2318 putandus
670 2261 761 2304 est.
834 2254 1133 2307 Eorumdem
1166 2265 1328 2309 autem
1362 2260 1609 2321 confectio
1651 2257 1790 2308 cadit
1822 2259 1876 2308 in
1910 2270 2091 2306 aunum
2121 2269 2182 2318 p.

97 2340 147 2377 u.
187 2339 232 2373 c.
270 2321 391 2376 700.
407 2358 422 2384 ,
459 2336 554 2388 quo
587 2336 717 2372 coss.
749 2321 959 2385 fuerunt
1000 2323 1241 2376 Domitius
1276 2333 1327 2375 et
1356 2325 1557 2389 Appius
1588 2326 1827 2377 Pulcher.
1900 2322 2118 2376 NOBB.

106 2411 160 2468 1.
209 2408 439 2468 Cedant
472 2423 641 2466 arma
674 2415 885 2481 tog-ae,
918 2407 1224 2469 concedat
1254 2409 1463 2469 laurea
1497 2408 1682 2470 laudi.

175 2488 688 2556 [Quinctilianus
734 2491 823 2542 lib.
869 2491 958 2542 XI.
1011 2507 1125 2557 cap.
1174 2492 1224 2543 1.
1263 2494 1315 2556 5.
1350 2494 1436 2547 24.
1487 2494 1716 2547 Cicero
1757 2494 1820 2545 de
1862 2483 1949 2542 off.
1998 2491 2090 2543 lib.
2139 2492 2184 2543 1.

168 2574 284 2625 cap.
334 2560 422 2613 22.
476 2561 524 2623 §.
573 2562 658 2613 77.
720 2561 858 2612 Idem
919 2562 973 2611 in
1029 2561 1199 2611 Pison.
1254 2577 1367 2628 cap.
1423 2562 1475 2617 3.
1522 2565 1575 2626 5.
1632 2562 1700 2615 73
1746 2577 1824 2625 sq.
1875 2561 2016 2611 Idem
2061 2559 2187 2609 Phi-

171 2629 301 2697 lipp.
342 2629 409 2682 11.
448 2641 559 2695 cap.
602 2627 654 2683 8.
694 2631 747 2693 5.
785 2630 871 2682 20.
928 2629 1401 2683 Pseudooioero
1448 2632 1502 2681 in
1537 2630 1746 2682 Sallust.
1797 2643 1912 2696 cap.
1949 2630 2000 2679 2.
2033 2629 2086 2691 5.
2127 2630 2183 2683 7.

168 2698 787 2750 Pseudosallustius
823 2699 875 2748 iu
909 2699 1014 2749 Cic.
1052 2712 1164 2764 cap.
1189 2698 1242 2753 3.
1284 2702 1332 2761 5.
1363 2699 1415 2751 6.
1469 2698 1745 2751 Servius
1777 2699 1844 2750 ad
1870 2699 2017 2764 virg.
2047 2703 2180 2748 Aen.

168 2766 261 2821 lib.
300 2769 343 2821 Ι.
380 2782 430 2817 v.
473 2769 521 2821 1.
578 2767 905 2823 Plutarch.
940 2782 1165 2835 compar.
1202 2768 1362 2819 Cicer.
1403 2784 1515 2824 omn
1553 2768 1814 2822 Demosth.
1848 2782 1965 2833 cap.
2003 2764 2082 2832 2.]

101 2852 165 2912 2.
212 2852 259 2913 Ο
293 2853 661 2913 fortunatam
692 2860 896 2914 natam
923 2871 1020 2915 me
1049 2856 1306 2916 consule
1332 2857 1619 2917 Romam!

176 2933 402 3001 [Quin
428 2935 830 2990 atilianus
867 2938 901 2992 l.
941 2954 989 2992 e.
1021 2939 1160 2989 Idem
1197 2939 1391 2991 libIX.
1423 2945 1538 3006 cap.
1560 2943 1612 2992 4.
1650 2937 2182 3003 §.41.Iuveualis

171 3003 280 3058 Sat.
319 3003 386 3057 X.
428 3020 479 3060 V.
523 3004 639 3057 122.
689 3006 1316 3058 Pseudosallustius
1355 3010 1408 3058 in
1439 3009 1541 3060 Cic.
1580 3024 1695 3075 cap-
1717 3009 1767 3062 3.
1805 3011 1859 3072 5.
1892 3009 1945 3063 5.
1981 3008 2183 3058 Pseu-

172 3073 479 3124 docicero
518 3075 570 3124 in
605 3073 812 3125 Sallust.
852 3090 967 3140 cap.
991 3077 1044 3130 2.
1082 3078 1132 3137 5.
1161 3077 1213 3129 7.
1254 3077 1595 3130 Diomedes
1629 3078 1716 3149 lib.
1747 3080 1807 3128 11.
1847 3094 1901 3145 p.
1939 3074 2090 3143 461.]

104 3156 164 3215 3.
206 3159 403 3218 Iovem
423 3163 620 3237 illum,
653 3178 694 3221 a
715 3165 912 3236 quoin
943 3165 1254 3223 concilium
1275 3165 1515 3227 deorum
1542 3165 1889 3227 advocatur.
1944 3177 2181 3244 [Qatn-

174 3238 488 3291 ctilianus
525 3242 615 3292 lib.
654 3243 747 3294 XI.
789 3259 903 3309 cap.
946 3246 995 3296 1.
1031 3248 1078 3310 5.
1118 3245 1230 3313 24.]

103 3320 165 3376 4.
211 3323 519 3399 Minerva,
547 3343 702 3400 quae
729 3335 890 3388 artes
915 3346 1047 3391 eum
1080 3332 1296 3393 docuit.
1391 3344 1551 3413 [Idem
1591 3345 1624 3397 ι.
1656 3346 1725 3413 0.]
