2381 3723
197 131 300 186 169
885 121 1051 181 CAP.
1086 130 1275 185 1—3.
1321 129 1375 191 S.
1409 130 1602 184 1—-9.
2148 119 2277 182 359

192 289 395 349 33333
447 273 528 332 de
577 272 758 333 nobis
805 271 1186 333 existimetur
1210 317 1225 344 ,
1274 270 1448 333 cuius
1493 281 1555 332 et
1599 289 1700 333 res
1747 278 1964 347 gestae
2003 271 2273 335 illustres

193 367 259 419 et
300 358 422 419 vita
465 355 853 431 integerrime
891 357 1070 417 acta?
1147 354 1335 431 Quasi
1380 372 1533 417 vero
1577 362 1645 416 tu
1688 354 1775 416 sis
1816 354 1894 415 ab
1940 354 2057 418 illis
2105 356 2271 417 viris,

193 440 478 516 Sallusti,
535 447 729 501 ortuS.
819 440 995 514 Quod
1039 437 1094 501 si
1141 456 1351 513 33333,
1395 455 1519 500 non
1562 439 1762 500 nullos
1809 437 1927 499 iam
1975 449 2113 501 tuae
2150 449 2272 501 tur·

193 524 486 600 pitudinis
521 522 774 600 pigeret.
863 523 922 584 5.
977 523 1108 599 Ego
1138 521 1293 584 meis
1328 522 1656 584 maioribus
1679 522 1901 583 virtute
1929 539 2067 585 mea
2096 541 2272 621 prae·

168 608 352 682 luxi,
394 616 490 683 ut,
539 605 592 668 si
627 605 799 683 prius
840 606 972 668 noti
1010 623 1132 668 non
1179 606 1429 680 fuerint,
1475 622 1512 666 a
1555 624 1653 667 me
1680 606 1997 683 accipiant
2039 605 2269 668 initium

196 683 528 754 memoriae
558 707 760 753 suae:
827 698 892 751 tu
928 690 1048 751 tuis
1080 689 1235 764 vita,
1277 707 1457 766 quam
1489 690 1743 768 turpiter
1772 689 1977 787 egisti,
2015 707 2270 765 magnas

193 774 476 838 effudisti
502 775 818 848 tenebras,
867 782 961 847 ut,
1015 773 1196 835 etiam
1231 774 1288 835 si
1331 775 1553 835 suerint
1593 774 1822 851 egregii
1858 774 2058 849 cives,
2103 785 2271 835 certe

192 860 479 922 venerint
531 859 589 918 in
649 858 1041 919 obtivionem.
1142 859 1274 934 Qua
1312 874 1384 918 re
1418 858 1543 919 noli
1581 857 1724 918 mihi
1769 859 2055 932 antiquos
2098 858 2269 921 viros

192 944 527 1007 obiecture.
618 940 823 1004 Satius
874 948 971 1002 est
1012 941 1170 1001 enim
1223 958 1320 1003 me
1370 942 1521 1003 meis
1565 944 1753 1003 rebus
1803 941 1996 1017 gestis
2042 940 2269 1003 florere

193 1045 379 1105 quam
422 1026 721 1087 maiorum
762 1024 1060 1102 opinione
1102 1025 1209 1086 niti
1248 1033 1311 1087 et
1350 1026 1433 1086 ita
1458 1025 1697 1098 vivere,
1742 1032 1813 1086 ut
1852 1041 1968 1101 ego
2009 1026 2127 1086 sim
2161 1043 2270 1102 po-

110 1166 116 1173 .
193 1112 377 1174 steris
412 1110 564 1171 meis
604 1108 931 1171 nobilitatis
960 1107 1196 1170 initium
1226 1117 1289 1170 et
1321 1108 1561 1171 virtutis
1596 1111 1968 1185 exemplum.
2055 1109 2269 1184 Neque

194 1213 292 1257 me
335 1210 475 1257 cum
517 1194 590 1255 iis
637 1192 901 1255 conferri
943 1193 1151 1267 decet,
1205 1201 1413 1270 patres
1457 1192 1819 1269 conscripti,
1877 1192 1980 1268 qui
2011 1192 2129 1253 iam
2165 1194 2270 1252 de-

192 1286 520 1342 cesserunt
551 1278 841 1353 omnique
878 1276 1024 1338 edio
1059 1284 1271 1338 carent
1303 1285 1365 1338 et
1396 1276 1654 1352 invidia,
1700 1278 1990 1339 sed-eum
2018 1276 2122 1352 iis,
2168 1276 2273 1353 qui

193 1380 436 1425 mecum
465 1379 585 1423 una
620 1359 680 1423 in
715 1377 783 1421 re
811 1360 1055 1437 publica
1079 1361 1307 1422 versati
1337 1369 1498 1422 sunt.
1585 1360 1644 1422 6.
1692 1361 1819 1422 Sed
1851 1361 1904 1421 si
1926 1360 2140 1422 fuerim
2169 1368 2275 1421 aut

193 1449 256 1508 in
296 1446 637 1509 honoribus
677 1444 961 1522 petendis
1006 1444 1185 1506 nimis
1236 1444 1599 1507 ambitiosus
1633 1465 1725 1492 ⁴--
1768 1461 1892 1506 non
1936 1446 2095 1505 hanc
2129 1444 2269 1505 dico

196 1532 557 1608 popularem
598 1527 1020 1601 ambitionem,
1062 1529 1237 1590 euius
1277 1544 1377 1589 me
1410 1529 1747 1626 principem
1780 1528 2110 1602 confiteor,
2159 1528 2274 1588 sed

194 1617 358 1675 illam
402 1612 814 1691 perniciosam
865 1620 1080 1678 contra
1119 1613 1322 1688 legeS‚
1378 1613 1552 1675 euius
1589 1613 1820 1689 primos
1857 1610 2109 1673 ordines
2143 1611 2274 1671 Sal-

195 1698 423 1760 iustius
457 1697 631 1759 duxit
661 1727 773 1769 -‚
816 1703 924 1757 aut
954 1696 1013 1762 in
1045 1698 1335 1780 gerendis
1367 1696 1820 1773 magistratibus
1853 1703 1957 1756 aut
1987 1697 2045 1756 in
2081 1694 2272 1756 vindi·

195 1781 414 1843 candis
457 1779 774 1842 maleficiis
819 1788 938 1841 tam
964 1796 1236 1842 severus
1273 1789 1384 1842 eut
1419 1781 1480 1840 in
1517 1782 1747 1840 tuenda
1774 1796 1842 1840 re
1871 1775 2119 1854 publica
2149 1786 2269 1839 tam

192 1867 485 1943 vigilans,
543 1883 725 1941 quam
768 1872 832 1925 tu
878 1864 1391 1942 proscriptionem
1440 1880 1663 1938 vocaS,
1722 1864 1908 1924 credo
1944 1864 2112 1938 qued
2150 1879 2270 1921 non

195 1967 416 2013 onmes
439 1949 526 2011 tui
551 1948 781 2010 similes
811 1947 1151 2010 incolumes
1181 1948 1241 2009 in
1268 1949 1383 2010 hac
1406 1946 1558 2009 urbe
1581 1946 1911 2015 vixissent:
1955 1952 2019 2006 at
2039 1953 2269 2021 ¹quanto

194 2035 449 2097 meliore
488 2035 629 2095 loco
674 2050 778 2094 res
819 2032 1064 2109 publica
1106 2039 1333 2106 staret,
1393 2031 1449 2093 si
1488 2037 1555 2091 tu
1612 2046 1723 2106 par
1765 2045 1839 2089 33
1884 2027 2094 2089 similis
2140 2045 2273 2088 sce-

195 2121 493 2181 ¹estorum
526 2116 761 2178 civium·
785 2132 908 2177 una
938 2131 1075 2176 eum
1121 2114 1239 2178 illis
1263 2112 1722 2177 'adnumeratus
1765 2114 1986 2173 esses?
2069 2112 2128 2170 7.
2173 2116 2270 2171 An

122 2216 127 2219 ’
192 2219 316 2277 ego
351 2209 501 2263 tunc
532 2202 688 2262 falso
722 2197 964 2274 scripsi,

357 2304 584 2364 Cedant
609 2316 787 2362 arma
815 2308 1001 2377 toque,

196 2413 302 2559 qui
335 2421 578 2490 togatus
608 2400 878 2476 armatos
911 2420 971 2473 et
999 2429 1154 2488 ρ333
1183 2413 1406 2475 bellum
1440 2414 1768 2492 oppressi?
1813 2416 1907 2477 An
1938 2411 2086 2475 illud
2110 2426 2275 2470 men-

195 2498 239 2558 ti
270 2515 342 2558 us
374 2515 530 2572 sum,

499 2599 926 2672 ‚fortunatam
963 2606 1169 2659 natam
1193 2614 1290 2659 me
1318 2601 1555 2660 consule
1585 2560 1853 2672 Romam,

176 2713 304 2789 -qui
319 2721 558 2775 tantum
583 2713 934 2776 intestinum
956 2714 1178 2775 bellum
1205 2728 1296 2773 33
1303 2711 1709 2781 domesticum
1729 2710 1901 2772 urbis
1925 2709 2272 2772 incendium

193 2797 505 2859 exstinxi?
588 2798 688 2858 m.
740 2800 959 2874 Neque
998 2804 1059 2871 te
1102 2796 1194 2858 tui
1232 2797 1429 2874 piget,
1465 2795 1656 2857 homo
1697 2793 2038 2868 levissime,
2087 2810 2272 2870 quum

193 2898 273 2941 ea
305 2883 550 2958 culpes,
596 2898 756 2956 3333
790 2881 854 2942 in
892 2881 1160 2943 historiis
1188 2880 1422 2957 gloriae
1451 2878 1593 2939 mihi
1621 2878 1843 2940 ducis?
1910 2880 2007 2939 An
2040 2877 2277 2954 turpius

188 2974 321 3038 est,
372 2972 578 3040 patres
609 2962 974 3043 conscripti,
1018 2965 1389 3027 scribentem
1419 2962 1657 3035 mentiri
1680 2980 1864 3039 quam
1885 2963 2049 3022 ilium
2075 2964 2273 3038 palam

192 3051 319 3110 hoc
350 3048 568 3111 ordine
598 3049 943 3111 dicentem?
1026 3049 1176 3109 Nam
1212 3049 1382 3125 quod
1411 3046 1674 3108 aetatem
1713 3045 2099 3120 increpuisti,
2144 3054 2273 3106 tan-

192 3141 325 3192 tum
348 3146 447 3193 me
470 3132 694 3194 abesse
726 3140 872 3210 puto
903 3133 981 3193 ab
1009 3132 1413 3209 impudicitia,
1459 3138 1751 3206 quantum
1782 3138 1846 3190 tu
1879 3129 2073 3207 [abes]
2106 3146 2142 3188 3
2165 3145 2270 3202 pu-

176 3212 422 3277 ·dicitia.
512 3215 571 3277 8.
629 3216 753 3278 Sed
795 3217 947 3292 quid
989 3231 1107 3292 ego
1150 3217 1230 3277 de
1267 3222 1328 3277 te
1370 3217 1546 3292 plura
1584 3215 1847 3289 querar?
1919 3211 2079 3286 Quid
2113 3210 2274 3273 enim

196 3299 439 3360 mentiri
485 3307 664 3377 turpe
707 3299 1081 3375 duces,.qui
1123 3299 1268 3359 mihi
1313 3297 1623 3366 ausus-sis
1655 3296 2062 3373 eloquentiam
2095 3305 2162 3356 ut
2188 3293 2276 3353 vi-

196 3384 349 3444 tium
377 3382 694 3446 obiicere?
739 3382 914 3445 cuius
941 3390 1457 3459 sempernocens
1491 3380 1713 3459 eguisti
1746 3379 2107 3458 patrocinio.
2176 3381 2272 3436 An

1675 2302 1707 2315 fi
