2381 3723
131 121 256 184 398
432 183 435 190 ,
557 124 862 185 INCERTI
891 126 1280 187 AUCTORIS
1314 126 1788 188 CONSOLATIO
2128 143 2232 197 208

132 277 228 336 vel
260 283 763 351 argumentorum
801 278 900 336 vel
929 278 1349 353 exemplorum
1389 278 1600 355 copia,
1643 278 1868 353 quibus
1903 297 1980 342 se
2009 284 2224 359 legen-

130 365 226 419 tes
271 376 476 436 paene
516 360 693 421 obrui
742 360 1036 433 sentient,
1091 360 1305 435 ecquis
1350 378 1421 422 se
1462 361 1831 423 immobilem
1874 373 1985 427 aut
2014 364 2082 426 in
2118 368 2226 428 do·

130 444 261 504 lore
295 442 737 505 inexorabilem
773 444 1110 520 praebeat?

848 563 1098 635 [Desunt
1125 579 1243 623 non
1284 566 1495 636 nullm]

125 674 339 735 XXVI.
388 673 490 735 92.
576 673 702 735 Nec
745 692 895 737 vero
937 677 1156 752 ignoro
1199 694 1322 738 non
1367 680 1531 739 nulla
1569 677 1876 740 interdum
1908 678 2219 754 accidere,

128 759 350 833 quibus
382 758 465 817 ita
494 759 888 833 perturbetur
918 768 981 821 et
1011 760 1395 837 opprimatur
1426 761 1696 836 animus,
1745 770 1810 824 ut
1838 779 1876 822 a
1906 763 2215 823 medicina

125 840 417 918 refugiat,
462 842 651 917 idque
694 842 748 904 si
787 846 914 906 ullo
957 844 1019 906 in
1065 861 1216 906 casu
1261 845 1584 922 contingit,
1628 854 1822 919 certe,
1867 863 2066 921 quum
2110 848 2216 908 do·

126 928 258 987 lore
289 925 664 1002 adfligimur,
707 928 970 989 maxime
993 931 1155 990 solet
1178 929 1450 991 evenire.
1513 931 1690 1006 Quod
1715 947 1793 990 ex
1819 946 1894 989 eo
1919 930 2009 1003 fit,
2047 932 2211 1006 quod

128 1008 324 1085 erepti
357 1013 456 1070 vel
485 1010 664 1072 amici
696 1014 799 1072 vel
835 1012 1055 1074 adfinis
1081 1016 1180 1074 vel
1204 1014 1310 1074 filii
1333 1014 1623 1091 cogitatio
1648 1015 1804 1074 adeo
1831 1011 2017 1075 nobis
2037 1026 2211 1090 grata

126 1102 250 1163 est,
296 1095 465 1170 quod
504 1094 671 1156 illum
703 1112 904 1171 paene
937 1105 1077 1158 ante
1111 1100 1330 1159 oculos
1363 1098 1737 1160 constituere
1767 1096 2088 1173 videatur,
2131 1107 2209 1169 ut,

125 1178 306 1238 etiam
343 1178 398 1238 si
442 1180 722 1241 dolorem
753 1181 999 1242 refricet
1029 1190 1090 1241 et
1119 1181 1398 1243 lacrimas
1432 1181 1660 1255 eliciat,
1703 1188 1905 1241 tamen
1939 1198 2083 1242 eam
2111 1182 2207 1241 de·

123 1278 359 1338 ponere
401 1263 689 1325 nolimus.
774 1267 902 1339 Ac,
959 1266 1012 1327 si
1059 1267 1138 1326 ad
1180 1267 1627 1328 consolandum
1670 1264 1945 1326 remedia
1978 1282 2206 1342 suppe-

126 1353 282 1421 tant,
336 1354 543 1408 tamen
599 1346 740 1408 nihil
787 1349 988 1410 minus
1033 1367 1218 1425 quam
1263 1349 1713 1412 consolantium
1757 1349 1952 1409 verba
2001 1350 2192 1409 audia

123 1447 282 1491 mus.
346 1430 665 1493 Falluntur
705 1450 857 1495 sane
894 1434 1200 1508 graviter,
1246 1434 1351 1509 qui
1391 1434 1474 1495 ita
1508 1441 1727 1510 agunt,
1766 1434 1880 1493 sed
1916 1432 2088 1493 hunc
2125 1449 2213 1492 er-

119 1531 354 1587 rorem,
389 1533 512 1589 quo
540 1532 762 1591 magno
788 1533 980 1592 opere
1005 1519 1413 1592 delectantur,
1448 1517 1562 1578 sibi
1586 1516 1946 1592 extorqueri
1968 1518 2209 1577 nolunt.

123 1599 223 1659 93.
271 1599 402 1673 Qua
440 1616 507 1658 re
547 1616 726 1660 suum
771 1599 875 1661 uni
915 1601 1138 1678 cuique
1180 1602 1450 1663 studium
1496 1618 1734 1677 suaque
1780 1599 2069 1662 omnibus
2108 1601 2211 1661 de-

121 1680 366 1743 lectatio
423 1681 819 1758 relinquatur.
909 1686 1041 1746 Non
1102 1685 1262 1746 enim
1304 1702 1533 1747 vereor
1578 1685 1756 1762 quin,
1811 1683 1866 1745 si
1904 1682 2113 1744 minus
2151 1685 2208 1743 in

122 1767 258 1843 ipso
285 1764 520 1828 doloris
544 1775 720 1829 aestu
744 1769 1031 1830 remediis
1056 1772 1348 1830 utendum
1374 1770 1656 1832 homines
1676 1775 1992 1841 censeant,
2018 1775 2208 1839 certe,

123 1869 312 1928 quum
347 1849 589 1913 modice
619 1852 801 1915 dolor
831 1853 1133 1915 resederit
1163 1871 1237 1915 ac
1277 1871 1347 1915 se
1384 1856 1651 1930 paullum
1681 1851 1860 1930 quasi
1896 1852 2211 1912 remittere

123 1934 426 2012 coeperit,
482 1937 561 1996 ad
602 1937 1088 2013 exstinguendas
1134 1938 1367 2000 doloris
1420 1938 1708 2014 reliquias
1758 1936 1990 1997 monita
2032 1952 2208 2012 prae·

122 2029 428 2095 ceptaque
460 2027 674 2081 nostra
704 2021 1127 2083 adhibeantur.
1215 2022 1371 2083 Nihil
1402 2032 1607 2083 autem
1647 2020 1855 2084 utilius
1889 2026 1987 2081 est
2023 2036 2208 2094 quam

121 2104 279 2165 haec
321 2103 538 2164 eadem
570 2104 629 2163 in
662 2108 978 2181 voluptate
1007 2122 1080 2166 ac
1114 2106 1342 2169 laetitia
1372 2114 1747 2184 pertractare
1778 2112 1966 2180 atque
1995 2101 2056 2163 in
2091 2120 2208 2162 ma-

122 2186 304 2249 nibus
343 2188 590 2249 habere.
679 2187 783 2248 Sic
830 2190 990 2249 enim
1031 2197 1096 2250 et
1136 2191 1260 2268 legi
1294 2199 1483 2267 atque
1513 2193 1589 2251 ad
1627 2190 1883 2250 verbum
1915 2186 2112 2248 edisci
2150 2195 2210 2246 et

122 2271 367 2346 penitus
417 2270 752 2332 memoriae
795 2273 1072 2333 mandari
1115 2283 1413 2350 possunt,
1466 2283 1562 2349 ut,
1611 2291 1800 2350 quum
1833 2270 1894 2332 in
1938 2269 2209 2331 animum

124 2355 365 2430 penitus
396 2354 779 2426 influxerint,
816 2363 942 2415 tum
973 2358 1282 2418 exhauriri
1307 2375 1385 2419 ac
1414 2376 1675 2436 prorsus
1700 2356 1858 2417 elabi
1880 2373 2005 2416 non
2033 2354 2209 2415 facile

124 2445 370 2512 queant.
457 2439 559 2499 94.
604 2439 697 2498 Ita
730 2438 799 2498 fit
829 2446 922 2512 ut,
965 2458 1153 2514 quum
1184 2450 1443 2519 repente
1474 2445 1655 2505 dolor
1682 2439 1935 2512 invasit,
1975 2449 2105 2501 tum
2135 2437 2207 2497 iis

125 2529 394 2583 utamur:
443 2537 633 2597 quae,
688 2521 805 2584 nisi
846 2532 990 2585 ante
1035 2535 1330 2603 percepta
1372 2536 1431 2589 et
1473 2526 1720 2603 cognita
1761 2522 1916 2593 sint,
1972 2522 2210 2598 impetu

119 2606 260 2681 ipso
309 2606 544 2668 doloris
585 2605 933 2669 incurrente
975 2610 1156 2685 plane
1200 2611 1426 2686 depelli
1466 2619 1652 2687 atque
1696 2605 1941 2669 excludi
1982 2607 2207 2667 solent.

122 2690 444 2754 Sensimus
486 2693 606 2753 hoc
649 2692 708 2752 in
755 2692 935 2754 nobis
982 2693 1164 2769 ipsiS,
1212 2711 1329 2754 nec
1363 2711 1580 2772 parum
1609 2694 1791 2754 nobis
1823 2689 2022 2753 obfuit
2050 2690 2207 2749 hanc

121 2775 474 2836 universam
522 2777 827 2837 adversus
878 2778 1158 2838 dolorem
1208 2777 1786 2839 commentationem
1835 2792 1960 2835 non
2013 2774 2208 2832 multo

122 2867 265 2919 ante
294 2859 497 2921 animo
529 2877 603 2920 ac
632 2868 836 2921 mente
865 2861 1267 2937 percurrisse.
1358 2860 1646 2937 Quamvis
1674 2859 1833 2920 enim
1865 2858 2210 2936 permultos

121 2944 631 3022 philosophorum
673 2943 864 3006 libros
908 2947 1006 3005 vel
1053 2946 1131 3005 de
1169 2948 1338 3007 luctu
1377 2947 1477 3006 vel
1508 2947 1586 3006 de
1616 2951 1812 3006 morte
1845 2941 1998 3003 satis
2030 2954 2209 3000 accu-

121 3036 254 3090 rate
285 3028 682 3106 legissemus,
724 3036 791 3089 ut
819 3029 1259 3105 Theophrasti,
1288 3029 1686 3101 XenocratiS,
1717 3028 2011 3098 aliorum,
2046 3040 2207 3100 quos

123 3129 609 3176 commemorare
649 3111 798 3173 nihil
836 3112 1075 3187 attinet,
1117 3121 1320 3175 tamen
1352 3114 1472 3174 hoc
1502 3130 1627 3174 non
1662 3112 1803 3173 ideo
1841 3113 2206 3177 leceramus

125 3198 293 3270 quod
345 3205 706 3258 eventurum
758 3203 1112 3272 putaremus
1158 3205 1227 3258 ut
1268 3197 1342 3259 iis
1386 3197 1540 3273 ipsis
1576 3197 1636 3257 in
1670 3201 1884 3257 nostro
1922 3206 2205 3254 maerore

123 3287 451 3339 uteremur.
541 3282 753 3355 ltaque
805 3296 1008 3355 neque
1054 3281 1413 3354 lectionem,
1463 3288 1757 3357 quantum
1799 3275 2202 3354 oportuisset,

124 3369 472 3420 accuratam
503 3378 619 3420 nec
650 3362 1001 3421 memoriam
1033 3362 1182 3423 satis
1222 3363 1511 3424 intentam
1543 3361 1951 3424 adhibuImus.
2039 3354 2201 3419 Casu
