2381 3723
130 112 250 179 112
932 118 1031 176 DE
1067 117 1163 177 OF
1167 117 1387 178 Flcus

127 268 295 344 apud
340 266 630 329 Caudium
674 276 870 342 esset,
923 267 1269 345 legionibus
1310 266 1541 330 nostris
1585 268 1702 328 sub
1741 267 1967 344 iugum-
1992 267 2193 330 missis

132 364 344 426 pacem
400 366 538 412 cum
599 350 970 413 Samnitibus
1028 354 1331 426 recemum,
1392 349 1579 435 dediti
1633 358 1776 411 sunt
1797 349 1902 411 iis:
1959 351 2198 413 iniussu

130 434 290 496 enim
330 434 544 511 populi
590 441 970 511 senatusque
1030 438 1320 496 fecerant.
1393 434 1761 510 Eodemque»
1799 443 2081 510 tempore
2108 436 2198 498 Ti.

127 516 455 591 Numicius,
488 519 558 593 Q.
582 518 867 592 Maelius,
905 519 1159 592 quitum
1182 518 1406 579 tribuni
1436 520 1519 593 pl.
1543 526 1748 590 erant,
1786 519 1952 593 quod
1972 534 2195 579 eorum

129 601 492 661 auctoritate
535 616 659 677 pax
703 610 835 660 erat
876 604 1065 674 facta,
1118 600 1308 662 dediti
1343 609 1514 675 sunt,
1567 609 1639 661 ut
1674 612 1794 677 pax
1838 600 2196 663 Samnitium

129 682 568 758 repudiaretur.
625 684 850 759 'Atque
889 685 1074 746 huius
1114 685 1444 765 deditionis
1488 685 1624 761 ipse
1663 684 2044 759 Postumius,
2092 687 2197 762 qui

130 767 498 839 dedebatur,
549 780 775 829 suasor
803 776 866 828 et
901 777 1117 829 auctor
1150 769 1282 829 mit,
1354 769 1531 845 Quod
1571 767 1735 828 idem
1775 769 1985 829 multis
2019 771 2196 830 annis

131 850 366 926 post-C.
396 850 746 921 Mancinus,
782 852 916 927 qui,
969 860 1035 913 ut
1062 851 1487 925 Numantinis,
1529 850 1897 931 quibuscum
1934 852 2069 912 si‘ne
2101 865 2194 913 se0

129 941 307 994 natus
372 933 733 995 auctoritate
792 937 1013 996 toedus
1070 937 1329 1008 fecerat),-
1389 936 1748 1009 dederetur,
1811 935 2197 1015 rogationem

130 1014 326 1078 suasit
359 1030 524 1094 eam,
575 1032 758 1094 quam
788 1019 853 1077 L.
889 1018 1139 1091 Furius,
1192 1018 1336 1080 Sex.
1380 1018 1603 1080 Atilius
1644 1034 1724 1079 ex
1762 1026 2013 1080 senatus
2052 1032 2195 1080 con—

129 1102 296 1162 sulto
319 1100 627 1162 terebant:
674 1119 796 1178 qua
824 1110 1079 1178 accepta
1101 1101 1502 1164 esthostibus
1524 1102 1789 1162 deditus.
1858 1103 2196 1163 Honesu'us

130 1185 228 1245 nic
259 1201 439 1261 quam
470 1187 540 1261 Ω.
583 1185 945 1261 PompeiuS,
994 1201 1149 1262 quo,
1199 1198 1385 1261 quum
1424 1184 1487 1245 in
1515 1187 1736 1246 eadem
1775 1199 1964 1246 causa
2006 1195 2196 1258 esset,

131 1269 501 1344 deprecante
548 1278 803 1345 accepta
844 1271 946 1329 lex
985 1286 1112 1331 non
1152 1278 1269 1330 est.
1357 1268 1472 1329 Hic
1509 1285 1609 1341 ea,
1662 1284 1824 1345 quae
1871 1269 2197 1330 videbatur

129 1350 384 1424 utilitas,
439 1354 579 1426 plus
621 1354 815 1413 valuit
850 1368 1034 1427 quam
1076 1353 1404 1425 honestas,
1456 1354 1620 1429 apud
1652 1353 2007 1429 superiores
2041 1354 2189 1413 utili-

129 1434 269 1494 tatis
317 1433 561 1510 species
608 1436 761 1495 salsa
803 1437 878 1494 ab
929 1435 1269 1499 honestatis
1323 1435 1684 1498 auctoritate
1739 1443 2028 1512 superata
2078 1448 2191 1498 est

133 1516 270 1577 110.
314 1518 434 1576 ‘At
472 1534 592 1578 non
624 1517 833 1578 debuit
873 1527 1070 1579 ratum
1104 1535 1250 1580 esse
1282 1519 1450 1594 quod
1483 1528 1615 1580 erat
1647 1527 1849 1581 actum
1878 1534 1990 1595 per
2024 1518 2192 1579 vim?

130 1597 313 1671 Quasi
342 1616 494 1660 vero
528 1598 667 1661 sorti
699 1600 830 1661 viro
868 1602 966 1661 vis
999 1602 1200 1677 possit
1227 1602 1521 1664 adhiberi.
1592 1603 1736 1663 ‘Cur
1776 1602 1956 1678 igitur
1988 1605 2071 1663 ad
2100 1620 2196 1663 se·

129 1690 335 1742 natum
387 1684 921 1758 proficiscebatur,
983 1702 1168 1761 quum
1226 1685 1585 1761 praesertim
1636 1687 1714 1746 de
1766 1685 2019 1762 captivis
2073 1687 2197 1747 dis-

129 1781 427 1825 suasurus
458 1768 697 1827 esset?’
775 1768 951 1842 Quod
997 1767 1324 1830 maximum
1373 1770 1433 1829 in
1467 1786 1541 1830 eo
1583 1777 1707 1841 est,
1758 1769 1819 1829 id
1865 1770 2197 1846 reprehen-

131 1847 289 1910 ditis.
361 1850 493 1911 Non
534 1849 695 1912 enim
746 1869 861 1914 suo
916 1850 1137 1915 iudicio
1170 1852 1368 1927 stetit,
1430 1853 1542 1915 sed
1592 1852 1867 1931 suscepit
1921 1870 2192 1928 causam,

127 1941 195 1993 ut
225 1941 393 1994 esset
420 1933 704 1996 iudicium
738 1943 1021 1996 senatus:
1070 1936 1167 1998 cui
1209 1936 1327 1999 nisi
1358 1937 1496 2014 ipse
1533 1944 1749 1999 auctor
1777 1939 2017 2011 fuisset,
2052 1954 2190 2015 cap-

130 2015 231 2077 tivi
259 2020 537 2093 profecto
571 2019 795 2081 Poenis
833 2019 1054 2081 redditi
1096 2027 1327 2082 essent.
1399 2023 1489 2081 lta
1531 2020 1852 2084 incolumis
1893 2022 1952 2082 in
1996 2021 2193 2098 patria

131 2102 400 2175 Regulus
443 2099 791 2164 restitisset.
876 2104 1052 2179 Quod
1106 2104 1248 2180 quia
1298 2105 1531 2180 patriae
1573 2122 1694 2167 non
1745 2105 1887 2166 utile
1933 2105 2189 2182 putavit,

128 2181 358 2243 idcirco
398 2183 514 2243 sibi
563 2187 892 2266 honestum
932 2195 993 2248 et
1022 2188 1253 2249 sentire
1290 2188 1388 2248 illa
1419 2194 1482 2248 et
1520 2188 1645 2266 pati
1687 2189 1964 2251 credidit.
2042 2190 2190 2249 Nam

130 2266 296 2339 quod
326 2264 521 2340 aiunt,
575 2269 740 2342 quod
775 2270 956 2331 valde
995 2271 1139 2332 utile
1184 2271 1288 2344 sit,
1341 2270 1405 2330 id
1438 2270 1571 2332 fieri
1603 2273 1960 2346 honestum,
2005 2271 2187 2333 immo

131 2363 277 2406 vero
322 2364 497 2423 esse,
559 2367 682 2410 non
724 2351 877 2411 fieri.
946 2353 1059 2414 Est
1097 2353 1256 2415 enim
1287 2354 1432 2414 nihil
1472 2354 1618 2416 utile
1661 2357 1825 2432 quod
1863 2356 2025 2417 idem
2065 2374 2189 2418 non

127 2430 484 2503 honestum,
518 2450 662 2504 nec,
708 2434 850 2510 quia
881 2436 1055 2508 utile,
1089 2438 1448 2510 honestum,
1492 2440 1638 2511 sed,
1675 2440 1815 2515 quia
1844 2440 2188 2512 honestum,

128 2510 292 2573 utile.
363 2513 494 2587 Qua
531 2534 600 2577 re
644 2533 722 2578 ex
777 2519 980 2580 multis
1026 2521 1400 2583 mirabilibus
1454 2523 1749 2601 exemplis
1793 2524 1956 2584 haud
2013 2523 2189 2584 facile

129 2595 265 2671 quis
299 2597 519 2661 dixerit
545 2601 665 2662 hoc
703 2606 984 2679 exemplo
1015 2613 1121 2663 aut
1147 2605 1509 2667 laudabilius
1540 2615 1646 2669 aut
1672 2607 2104 2683 praestantius.

250 2682 462 2744 XXXI.
512 2684 646 2745 111.
735 2685 858 2746 Sed
899 2705 977 2748 ex
1008 2695 1137 2749 tota
1176 2688 1293 2749 hac
1341 2690 1521 2750 laude
1559 2690 1776 2768 Reguli
1808 2709 1995 2753 unum
2042 2691 2188 2751 illud

127 2771 221 2824 est
255 2767 654 2830 admiratione
684 2769 963 2845 dignum,
1013 2771 1180 2846 quod
1212 2773 1490 2849 captivos
1536 2775 1889 2837 retinendos
1932 2774 2189 2837 censuit.

125 2848 273 2906 Nam
319 2851 487 2923 quod
520 2852 699 2913 rediit
750 2854 930 2915 nobis
968 2872 1130 2916 nunc
1159 2856 1433 2917 mirabile
1477 2858 1742 2933 videtur,
1794 2853 1911 2921 illis
1943 2859 2190 2935 quidem

128 2932 501 3006 temporibus
544 2935 717 2996 aliter
754 2939 958 2999 facere
1010 2956 1132 2999 non
1175 2940 1394 3014 potuit.
1471 2943 1684 3019 Itaque
1732 2944 1848 3003 ista
1885 2946 2020 3004 laus
2065 2957 2188 3005 non

125 3022 220 3075 est
267 3014 560 3090 hominis,
619 3021 732 3080 scd
791 3029 1152 3098 temporum.
1224 3025 1461 3086 Nullum
1522 3027 1679 3087 enim
1745 3028 2053 3090 vinculum
2111 3029 2188 3088 ad

125 3098 573 3176 astringendam
619 3103 803 3163 iidem
854 3105 984 3167 iure
1037 3105 1295 3169 iurando
1349 3109 1611 3173 maiores
1663 3111 1851 3174 artius
1899 3130 2042 3175 esse
2082 3130 2189 3174 vo-

125 3183 380 3243 luerunt.
469 3184 537 3243 1d
586 3183 856 3249 indicant
907 3191 1076 3263 leges
1119 3190 1176 3251 in
1241 3193 1565 3255 duodecim
1614 3195 1867 3269 tabulis,
1919 3197 2186 3257 indicant

124 3273 427 3355 sacratae,
469 3267 740 3327 indicant
779 3267 1057 3344 foedera,
1111 3274 1334 3350 quibus
1366 3276 1546 3338 etiam
1580 3295 1716 3340 cum
1758 3280 1941 3342 hoste
1981 3280 2185 3341 devin-

126 3350 279 3404 citur
323 3345 512 3419 fides,
567 3346 839 3414 indicant
886 3352 1168 3417 notiones
1222 3358 1914 3439 animadversionesque
1968 3380 2182 3425 censo·
