2381 3723
165 88 283 152 160
639 89 971 150 LAELtuS
1008 91 1109 150 DE
1141 90 1496 151 AMICITIA
1533 88 1759 148 LIBER
2171 100 2246 152 44

162 252 265 304 aut
314 249 669 318 susceptam
704 244 1038 318 deponere.
1116 242 1296 314 Quod
1337 240 1391 301 si
1436 257 1641 302 curam
1694 239 1989 316 fugimuS,
2043 239 2240 302 virtus

165 326 451 403 fugienda
492 332 619 402 est,
680 343 840 402 quae
882 341 1145 385 necesse
1187 331 1287 384 est
1327 341 1467 385 cum
1524 324 1727 399 aliqua
1778 340 1926 385 cura
1975 335 2078 385 res
2126 323 2240 385 sibi

165 410 503 474 contrarias
559 416 927 487 aspernetur
980 415 1167 483 atque
1219 407 1450 481 oderit,
1515 416 1580 468 ut
1629 407 1873 469 bonitas
1933 406 2238 480 malitiam,

165 492 566 569 temperantia
603 492 942 564 libidinem,
992 490 1298 567 ignaviam
1355 491 1670 554 fortitudo.
1761 494 1975 566 Itaque
2028 490 2240 552 videas

164 578 348 638 rebus
383 575 626 638 iniustis
655 576 856 637 iustos
893 575 1155 636 maxime
1189 576 1430 648 dolere,
1481 571 1825 640 imbellibus
1857 576 2078 647 fortes,
2131 575 2240 635 ssa·

163 660 402 737 gitiosis
431 661 773 721 modestos.
846 660 1011 736 Ergo
1054 660 1175 720 hoc
1222 660 1534 736 proprium
1573 667 1670 719 est
1697 658 1877 719 animi
1907 660 2066 719 bene
2097 675 2240 720 con-

164 744 386 819 stituti,
418 750 480 804 et
508 743 720 805 laetari
740 743 921 804 bonis
951 744 1138 804 rebus
1163 752 1224 803 et
1251 743 1464 804 dolere
1487 742 1830 804 contrariis.
1899 742 2002 803 48.
2047 744 2237 818 Quam

169 830 246 889 nb
290 844 419 888 rem
468 826 521 889 si
552 826 714 889 cadit
743 828 802 887 in
835 826 1173 904 sapientem
1205 826 1388 887 animi
1429 807 1639 899 dosor,
1694 826 1796 903 qui
1824 827 2106 904 profecto
2143 842 2241 887 ca·

164 912 285 985 dit,
317 910 435 972 nisi
465 927 544 972 ex
576 911 709 973 eius
741 909 941 972 animo
966 910 1362 992 exstirpatam
1392 911 1827 973 humanitatem
1860 910 2240 983 arbitramur,

166 1012 326 1071 quae
359 1010 547 1056 causa
589 1002 688 1057 est
715 1012 824 1056 cur
873 993 1196 1056 amicitiam
1239 994 1512 1055 funditus
1552 997 1837 1056 tollamus
1877 1012 1913 1055 e
1953 994 2106 1068 vita,
2162 1011 2241 1054 ne

165 1078 402 1155 aliquas
433 1088 686 1156 propter
716 1095 850 1139 eam
883 1076 1292 1155 suscipiamus
1336 1078 1694 1141 molestias?
1766 1078 1921 1154 Quid
1954 1077 2111 1139 enim
2157 1077 2242 1138 in-

163 1169 360 1224 terest
390 1169 560 1224 motu
590 1162 771 1224 animi
814 1162 1057 1224 sublato
1092 1179 1215 1223 non
1260 1161 1399 1223 dico
1431 1162 1591 1223 inter
1619 1163 1922 1238 pecudem
1960 1170 2022 1222 et
2051 1161 2241 1223 homi·

165 1264 335 1320 nem,
370 1248 483 1307 sed
518 1246 674 1307 inter
702 1244 1011 1307 hominem
1047 1254 1110 1306 et
1137 1255 1418 1308 truncum
1450 1253 1557 1307 aut
1596 1263 1812 1307 saxum
1855 1253 1961 1306 aut
1994 1244 2239 1322 quidvis

165 1330 412 1406 generIS
446 1330 763 1391 eiusdem?
836 1331 1051 1405 Neque
1080 1329 1237 1391 enim
1282 1336 1426 1389 sunt
1462 1327 1562 1390 isti
1603 1327 1925 1402 audiendi,
1982 1328 2084 1405 qui
2124 1328 2241 1389 vir·

165 1421 363 1491 tutem·
403 1414 619 1474 duram
660 1423 722 1474 et
755 1412 934 1488 quasi
965 1416 1222 1474 ferream
1253 1429 1398 1473 esse
1431 1414 1761 1489 quamdam
1788 1416 2033 1475 volunt:
2084 1429 2241 1488 quae

169 1496 416 1572 quidem
470 1504 568 1557 est
608 1513 795 1571 quum
844 1496 1049 1558 multis
1101 1496 1159 1556 in
1211 1497 1397 1565 rebus
1451 1503 1573 1557 tum
1623 1496 1685 1557 in
1730 1496 1992 1557 amicitia
2032 1504 2243 1557 tenera

169 1586 358 1655 atque
388 1579 750 1653 tractabiliS,
815 1589 882 1640 ut
911 1579 1179 1641 ethonis
1213 1578 1391 1640 amici
1423 1580 1601 1656 quasi
1637 1578 2017 1641 diffundatur
2049 1587 2112 1639 et
2154 1579 2240 1640 in·

166 1662 509 1724 commodis
541 1664 954 1725 contrahatur.
1030 1663 1219 1736 Quam
1251 1664 1330 1725 ob
1370 1680 1499 1725 rem
1541 1680 1738 1740 angor
1777 1663 1923 1738 iste,
1980 1662 2085 1739 qui
2128 1680 2240 1739 pro

169 1745 362 1808 <unico
411 1763 603 1823 saepe
640 1745 979 1824 capiendus
1012 1755 1139 1821 est,
1202 1765 1326 1809 non
1369 1754 1600 1809 tantum
1641 1751 1837 1821 valet,
1890 1755 1960 1808 ut
1997 1749 2170 1809 tollat
2208 1763 2242 1808 e

165 1831 290 1892 vita
323 1829 676 1906 amicitiam,
721 1848 845 1894 non
879 1834 1020 1909 plus
1055 1848 1238 1907 quam
1272 1839 1338 1894 ut
1377 1830 1666 1905 virtutes,
1720 1830 1865 1908 quia
1892 1848 2020 1894 non
2044 1831 2241 1893 nullas

166 1932 348 1977 curas
374 1922 437 1975 et
466 1915 779 1978 molestias
813 1916 1124 1990 adferunt,
1173 1914 1591 1993 repudientur.

289 2001 451 2061 XIV.
498 2003 693 2075 Quum
740 2007 944 2061 autem
991 2000 1314 2061 contrahat
1351 1998 1706 2072 amicitiam,
1768 2006 1837 2060 ut
1866 2014 2055 2076 supra
2098 1996 2239 2070 dixi,

166 2081 219 2142 si
256 2100 377 2158 qua
416 2082 781 2158 significatio
827 2082 1062 2145 virtutis
1108 2085 1349 2144 eluceat
1389 2085 1469 2143 ad
1520 2100 1702 2159 quam
1744 2098 1816 2144 se
1862 2081 2074 2144 similis
2120 2079 2242 2142 ani·

166 2183 302 2226 mus
327 2165 594 2242 applicet
624 2174 685 2226 et
713 2166 1034 2243 adiungat,
1065 2167 1127 2227 id
1154 2184 1341 2242 quum
1375 2166 1701 2243 contingit,
1737 2183 1911 2227 amor
1932 2164 2244 2227 exoriatur

166 2264 428 2310 neccsse
470 2257 583 2310 est.
670 2249 774 2309 49.
818 2249 974 2324 Quid
1006 2250 1162 2312 enim
1195 2259 1318 2311 tam
1348 2252 1683 2312 absurdum
1737 2267 1919 2326 quarn
1954 2248 2245 2311 delectari

169 2331 370 2392 multis
400 2330 683 2392 inanibus
720 2334 938 2406 rebus,
973 2342 1043 2394 ut
1073 2335 1341 2408 honore,
1378 2343 1445 2395 ut
1474 2333 1698 2410 gloria,
1732 2342 1799 2394 ut
1827 2332 2127 2407 aedificio,
2178 2341 2245 2393 ut

167 2413 392 2475 vestitu
425 2418 717 2491 cultuque
750 2416 1031 2492 corporis
1051 2467 1065 2489 ‚
1103 2417 1305 2479 animo
1345 2424 1549 2479 autem
1580 2417 1803 2478 virtute
1833 2415 2133 2494 praedit0,
2165 2434 2242 2478 eo

168 2497 272 2572 qui
302 2501 402 2558 vel
431 2515 638 2560 amare
667 2503 796 2571 vel,
850 2510 916 2561 ut
948 2499 1029 2561 ita
1059 2501 1289 2573 dicam,
1340 2503 1663 2562 redamare
1692 2501 1923 2577 possit,
1968 2517 2091 2561 non
2141 2501 2236 2560 ad·

167 2584 417 2644 modum
467 2583 795 2644 delectari?
862 2584 1014 2644 Nihil
1066 2593 1163 2645 est
1219 2584 1377 2645 enim
1432 2584 1925 2646 renumeratione
1974 2585 2239 2645 benevo-

166 2666 416 2739 lentiae,
478 2666 624 2728 nihil
661 2666 1084 2729 vicissitudine
1123 2666 1467 2730 studiorum
1517 2668 1988 2745 officiorumque
2032 2666 2218 2728 iucun

167 2748 324 2811 dius.
416 2751 518 2811 50.
567 2750 761 2825 Quid?
804 2750 856 2813 si
903 2752 1048 2812 illud
1100 2751 1282 2812 etiam
1322 2751 1635 2825 addimus,
1690 2753 1858 2828 quod
1903 2758 2073 2812 recte
2098 2751 2244 2811 addi

169 2840 401 2908 potest,
453 2833 597 2895 nihil
631 2851 775 2896 esse
816 2836 981 2910 quod
1016 2836 1094 2895 ad
1127 2853 1199 2896 se
1230 2854 1360 2897 rem
1389 2837 1573 2896 ullam
1604 2844 1722 2897 tam
1753 2834 1996 2896 adliciat
2023 2842 2089 2895 et
2121 2843 2245 2896 tam

60 2950 63 2953 π
166 2917 431 2976 attrahat
460 2935 642 2992 quam
674 2919 752 2978 ad
785 2918 1110 2980 amiciflam
1144 2918 1506 2991 similitudo,
1544 2920 1919 2982 concedetur
1958 2919 2244 2995 profecto

166 3017 380 3061 verum
411 3016 556 3062 esse
576 3047 591 3073 ‚
630 3009 700 3061 ut
730 3002 933 3064 bonos
968 3003 1113 3064 boni
1146 3002 1398 3080 diligant
1425 3003 1861 3079 asciscantque
1910 3001 2024 3063 sibi
2062 3002 2248 3077 quasi

165 3083 622 3159 propinquitate
668 3085 1033 3148 coniunctos
1077 3095 1264 3162 atque
1303 3095 1539 3148 natura.
1606 3086 1760 3147 Nihil
1802 3092 1900 3148 est
1931 3084 2089 3147 enim
2139 3102 2246 3162 ap·

167 3165 470 3236 petentius
500 3166 783 3229 similium
818 3170 916 3231 sui
943 3187 1059 3231 nec
1088 3169 1375 3247 rapacius
1408 3188 1588 3247 quam
1625 3179 1859 3232 natura.
1933 3170 2129 3245 Quam
2162 3171 2244 3231 ob

167 3249 454 3341 rem-hoc
497 3250 775 3327 quidem,
838 3253 1028 3313 Fanni
1070 3262 1132 3315 et
1174 3254 1505 3328 Scaevola,
1560 3262 1834 3327 constat,
1887 3260 1956 3315 ut
2000 3251 2230 3329 opinor

168 3326 343 3387 bonis
376 3328 532 3391 inter
558 3334 760 3395 bonos
796 3335 973 3411 quasi
1001 3337 1415 3399 necessariam
1449 3337 1970 3411 benevolentiam,
2008 3336 2116 3414 qui
2147 3345 2246 3399 est
