2381 3723
2167 54 2222 71 J-

122 101 203 164 68
925 100 1022 160 DE
1059 99 1376 161 OFFlCllS

123 250 451 326 taliumque
500 261 848 328 sumptuum
897 251 1241 311 facultatem
1296 252 1554 309 fructum
1606 249 1948 311 divitiarum
1992 259 2184 327 putat.

124 333 263 393 Mihi
310 340 511 394 autem
561 335 661 395 ille
707 336 941 395 fructus
995 331 1394 406 liberalitatiS,
1448 330 1621 394 cuius
1665 349 1861 408 pauca
1903 336 2190 411 exempla

123 415 333 493 posui,
391 418 581 479 multo
623 425 685 478 et
724 416 918 479 maior
960 416 1201 477 videtur
1240 424 1301 478 et
1341 414 1583 476 certior.
1668 417 1904 492 Quanto
1942 417 2183 478 Aristo-

122 502 270 560 teles
304 499 550 575 gravius
576 509 638 563 et
664 500 870 561 verius
895 518 1011 562 nos
1044 499 1465 576 reprehendit!
1510 497 1753 574 quibas
1787 498 2183 575 pecuniarum

121 582 460 643 effusiones
503 601 624 645 non
670 582 1067 656 admiremur,
1121 600 1280 658 quae
1311 583 1464 642 fiunt
1500 583 1576 641 ad
1615 583 2049 643 multitudinem
2081 585 2185 645 de-

122 665 480 727 leniendam.
558 671 666 727 ‘At
697 666 766 739 ii,
799 666 902 743 qui
932 668 1008 727 ab
1039 667 1220 729 hoste
1254 665 1641 738 obsidentur,
1678 664 1732 727 si
1752 682 1955 726 emere
1985 684 2187 740 aquae

122 746 450 810 sextarium
476 756 775 826 cogantur
798 751 987 826 mina,
1021 752 1141 821 hoc
1168 749 1364 826 primo
1390 748 1599 810 auditu
1627 747 1980 810 incredibile
2002 750 2184 812 nobis

120 830 311 891 videri
343 848 682 909 omnesque
723 833 954 905 mirari,
988 834 1129 906 sed,
1164 850 1349 908 quum
1380 832 1776 905 attenderint,
1814 831 2051 893 veniam
2081 850 2188 894 ne·

122 913 391 975 cessitati
429 916 605 989 dare,
647 917 708 979 in
740 918 833 979 his
863 916 1226 979 immanibus
1257 915 1504 977 iacturis
1533 913 1904 993 infinitisque
1935 916 2195 993 sumpti·.

120 998 236 1059 bus
267 998 409 1058 nihil
451 1017 567 1061 nos
612 1018 832 1077 magno
866 1017 1057 1078 opere
1087 999 1317 1072 mirari,
1372 1016 1557 1075 quum
1590 999 1947 1074 praesertim
1979 1016 2190 1075 neque

120 1080 467 1143 necessitati
519 1083 917 1146 subveniatur
968 1101 1083 1145 nec
1132 1083 1394 1159 dignitas
1441 1093 1736 1157 augeatur
1779 1081 2040 1161 ipsaque
2081 1084 2190 1144 illa

121 1165 441 1229 delectatio
473 1167 870 1230 multitudinis
902 1168 981 1230 sit
1019 1168 1099 1228 ad
1127 1167 1316 1227 breve
1356 1164 1768 1242 exiguumque
1808 1172 2052 1243 tempus
2085 1183 2190 1227 ea-

122 1266 241 1323 que
272 1265 308 1309 a
351 1250 665 1321 levissimo
698 1269 972 1328 quoque,
1026 1250 1084 1311 in
1120 1267 1243 1326 quo
1275 1257 1473 1311 tamen
1507 1248 1644 1325 ipso
1675 1266 1796 1310 una
1834 1265 1969 1311 cum
2002 1250 2180 1311 satie-

122 1338 243 1392 tate
271 1333 564 1395 memoria
596 1352 844 1411 quoque
875 1334 1169 1396 moriatur
1198 1331 1578 1410 voluptatis?
1668 1333 1767 1393 57.
1807 1335 1978 1394 Bene
2002 1332 2188 1394 etiam

121 1414 348 1491 colligit
391 1418 579 1478 ‘haec
629 1418 836 1494 pueris
890 1425 952 1477 et
991 1416 1360 1478 mulierculis
1419 1423 1482 1477 et
1522 1414 1721 1477 servis
1773 1422 1834 1477 et
1861 1433 2188 1478 servorum

119 1497 433 1560 simillimis
466 1498 671 1562 liberis
702 1518 845 1563 esse
871 1509 1073 1578 grata,
1125 1499 1297 1577 gravi
1329 1515 1477 1562 vero
1510 1497 1738 1561 homini
1769 1507 1831 1560 et
1862 1516 1967 1574 ea,
2022 1517 2187 1575 quae

118 1583 299 1656 fiunt,
353 1581 577 1644 iudicio
625 1592 792 1645 certo
825 1582 1192 1661 ponderanti
1225 1584 1469 1660 probari
1499 1599 1691 1659 posse
1734 1584 1897 1644 nullo
1942 1584 2185 1645 modo!

118 1667 493 1741 Quamquam
522 1666 793 1743 intelligo
823 1667 882 1728 in
917 1674 1127 1730 nostra
1161 1666 1404 1728 civitate
1443 1664 1824 1727 inveterasse
1851 1665 1969 1727 iam
1998 1665 2186 1728 bonis

120 1748 531 1825 temporibus,
579 1758 646 1811 ut
675 1752 972 1827 splendor
1006 1751 1378 1831 aedilitatum
1415 1748 1768 1826 ab‘optimis
1792 1748 1937 1811 viris
1968 1757 2186 1826 postu-

120 1832 291 1892 letur.
381 1835 592 1911 Itaque
635 1841 697 1896 et
748 1837 812 1896 P.
858 1837 1116 1898 Crassus
1172 1851 1355 1912 quum
1405 1832 1768 1910 cognomine
1824 1832 1999 1895 dives
2054 1841 2181 1896 turn

118 1915 309 1991 copiis
345 1918 589 1981 functus
623 1927 718 1981 est
746 1919 1025 1981 aedilicio
1070 1919 1335 1980 maximo
1385 1935 1637 1979 munere
1682 1925 1743 1979 et
1785 1920 1992 1995 paullo
2038 1927 2185 1994 post

114 2000 179 2059 L.
220 2000 481 2065 Crassus
529 2019 666 2064 cum
699 2005 964 2065 omnium
998 2002 1310 2064 hominum
1343 1999 1835 2063 moderatissimo
1870 2003 1939 2076 Q.
1974 2001 2181 2062 Mucio

114 2086 714 2161 magnificentissima
744 2087 1047 2149 aedilitate
1082 2088 1327 2149 functus
1359 2097 1484 2146 est:
1529 2082 1754 2145 deinde
1789 2085 1851 2144 C.
1891 2085 2181 2146 Claudius

114 2167 298 2243 Appii
322 2168 481 2230 filius
498 2218 513 2243 ,
547 2170 714 2231 multi
736 2178 897 2246 post,
922 2169 1173 2245 Luculli,
1199 2167 1565 2231 Hortensius
1582 2216 1598 2243 ,
1624 2168 1887 2229 Silanus.
1952 2167 2182 2230 Omnes

116 2257 315 2311 autem
347 2254 409 2312 Ρ.
446 2253 738 2314 Lentulus
791 2270 887 2314 me
922 2256 1177 2314 consule
1220 2251 1365 2313 vicit
1402 2253 1775 2327 superiores.
1863 2252 2042 2312 Hunc
2086 2261 2185 2314 est

113 2333 383 2395 Scaurus
432 2334 717 2397 imitatus.
804 2335 1409 2413 Magnificentissima
1459 2352 1611 2397 vero
1664 2333 1856 2396 nostri
1904 2335 2184 2413 Pompeii

112 2433 364 2477 munera
415 2421 692 2481 secundo
739 2422 1090 2481 consulatu:
1156 2420 1215 2480 in
1262 2419 1483 2497 quibus
1524 2418 1805 2479 omnibus
1851 2418 1997 2494 quid
2036 2419 2183 2480 mihi

111 2501 350 2574 placeat
384 2500 581 2565 vides.
670 2504 853 2564 xvll.
898 2503 998 2566 58.
1084 2503 1352 2564 Vitanda
1384 2510 1582 2564 tamen
1616 2501 1885 2579 suspicio
1917 2510 2016 2563 est
2037 2520 2182 2563 ava-

110 2581 300 2645 ritiae.
380 2586 688 2648 Mamerco
731 2586 962 2649 homini
1009 2586 1371 2649 divitissimo
1419 2585 1876 2661 praetermissio
1910 2586 2179 2648 aedilita-

108 2666 186 2726 tis
241 2671 596 2734 consulatus
654 2673 963 2748 repulsam
997 2670 1212 2732 attulit.
1288 2673 1419 2747 Qua
1468 2687 1536 2731 re
1585 2678 1677 2743 et,
1737 2669 1792 2731 si
1830 2671 2183 2746 postulatur

109 2767 144 2808 a
173 2755 434 2828 populo,
486 2754 666 2815 bonis
701 2753 848 2816 viris
896 2754 948 2816 si
982 2772 1103 2818 non
1151 2752 1674 2827 desiderantibuS,
1737 2762 1798 2815 at
1835 2760 2035 2815 tamen
2073 2771 2176 2830 ap·

110 2833 509 2908 probantibus
542 2837 883 2900 faciendum
916 2845 1038 2912 est,
1083 2839 1269 2900 modo
1300 2855 1413 2914 pro
1448 2837 1867 2912 facultatibus,
1909 2855 2027 2899 nos
2055 2837 2176 2914 ipsi

106 2924 175 2975 ut
218 2916 506 2994 fecimuS,
567 2930 656 2995 et,
719 2921 771 2983 si
820 2923 1066 2998 quando
1110 2922 1315 2998 aliqua
1358 2939 1461 2983 res
1512 2920 1705 2983 maior
1745 2929 1929 2998 atque
1970 2920 2178 2983 utilior

103 3002 384 3094 populari
448 2967 766 3081 largitione
827 3004 1187 3082 acquiritur,
1252 3011 1321 3066 ut
1394 3004 1592 3067 Oresti
1654 3023 1853 3082 nuper
1917 3005 2177 3082 prandia

107 3080 167 3142 in
222 3086 454 3148 semitis
512 3089 808 3149 decumae
874 3089 1119 3151 nomine
1180 3106 1400 3165 magno
1458 3087 1681 3150 honori
1738 3091 1997 3150 fuerunt.
2086 3091 2175 3150 Ne

106 3168 185 3226 M
241 3169 482 3244 quidem
538 3170 680 3231 Seio
733 3171 878 3232 vitio
933 3173 1139 3233 datum
1197 3179 1326 3247 est,
1389 3174 1556 3249 quod
1615 3174 1673 3233 in
1731 3173 1979 3234 caritate
2029 3190 2176 3235 asse

105 3251 373 3313 modium
405 3256 635 3331 populo
668 3254 866 3314 dedit.
909 3272 1129 3331 magna
1172 3256 1331 3317 enim
1364 3274 1434 3317 se
1475 3263 1536 3316 et
1576 3255 1912 3317 inveterata
1946 3255 2172 3317 invidia

108 3349 220 3393 nec
248 3336 408 3412 turpi
435 3335 697 3411 iactura,
759 3339 1004 3413 quando
1046 3347 1177 3400 erat
1216 3338 1458 3415 aedilis,
1508 3357 1624 3400 nec
1655 3339 1915 3400 maxima
1952 3338 2168 3400 libera-
