2381 3723
177 159 286 211 205
793 148 960 209 CAP.
990 159 1263 212 {za—24.
1306 159 1358 219 S.
1388 160 1655 213 81—85.
2140 151 2262 214 395

174 298 423 361 radices
476 298 537 359 in
591 300 795 360 animo
850 301 1182 377 praecipue
1232 300 1519 362 insident.
1608 301 1721 378 Qui
1770 320 1954 378 quum
2000 290 2267 366 humana

176 382 445 459 despicit
478 399 593 445 nec
623 384 703 443 ad
733 384 978 445 humilia
1007 385 1184 461 quasi
1219 385 1384 445 humi
1417 385 1757 460 depressus
1791 388 1915 449 ullo
1948 396 2131 464 pacto
2159 390 2263 449 ad·

174 468 512 541 haerescit,
573 465 749 527 facile
778 468 847 528 fit
879 475 950 529 ut·
981 470 1299 530 uberiores
1333 469 1798 530 etvmaturiores
1827 472 2060 534 fructus
2089 474 2262 544 ferat,

175 568 368 626 quum
399 551 480 612 ad
510 566 678 624 eum,
710 551 904 612 veluti
931 553 1023 612 ad¹
1042 570 1261 629 agrum
1283 550 1577 628 optimum
1610 553 1863 626 cultura,
1896 554 2064 616 ratio
2083 556 2263 617 etiam

175 634 519 696 accesserit
545 635 1079 712 conformatioque
1111 634 1447 697 doctrinae.
1522 637 1655 697 Non
1688 635 1849 699 enim
1880 655 2071 699 sensu
2097 639 2262 700 omni

176 718 416 779 doloris
446 718 724 781 caruisse
752 736 1032 781 summos
1059 720 1231 782 viros
1262 720 1638 781 credendum
1670 728 1787 781 est.
1860 722 2066 795 Qualis
2099 723 2261 783 enim

176 801 322 861 nihii
352 802 672 866 sentientis
702 802 891 865 animi
934 820 1286 880 sensusque
1328 820 1586 880 prorsus
1619 804 1892 866 carentis·
1919 823 2064 868 esse
2095 806 2259 867 torti-

173 886 326 948 tudo
356 884 708 962 potuisset?
750 885 874 948 Sed
920 888 1199 949 dolorem
1243 884 1578 948 sentientes
1613 889 1689 947 ad
1737 905 1877 949 eum
1910 889 2259 966 opprimen-

174 970 426 1034 dumac
453 969 824 1031 vincendum
855 987 1156 1032 summam
1185 971 1367 1032 animi
1400 971 1851 1032 contentionem
1886 972 2261 1033 adhibebant

170 1060 535 1130 tantumque
589 1054 966 1125 nitebantur,
1017 1062 1100 1116 ut„
1128 1073 1163 1116 e
1209 1071 1413 1132 pugna
1442 1054 1838 1134 discederent
1876 1056 2258 1132 superioreS.

171 1136 278 1200 84.
322 1139 552 1200 Verum
595 1137 757 1199 enim
804 1138 965 1201 iilud·
995 1148 1117 1211 est,
1175 1140 1402 1204 nullam
1444 1139 1650 1199 animo
1684 1138 1994 1200 maiorem·
2020 1147 2260 1216 pestem

171 1238 300 1282 una
327 1222 693 1286 remissione
723 1239 916 1298 posse
956 1213 1335 1319 contingere.
1410 1223 1524 1297 Qui
1554 1222 1608 1284 si
1636 1222 1905 1285 intentus
1939 1231 2052 1284 est
2049 1239 2262 1298 seque

171 1306 257 1365 ad
285 1306 700 1368 resistendum
741 1314 947 1382 parat,
1004 1308 1209 1369 omnia
1251 1306 1516 1368 sustinet
1556 1307 1868 1388 pondera,
1924 1306 2130 1368 omnia
2157 1310 2256 1366 vel

170 1389 526 1453 firmissima
577 1398 884 1452 tormenta
933 1391 1111 1452 facile
1167 1390 1420 1452 discutit
1472 1406 1546 1451 ac
1588 1381 1871 1466 depellit?
1933 1397 1997 1451 at
2046 1390 2258 1451 remis-

170 1474 352 1535 sione
395 1482 725 1536 enervatus
773 1482 836 1535 et
866 1474 1265 1537 'effeminatus
1311 1475 1396 1535 ita
1438 1474 1798 1551 deprimitur
1836 1481 1898 1535 et
1938 1481 2257 1551 urguetur,

175 1566 242 1619 ut
271 1575 342 1619 se
372 1559 451 1618 ad
486 1557 854 1634 aequitatem
888 1567 1157 1635 nequeat
1190 1561 1509 1621 extollere.
1582 1560 1708 1620 Nec
1738 1575 1891 1620 vero
1928 1559 2255 1635 quisquam

57 1720 63 1726 ⁸
169 1640 411 1704 doloris
440 1642 734 1719 impetum
767 1642 1056 1719 excipere
1100 1645 1182 1705 ac*
1206 1643 1461 1705 fortiter·
1474 1643 1714 1720 perpeti
1746 1649 1992 1719 posset,
2037 1642 2155 1704 nisi
2186 1658 2257 1702 se

172 1724 346 1801 prius
377 1727 461 1786 ad
491 1726 916 1788 obsistendum
958 1735 1414 1803 comparasset,
1469 1733 1575 1787 aut
1607 1726 2020 1789 fortitudinem
2050 1726 2255 1801 acqui·

171 1826 341 1883 rere,
395 1809 513 1873 nisi
549 1810 718 1887 prius
753 1810 1074 1874 doloribus
1119 1811 1323 1873 multis
1356 1810 1654 1872 acerrime
1682 1826 1756 1871 ac
1789 1810 2123 1872 fortissime
2165 1825 2252 1868 re-

169 1894 449 1956 stitisset.
534 1895 753 1956 XXIV.
793 1895 896 1956 85.
984 1898 1079 1956 Ex
1109 1913 1235 1971 quo
1267 1895 1657 1957 consuetudo
1703 1894 1796 1966 fit,
1841 1910 2000 1969 quae
2033 1894 2256 1952 callum

170 1977 437 2039 obducit
455 1979 659 2042 animo
689 1996 934 2055 nosque
959 1986 1174 2040 eontra
1199 1995 1415 2040 omnes
1440 1979 1538 2037 vel
1563 1984 1819 2038 naturae
1850 1979 1948 2036 vel
1971 1978 2256 2037 fortunae

166 2063 447 2138 impetus.
493 2072 706 2125 armat.
793 2067 892 2124 An
945 2079 1273 2124 censemus
1322 2063 1675 2138 Harpagum
1722 2061 1969 2121 Medum
2019 2065 2255 2119 tantum

170 2145 547 2209 fortitudinis
604 2149 986 2224 exemplum,
1047 2154 1341 2223 quantum
1399 2145 1476 2205 ab
1539 2144 1862 2205 Herodoto
1923 2140 2256 2203 memoriae

171 2230 530 2292 mandatum
574 2233 722 2304 est,
757 2233 948 2292 edere
987 2229 1302 2308 potuisse,
1353 2228 1472 2291 nisi
1515 2228 1686 2304 prius
1724 2227 1785 2288 in
1816 2225 2149 2304 patientiae
2184 2242 2256 2284 ac

171 2312 549 2377 fortitudinis
615 2315 1056 2377 exercitatione
1112 2312 1477 2391 saepissime
1532 2319 1822 2374 versatus
1875 2316 2076 2382 esset,
2142 2324 2255 2369 nec

170 2398 309 2460 sine
339 2399 604 2460 maximo
638 2400 875 2474 fructu,
922 2416 1267 2475 magnaque
1297 2398 1502 2475 potius
1533 2406 1673 2460 cum
1703 2393 1970 2457 nominis
2000 2393 2100 2456 sui
2127 2394 2257 2470 gio-

169 2482 302 2543 ria?
373 2485 634 2545 Tantum
676 2482 837 2544 enim
891 2481 1247 2545 fortitudine
1296 2498 1370 2541 ac
1416 2481 1744 2557 prudentia
1792 2477 2130 2557 praestitit,
2189 2484 2259 2537 ut

172 2567 634 2630 acerbissimam
685 2566 965 2628 iniuriam
1007 2565 1141 2628 sine
1181 2567 1308 2627 ullo
1360 2567 1561 2660 pla-ne
1592 2564 1825 2626 doloris
1879 2580 2073 2626 sensu
2120 2577 2258 2636 per·

172 2650 377 2712 tulerit
424 2659 489 2712 et
532 2668 700 2713 sese
727 2652 1033 2713 cumulate
1077 2657 1294 2712 contra
1342 2647 1518 2726 regis
1559 2646 1992 2706 immanitatem
2043 2642 2256 2704 ulcisci

173 2733 482 2811 potuerit.
548 2737 731 2810 Nam,
775 2753 960 2832 quum
995 2734 1135 2796 eius
1160 2734 1352 2794 filium
1380 2749 1491 2794 rex
1526 2733 1838 2808 Astyages
1868 2728 2256 2787 intersectum

170 2819 251 2879 ad
288 2821 664 2894 epulandum
708 2820 940 2896 apponi
968 2817 1258 2879 iussisset
1279 2824 1587 2893 caputque
1628 2813 1689 2874 ei
1719 2821 1864 2889 post
1905 2827 2119 2872 cenam
2151 2811 2258 2869 ad·
2295 2830 2301 2835 ·

171 2905 364 2965 iatum
413 2901 861 2973 ostendisset,
858 2919 1118 2979 rogans
1171 2900 1348 2963 cuius
1400 2901 1568 2959 ferae
1624 2916 1686 2956 v
1670 2913 1869 2958 secra
1922 2895 1981 2955 in
2040 2908 2259 2954 mensa

172 2987 578 3061 comedisset,
632 2987 735 3048 ille
769 3002 922 3047 vero
977 2986 1120 3046 nihil
1164 2982 1521 3060 perterritus
1564 2997 1681 3042 nec
1718 2980 1923 3041 animo
1967 2980 2151 3040 ullam
2196 2975 2257 3034 in

170 3073 413 3148 partem
445 3071 716 3133 deiecto.
794 3073 1117 3146 Agnosco,
1163 3067 1389 3144 inquit,
1438 3065 1584 3140 quid
1609 3065 1690 3127 sit
1711 3070 1910 3124 actum
1949 3078 2053 3133 ac,
2087 3059 2259 3136 quid-

170 3153 325 3231 quid
374 3154 508 3231 regi
558 3132 818 3232 placuit,
870 3152 1016 3229 mihi
1070 3168 1324 3249 quoque
1366 3152 1614 3248 placere
1668 3144 2036 3225 pronuncio.
2124 3144 2266 3204 Hoc

168 3247 378 3300 autem
426 3238 931 3301 immanissimum
973 3254 1172 3312 genus
1215 3234 1471 3296 iniuriae
1512 3239 1634 3293 tam
1679 3231 1784 3292 diu
1833 3225 2259 3298 dissimulavit,

169 3323 382 3398 quoad
415 3322 644 3400 Cyrum
679 3339 758 3385 ex
798 3319 1054 3383 Persia
1038 3338 1098 3380 ιιι
1130 3319 1393 3381 Mediam
1426 3332 1696 3379 evocare
1722 3313 1951 3391 potuit:
2000 3328 2124 3386 quo
2156 3311 2262 3370 ad·

169 3407 490 3480 veniente,
525 3424 714 3484 quum
746 3404 1058 3466 exercitus
1087 3403 1425 3478 imperator
1454 3407 1669 3464 contra
1700 3415 1839 3460 eum
1870 3413 1907 3456 a
1936 3410 2085 3471 rege
2114 3393 2257 3455 mis-

2201 3596 2247 3622 A
