2381 3723
117 90 244 155 392
538 91 845 153 INCERTI
875 89 1263 153 AUCTORIS
1299 90 1777 153 CONSOLATIO
2118 103 2237 158 202

116 247 401 322 exempla
423 243 557 307 sive
581 241 960 315 testimonia,
997 241 1425 319 negligamus?
1495 242 1651 319 Quid
1677 251 1774 303 est
1794 242 1961 304 aliud
1984 260 2220 307 caeco·

114 346 248 389 rum
279 345 451 391 more
482 328 799 389 ambulare
830 335 918 398 et,
963 343 1151 401 quum
1180 327 1241 387 in
1286 326 1642 388 celebritate
1675 327 1909 388 versari
1940 342 2020 389 ac
2049 330 2212 391 solis

113 411 340 474 lumine
370 411 458 475 uti
489 410 730 489 possis,
773 410 1164 472 solitudinem
1198 419 1397 472 tamen
1430 427 1503 472 ac
1531 410 1823 473 tenebras
1856 416 2214 486 quaerere?

113 498 240 557 Iam
269 496 427 557 enim
468 496 549 557 ad
581 512 725 568 eoa,
763 512 925 571 quos
967 496 1258 556 aemulari
1302 494 1497 556 satius
1545 502 1644 556 est
1686 511 1973 571 quosque
2016 497 2209 558 nobis

112 580 442 641 imitandos
505 578 840 656 proposuit
896 577 1260 654 antiquitas,
1325 587 1541 650 nostra
1606 579 1929 640 delabatur
1978 580 2206 642 oratio.

113 664 212 724 76.
255 664 517 726 Mortem
548 662 734 739 igitur
758 662 819 722 in
850 661 1025 724 malis
1061 664 1227 726 nullo
1261 664 1448 726 modo
1483 680 1626 725 esse
1654 664 2044 739 ponendam,
2084 666 2201 725 sed

110 747 170 807 in
214 746 565 824 praecipuis
614 746 799 808 bonis
839 748 1281 809 numerandam
1335 747 1750 809 dubitaturum
1802 753 1956 823 puto
2014 750 2197 809 nemi·

110 847 271 891 nem.
349 830 414 891 Si
445 831 605 892 enim
635 847 672 890 a
699 830 962 892 miseriis
995 831 1320 905 abstrahit,
1364 830 1417 892 si
1447 832 1506 892 in
1543 830 1860 892 meliorem
1892 830 2082 893 vitam
2113 834 2196 893 in·

112 914 309 989 ducit,
344 914 396 977 si
429 931 635 991 neque
659 913 886 976 misera
914 915 1053 992 ipsa
1081 921 1176 976 est
1205 932 1321 976 nec
1343 916 1523 977 ullius
1548 913 1860 992 particeps
1889 914 2192 989 miseriae,

112 1016 220 1059 cur
257 1001 415 1060 mala
444 1001 814 1061 censeatur?
886 999 995 1061 Sin
1025 999 1145 1059 hoc
1170 998 1456 1076 largitur,
1489 1008 1557 1061 ut
1589 998 1983 1076 sempiternis
2013 1000 2193 1062 bonis

111 1082 419 1159 potiamur
463 1082 805 1159 vitamque,
860 1100 1043 1159 quam
1089 1085 1409 1145 mortalem
1461 1083 1821 1156 habuimus,
1882 1091 2194 1145 aeternam

111 1166 556 1244 adipiscamur,
613 1166 759 1243 quid
802 1174 1000 1230 morte
1040 1166 1281 1229 beatius
1338 1184 1482 1230 esse
1527 1167 1767 1245 possit?
1834 1169 2050 1243 ltaque
2100 1185 2194 1228 sa·
2277 1191 2278 1194 ¹

110 1248 529 1327 pientissimus
572 1251 852 1313 homines
898 1251 1254 1329 accepimus
1296 1268 1422 1313 non
1453 1253 1641 1313 modo
1682 1268 1938 1312 suorum
1994 1260 2195 1313 morte

109 1351 234 1396 non
266 1337 594 1412 perculsos
620 1352 824 1412 neque
857 1336 1077 1397 dolore
1098 1338 1224 1397 ullo
1250 1336 1563 1409 adsectoS‚
1600 1336 1712 1396 sed
1745 1334 1928 1396 etiam
1957 1338 2194 1412 saepis·

111 1418 264 1481 sime
304 1423 566 1481 laetatos
609 1436 772 1481 esse.
843 1421 963 1481 ·77.
1006 1425 1422 1495 Anaxagorae
1466 1419 1626 1481 inter
1659 1419 1989 1480 familiares
2039 1437 2192 1481 suos

110 1503 189 1562 de
231 1510 449 1567 natura
481 1520 685 1564 rerum
728 1502 1057 1565 disserenti
1095 1503 1202 1564 filii
1233 1511 1494 1564 mortem
1533 1502 1877 1565 nunciatam
1924 1504 2191 1579 tradunt,

108 1585 381 1661 nihilque
412 1586 576 1647 aliud
610 1587 688 1646 ab
722 1603 798 1647 eo
837 1599 1211 1663 responsum
1241 1587 1361 1648 nisi
1392 1604 1462 1647 se
1499 1586 1665 1649 illum
1698 1586 1993 1663 genuisse
2032 1604 2187 1649 mor·

111 1672 311 1729 talem.
384 1669 706 1731 Praeclara
735 1687 886 1732 vero
919 1687 1048 1733 vox
1085 1679 1147 1732 et
1172 1687 1323 1731 vere
1355 1670 1571 1746 digna,
1604 1687 1764 1747 quae
1793 1688 1831 1731 a
1857 1678 2030 1732 tanto
2057 1670 2189 1733 viro

109 1754 506 1815 emitteretur.
580 1754 715 1815 Non
747 1754 908 1815 enim
952 1770 1105 1816 sane
1133 1754 1319 1815 video
1350 1755 1495 1830 quid
1532 1753 1870 1831 sapientius
1905 1763 2013 1815 aut
2046 1771 2189 1817 con·

111 1837 374 1900 stantius
406 1837 524 1900 dici
549 1837 771 1917 possit.
845 1842 943 1900 An
975 1840 1433 1902 adolescentem
1463 1838 1629 1900 illum
1669 1855 1814 1901 esse
1843 1841 2189 1901 mortuum?

109 1923 310 1985 Fracti
372 1924 494 1986 hoc
544 1922 725 1986 animi
779 1940 897 1985 nec
941 1923 1000 1984 in
1062 1924 1252 1985 rebus
1313 1923 1596 1985 adversis
1648 1923 1979 1986 admodum
2032 1923 2190 1984 firmi

110 2006 352 2083 signum
408 2006 649 2070 fuisset.
737 2010 834 2068 An
885 2007 1026 2084 angi
1076 2023 1225 2069 sese
1274 2024 1400 2069 non
1446 2024 1589 2081 sua,
1653 2007 1768 2068 sed
1810 2005 1917 2067 filii
1961 2009 2190 2068 causa?

107 2091 263 2151 Num
285 2091 469 2167 igitur
489 2094 780 2168 ignorare
809 2109 881 2154 se
904 2094 1199 2153 fateretur
1221 2090 1463 2168 quantis
1488 2107 1523 2152 e
1548 2089 1721 2152 malis
1744 2092 1998 2167 elapsus
2022 2100 2193 2153 esset

108 2173 311 2235 filius?
379 2178 482 2237 An
528 2192 599 2238 se
643 2176 892 2252 quidem
932 2177 1173 2249 dolere,
1221 2176 1336 2236 sed
1377 2183 1580 2236 tamen
1611 2175 1948 2236 humanum
1976 2191 2190 2237 casum

108 2261 493 2333 agnoscere?
561 2259 680 2321 Ubi
710 2275 859 2334 ergo
890 2259 1154 2321 hominis
1186 2259 1491 2334 gravitas,
1520 2257 1839 2331 iudicium,
1885 2259 2194 2336 sapientia

106 2348 210 2402 aut
264 2342 409 2417 quid
462 2343 539 2403 ab
590 2341 1012 2419 imperitorum
1057 2343 1234 2403 turba
1287 2342 1576 2404 distabit?
1627 2359 1662 2404 e
1716 2339 1941 2418 quibus
1982 2351 2191 2404 tamen

108 2440 300 2501 saepe
340 2426 509 2487 multi
556 2441 673 2487 nec
711 2425 788 2486 iis
818 2426 1007 2487 rebus
1051 2433 1398 2503 anguntur,
1444 2444 1606 2503 quae
1647 2425 2005 2488 necessario
2050 2443 2194 2486 eve·

105 2508 308 2581 niunt,
361 2524 478 2569 nec
520 2526 645 2585 quo
679 2508 876 2571 minus
910 2509 1224 2583 eveniant,
1286 2527 1474 2587 quum
1509 2526 1869 2572 communes
1901 2509 2193 2571 omnibus

106 2589 256 2666 sint,
289 2592 693 2655 laborandum
721 2595 847 2656 ullo
878 2602 1064 2672 pacto
1098 2601 1371 2655 censent.
1461 2593 1563 2655 78.
1606 2596 1714 2656 llle
1745 2610 1893 2654 vero
1931 2594 2192 2671 sapiens

106 2683 168 2736 et
196 2693 346 2738 vere
378 2677 822 2757 philosophus,
876 2694 1058 2755 quem
1097 2694 1302 2755 neque
1341 2677 1717 2756 improvisus
1756 2677 2018 2740 nuncius
2050 2693 2194 2755 per·

107 2759 253 2820 culit
281 2778 399 2822 nec
429 2779 467 2823 a
496 2762 912 2841 disputatione
941 2761 1224 2836 abduxit,
1282 2763 1398 2823 sed
1438 2762 1643 2839 potius
1674 2778 1898 2824 vocem
1930 2777 2193 2838 expres-

106 2843 184 2904 sit
235 2862 514 2906 summae
549 2847 812 2908 indicem
856 2843 1229 2908 fortitudinis
1273 2862 1348 2907 ac
1398 2845 1755 2922 sapientiae.
1841 2846 2085 2906 Vellem
2128 2855 2194 2906 et

105 2928 225 2988 hoc
253 2927 458 3005 ipsum
489 2931 568 2990 de
596 2930 873 3008 pluribus
905 2947 984 2991 ex
1016 2929 1247 2993 nostris
1281 2929 1488 2992 dicere
1519 2930 1757 2991 liceret:
1799 2944 1959 3005 quos
1983 2929 2191 3005 siqua

103 3010 409 3076 interdum
473 3016 755 3076 fortunae
823 3013 1138 3092 oppressit
1194 3013 1441 3088 iniuria,
1516 3013 1661 3074 nihil
1721 3013 1889 3075 aliud
1944 3011 2188 3074 iudices

107 3112 291 3170 quam
321 3105 670 3174 prostratos
703 3098 842 3160 illos
873 3114 947 3159 ac
986 3097 1235 3175 penitus
1264 3097 1540 3160 abiectos
1573 3114 1737 3159 esse.
1814 3096 2004 3173 Quasi
2030 3112 2187 3158 vero

105 3177 334 3252 aliquid
363 3182 685 3256 acciderit,
722 3183 892 3258 quod
914 3184 1015 3243 vel
1044 3190 1185 3243 ante
1219 3182 1397 3258 ipsos
1422 3181 1655 3243 nemini
1687 3190 1792 3243 aut
1812 3181 1984 3258 quod
2006 3179 2186 3256 ipsiS,

105 3259 159 3317 si
187 3261 387 3322 minus
433 3263 554 3323 hoc
587 3272 900 3339 tempore,
950 3267 1166 3325 saltem
1201 3265 1415 3343 paneis
1455 3272 1601 3340 post
1631 3265 1807 3326 annis
1842 3282 1968 3325 non
2000 3279 2186 3325 even·

106 3347 305 3399 turum
351 3343 547 3402 fuerit.
625 3348 752 3418 Ae,
814 3363 1002 3420 quum
1051 3349 1314 3409 maxime
1358 3347 1559 3409 animo
1611 3348 1818 3425 vigere
1864 3347 2185 3417 deberent,

1351 3577 1384 3587 ...-
