2381 3723
125 136 246 198 106
921 141 1022 200 DE
1068 124 1382 200 omens

118 297 289 351 sorte
332 297 441 352 aut
483 289 766 351 micando
816 282 1015 352 victus
1062 291 1239 351 alteri
1285 291 1467 352 cedet
1507 292 1707 351 alter!
1741 323 1823 336 —·
1868 283 2093 364 ‘Quid't‘
2136 290 2190 352 si

121 382 294 448 pater
338 377 481 435 fana
525 372 787 450 expuet,
836 376 1157 435 cuniculos
1204 380 1348 450 agat
1387 370 1466 435 ad
1509 374 1832 443 aerarium,
1879 373 2192 435 indicetne

119 460 177 520 id
223 458 679 534 magistratibus
737 457 971 519 filius?’
1061 459 1286 518 ‘Nefas
1343 458 1404 518 id
1450 458 1716 533 quidem.
1807 458 1959 533 Quin
2008 459 2190 519 etiam

117 544 408 604 defendat
449 551 706 618 patrem,
754 542 807 602 si
838 544 1171 618 arguatur?
1266 544 1426 604 ‘Non
1459 542 1641 616 igitur
1683 543 1882 618 patria
1914 550 2193 618 praestat

118 629 403 688 omnibus
454 625 745 687 offici-is?'
836 628 1050 688 ‘Immo
1096 641 1258 699 vero,
1306 626 1582 702 sedipsi
1615 627 1850 702 patriae
1895 628 2193 687 conducit

117 712 255 787 pios
301 711 752 771 haberecives
792 711 851 770 in
901 713 1242 787 parentes?
1289 743 1365 755 -—-
1433 711 1656 786 ‘ouidi
1701 712 1755 771 si
1798 711 2191 786 tyrannidem

117 795 565 870 occuparefsi
619 794 877 870 patri-am
936 797 1204 870 prodere
1259 795 1582 869 conabitur
1640 802 1841 871 pater,
1905 795 2192 855 silebitne

116 880 340 940 filius?
407 878 623 940 ‘Immo
671 895 825 955 vero
874 873 1227 940 obsecrabit
1275 886 1538 959 patrem,
1595 895 1672 939 ne
1722 878 1784 940 id
1822 879 2032 941 saciat.
2124 879 2192 940 Si

118 964 259 1035 nihil
309 962 609 1039 proficiet,
656 964 1003 1033 accusabit,
1051 962 1379 1024 minabitur
1431 965 1642 1030 etiam,
1698 963 1778 1022 ad
1825 970 2188 1034 extremum,

116 1049 169 1109 si
204 1050 283 1109 ad
314 1047 650 1124 perniciem
681 1048 919 1123 pat-riae
948 1063 1049 1108 res
1081 1048 1403 1124 spectabit,
1448 1048 1683 1123 patriae
1714 1050 1978 1108 salutem
2016 1056 2190 1108 ante·

114 1140 309 1209 ponet
338 1128 518 1194 saluti
564 1132 820 1215 patris!>
894 1133 995 1192 91.
1049 1131 1300 1206 Quaerit
1343 1132 1561 1202 etiam,
1592 1132 1670 1191 ‘si
1714 1132 1964 1206 sapiens
2010 1133 2187 1192 adul-

115 1218 350 1280 terinos
395 1234 682 1278 nummos
728 1216 1039 1293 acceperit
1080 1217 1451 1293 imprudens*
1483 1233 1598 1292 pro
1644 1214 1845 1287 boniS,
1897 1222 2084 1292 quum
2125 1216 2191 1277 id

118 1301 423 1376 rescierit,
470 1304 872 1362 soluturusne
929 1301 1007 1361 sit
1055 1308 1211 1373 e08,'
1243 1301 1295 1360 si
1341 1299 1440 1361 cui
1484 1301 1740 1370 debeat,
1788 1300 1903 1378 pro
1959 1300 2189 1362 bonis!

116 1389 425 1463 Diogenes
457 1387 557 1453 ait,
590 1385 908 1461 Antipater
938 1393 1137 1460 negat,
1174 1385 1272 1445 cui
1306 1384 1512 1460 potius
1543 1385 1880 1445 adsentior.
1920 1419 2005 1430 ——
2050 1386 2215 1461 ‘Qui-

117 1472 323 1532 vinum
371 1469 611 1544 rugiens
661 1469 891 1529 vendat
934 1470 1160 1539 scienS,
1209 1466 1514 1545 debeatne
1545 1467 1817 1529 dicere?
1883 1470 2041 1530 ‘Non
2086 1482 2192 1530 ne-

117 1557 331 1617 cesse’
401 1561 576 1628 putat
627 1553 966 1627 Diogenes,
1024 1554 1342 1629 Antipater
1399 1553 1551 1613 ‘viri
1607 1552 1788 1614 boni’
1857 1553 2189 1615 existimat.

115 1642 283 1701 Haec
327 1646 473 1698 sunt
517 1637 698 1710 quasi
744 1644 1153 1698 controversa
1197 1637 1330 1699 iura
1370 1637 1741 1709 Stoicorum.
1829 1641 1916 1700 ‘in
1956 1640 2190 1699 manci·

114 1724 219 1800 pio
269 1722 597 1782 vendendo
644 1720 989 1782 dicendane
1031 1721 1195 1795 vitia,
1241 1738 1504 1793 nonea,
1537 1724 1724 1797 ‘quae
1769 1721 1886 1782 nisi
1932 1722 2187 1797 dixeriS,

114 1807 513 1869 redhibeatur
563 1805 935 1882 mancipium
987 1804 1119 1868 iure
1176 1806 1367 1877 civili,
1427 1806 1553 1868 sed
1585 1807 1769 1878 haec,
1827 1807 2194 1868 mendacem

117 1909 289 1966 esse,
335 1895 707 1964 aleatorem,
753 1892 1058 1962 furacem,
1106 1892 1488 1953 ebriosum?
1561 1891 1755 1952 Alteri
1801 1889 2064 1953 dicenda
2108 1894 2191 1954 vi-

116 1981 359 2051 dentur,
406 1976 583 2046 alteri
627 1993 751 2037 non
796 1977 1139 2037 videnturs
1193 1975 1294 2037 92.
1341 1975 1431 2037 ‘Si
1477 1975 1614 2051 quis
1645 1991 1860 2037 aurum
1903 1978 2190 2037 vendens

118 2064 492 2125 orichalcum
537 2078 609 2124 se
639 2070 815 2136 putet
849 2062 1137 2133 vendere,
1187 2061 1495 2123 indicetne
1526 2060 1578 2120 ei
1615 2058 1706 2121 vir
1735 2061 1935 2123 bonus
1971 2079 2199 2122 aurum

118 2149 265 2208 illud
299 2163 461 2217 esse,
508 2163 585 2206 an
618 2154 782 2206 emat
826 2146 1080 2207 denario
1117 2146 1288 2222 quod
1316 2145 1399 2206 sit
1427 2144 1592 2204 mille
1620 2142 2002 2206 denarium?
2050 2146 2194 2206 Per-

116 2232 401 2308 spicuum
448 2237 544 2291 est
586 2229 707 2289 iam
754 2237 815 2289 et
860 2229 1007 2304 quid
1053 2227 1199 2291 mihi
1250 2230 1530 2290 videatur
1585 2236 1644 2289 et
1689 2246 1849 2303 quae
1900 2232 1981 2290 sit
2033 2230 2196 2340 inter

117 2332 230 2376 eos
275 2314 717 2390 philosophOS,
768 2330 934 2398 quos
974 2314 1317 2383 nominavi,
1367 2314 1816 2374 controversia.
2062 2341 2067 2344 Δ

242 2399 458 2459 XXIV
503 2399 687 2459 Pacta
720 2405 780 2457 et
813 2399 1123 2473 promissa
1154 2413 1486 2474 semperne
1516 2378 1826 2459 servan'da
1851 2398 1992 2470 sint,
2028 2415 2191 2469 QUAE

115 2500 226 2542 Nssc
270 2499 339 2541 VI
379 2497 493 2541 NEC
535 2497 691 2543 noto
736 2496 923 2555 ΜΑιο,
968 2489 1038 2544 ut
1068 2491 1393 2580 praetores
1424 2484 1648 2555 solent,
1695 2499 1886 2545 FACTA
1917 2498 2070 2544 smr.
2115 2520 2187 2528 —

119 2568 183 2629 Si
232 2567 371 2643 quis
415 2566 928 2628 medicamentum
986 2567 1252 2643 cuipiam
1306 2566 1547 2628 dederit
1599 2568 1689 2628 ad
1725 2584 1947 2644 aquam
2005 2567 2193 2629 inter-

118 2661 319 2714 cutem
350 2652 803 2729 pepigeritque,
849 2652 903 2713 si
939 2667 1015 2712 eo
1050 2652 1507 2730 medicamento
1544 2667 1734 2712 sanus
1770 2652 1970 2713 factus
2002 2661 2191 2724 esset,

117 2755 197 2799 ne
240 2737 342 2799 illo
389 2738 837 2799 medicamento
881 2752 1195 2824 umquam
1206 2742 1427 2812 postea
1465 2739 1759 2807 uteretur,
1808 2736 1864 2797 si
1896 2752 1971 2797 eo
2004 2735 2192 2797 medi

117 2829 401 2883 camento
435 2838 627 2882 sanus
661 2823 861 2882 sactus
902 2822 982 2882 sit
1014 2829 1073 2882 et
1112 2820 1290 2881 annis
1333 2820 1581 2896 aliquot
1614 2829 1777 2896 post
1805 2819 2088 2882 inciderit
2133 2821 2194 2881 in

118 2907 402 2967 eumdem
447 2906 730 2966 morbum
772 2922 903 2971 nec.
940 2906 1170 2978 abeo,
1221 2904 1484 2980 quicum’
1507 2906 1858 2981 pepigerat.
1907 2904 2197 2981 impetret

121 3000 183 3052 ut
226 2992 371 3068 item
423 3005 512 3049 eo
559 2990 742 3051 iiceat
796 2990 950 3068 uti‚f
973 2989 1117 3065 quid
1172 2988 1523 3050 faciendum
1571 2987 1683 3049 sitss'
1759 2990 1957 3065 Quum
2011 2990 2096 3059 sit
2139 2989 2194 3050 is

116 3075 517 3144 inhumanus,
567 3071 673 3150 q'ui
718 3090 842 3136 non
878 3074 1211 3145 concedat,
1262 3090 1379 3134 nec
1419 3073 1476 3133 ei
1519 3073 1856 3151 quidquam
1900 3074 2008 3134 fiat
2040 3073 2195 3134 iniu-

115 3160 262 3231 riae,
311 3160 478 3220 vitae
508 3165 571 3218 et
600 3159 785 3230 saluti
831 3159 1305 3220 consulendum.
1336 3192 1422 3203 -—-
1466 3157 1566 3219 93.
1615 3158 1817 3233 Quid?
1862 3158 1916 3219 si
1961 3158 2068 3234 qui
2098 3176 2195 3219 sa

117 3243 295 3316 piens
326 3249 583 3326 rogatus
616 3242 696 3302 sit
739 3241 816 3300 ab
847 3258 943 3311 eo,
992 3241 1097 3316 qui
1129 3258 1270 3303 eum
1302 3242 1594 3303 heredem
1630 3241 1842 3313 faciat,
1890 3245 2107 3317 ‘quum
2139 3243 2197 3303 ei
2230 3263 2235 3269 ·

119 3317 483 3385 testamento
544 3323 897 3385 sestertium
953 3326 1196 3386 miliens
1240 3324 1669 3402 relinquatur,
1707 3334 1775 3387 ut
1818 3333 1962 3388 ante
2009 3331 2207 3402 quam'

117 3407 517 3467 hereditatem
564 3409 772 3481 adeat,
820 3411 959 3469 luce
1012 3412 1221 3486 palam
1271 3409 1330 3470 in
1378 3410 1514 3471 foro
1572 3405 1809 3483 saltet’,
1868 3410 2063 3486 idque
2123 3417 2196 3473 se
