2381 3723
133 130 206 181 25
923 120 1419 183 FRAGMENTA.
2080 123 2202 188 215

668 293 803 332 POST
844 294 920 331 XX
963 292 1169 340 vssnsus
1208 293 1250 332 A
1289 294 1673 333 PRAECEDEN‘H.

263 366 321 426 5..
379 366 576 443 Quid?
642 372 982 432 avunculus
1032 377 1208 443 tuuS‚
1263 370 1636 438 clarissimus
1687 372 1810 445 vir,
1865 371 2200 434 clarissimo

137 457 341 524 patre,
396 467 547 524 avo,
593 452 958 527 maioribuS,
1009 454 1231 527 credo,
1280 454 1550 529 silentio,
1595 457 1837 515 favente
1868 454 2201 528 nobilitate,

136 534 302 594 nullo
365 532 777 597 intercessore
843 543 1198 613 comparato
1270 538 1501 613 populo
1567 540 1845 600 Romano
1919 538 2086 599 dedit
2145 546 2205 599 et

135 617 701 688 potentissimorum
747 620 1060 681 hominum
1120 619 1391 695 collegiis
1445 620 1662 697 eripuit
1713 621 2201 698 cooptandorum

135 701 528 762 sacerdotum
562 710 929 777 potestatem
946 706 975 763 ’ἰ
1038 717 1144 784 [As
1158 733 1225 769 co
1241 734 1273 767 n
1288 720 1346 769 iu
1361 719 1430 785 s.]

1029 835 1308 883 stom-run.

266 908 325 970 6.
368 910 561 985 Quid?
606 911 766 971 idem
802 911 1095 973 Domitius
1133 914 1216 972 Μ.
1250 912 1548 985 Silanum,
1587 914 1973 973 consularem
2012 912 2197 974 homi-

138 1008 310 1065 nem,
343 1010 523 1068 quem
558 995 635 1054 ad
670 995 917 1056 modum
952 995 1233 1056 tribunus
1267 995 1464 1071 plebis
1500 994 1784 1054 vexavit?
1818 1009 2020 1077 [luem]

267 1078 327 1137 7.
375 1121 856 1138 ............
903 1079 1056 1138 haec
1097 1085 1198 1139 est
1247 1078 1667 1140 controversia
1716 1077 1849 1138 eius
1892 1078 2085 1150 modi,
2134 1084 2203 1137 ut

140 1174 287 1236 mihi
336 1216 601 1233 .......
614 1220 643 1233 ,.
671 1218 685 1233 .
713 1219 727 1233 .
769 1174 1048 1235 tribunus
1103 1173 1298 1250 plebis
1344 1177 1447 1235 Cn.
1494 1174 1823 1246 DomitiuS‚
1881 1174 2090 1233 Catulo
2124 1173 2202 1231 M.

135 1255 458 1333 Terpolius
521 1258 1111 1333 contemptissimum
1181 1275 1404 1319 nomen
1466 1258 1725 1318 eiectum
1785 1273 1927 1316 esse
1981 1273 2058 1316 ex
2111 1255 2203 1328 iis,

140 1340 247 1419 qui
281 1339 502 1401 tribuni
531 1342 614 1417 pl.
652 1342 913 1402 fuerunt.
985 1357 1192 1425 [mem]
1925 1356 1930 1360 ’

269 1424 327 1485 8.
372 1426 585 1498 Neque
607 1442 703 1485 me
735 1425 978 1486 divitiae
1000 1433 1273 1500 movent,
1305 1425 1525 1499 quibus
1551 1440 1764 1485 omnes
1783 1419 2118 1482 *Africanos
2144 1429 2207 1481 et

138 1508 381 1571 Laelios
405 1507 573 1568 multi
603 1507 881 1568 venalicii
914 1513 1415 1585 mercatoresque
1448 1514 1843 1584 superarunt,
1877 1513 2081 1579 neque
2104 1518 2216 1565 ve:

54 1597 75 1616 “
140 1593 256 1653 stis
289 1597 392 1651 aut
434 1592 729 1652 caelatum
761 1609 985 1654 aurum
1019 1601 1081 1654 et
1104 1600 1451 1668 argentum,
1508 1608 1629 1666 quo
1667 1598 1918 1650 nostros
1962 1595 2204 1648 veteres

140 1676 466 1736 Marcellos
489 1674 914 1751 MaXimosque
938 1676 1107 1756 multi
1131 1675 1391 1744 eunuchi
1414 1691 1449 1735 e
1482 1673 1661 1751 Syria
1682 1675 2098 1750 Aegyptoque
2127 1670 2207 1731 vi·

143 1765 375 1829 cerunt,
405 1774 606 1833 neque
632 1775 780 1819 vero
819 1767 1176 1821 ornamenta
1205 1760 1321 1820 ista
1352 1758 1655 1830 villarum,
1696 1756 1917 1832 quibus
1938 1756 2003 1813 L.
2034 1756 2207 1816 Paul·

143 1844 264 1902 lum
290 1850 351 1903 et
373 1840 724 1902 Mummium
741 1889 756 1914 ‚
788 1841 890 1918 qui
907 1844 1094 1905 rebus
1118 1843 1212 1904 his
1238 1843 1445 1904 urbem
1470 1841 1825 1915 Italiamque
1846 1854 2088 1900 omnem
2111 1854 2206 1898 re-

142 1928 464 2021 ferserunt,
493 1925 570 1984 ab
594 1926 799 2001 aliquo
822 1926 1005 1988 video
1029 1926 1319 2002 perfacile
1348 1924 1591 1985 Deliaco
1615 1930 1721 1983 aut
1742 1923 1902 1999 Syro
1928 1920 2208 1996 potuisse

140 2026 441 2084 superam·
516 2026 768 2092 [Cicero
796 2034 921 2093 orat.
953 2043 1064 2092 cap.
1093 2029 1178 2080 70.
1218 2029 1267 2090 S.
1288 2027 1407 2079 232.
1480 2018 1971 2085 Quinctilianus
1996 2021 2085 2070 lib.
2113 2021 2202 2070 IX.

139 2106 258 2157 cap·
294 2095 346 2145 4.
381 2095 538 2153 §.14.
607 2095 848 2146 Nonius
884 2111 937 2161 p.
968 2097 1085 2151 188.
1158 2096 1540 2146 Priscianus
1573 2093 1661 2142 lib.
1689 2092 1755 2144 X.
1796 2104 1906 2154 cap.
1929 2088 1981 2142 9.
2021 2087 2205 2152 §.49.]

270 2159 326 2220 9·
373 2162 520 2236 Quis
544 2169 668 2224 tam
688 2164 1010 2225 abundans
1034 2163 1251 2240 copiis.
1291 2178 1685 2244 [Priscianus
1710 2175 1795 2228 lib.
1817 2173 1999 2223 xvm.
2022 2187 2134 2236 cap.
2155 2173 2205 2223 2.

140 2247 190 2307 §-
214 2245 297 2298 19.
356 2246 639 2299 Arusian
655 2262 723 2296 us
748 2249 792 2297 M
810 2249 1025 2298 essius
1051 2246 1285 2313 Exempl.
1309 2247 1490 2298 elocut.
1511 2244 1704 2310 p..487.
1728 2259 1780 2309 p.
1802 2241 1923 2294 209.
1947 2237 2203 2304 Lindem.]

275 2327 372 2387 10.
424 2328 548 2389 Das
587 2328 743 2389 enim
793 2329 932 2389 mihi
966 2336 1333 2407 potestatem
1386 2345 1526 2400 eOS‚
1584 2324 1844 2402 quitum
1885 2324 2213 2384 adfuerunt

145 2411 457 2484 Cornelio,
512 2411 884 2479 nominandi.
966 2426 1353 2493 [Arusianus
1399 2424 1673 2475 Messius
1730 2421 1966 2486 Exempl.
2024 2420 2204 2471 elocut.

142 2509 197 2560 p.
239 2494 361 2545 492.
399 2511 450 2561 p.
488 2496 609 2550 213.
647 2496 902 2576 undem]

275 2563 372 2622 11.
412 2564 646 2637 Facite,
679 2572 748 2625 ut
776 2562 1002 2636 facitiS,
1037 2563 1140 2639 qui
1164 2564 1245 2623 ad
1276 2578 1523 2622 causam
1548 2559 1800 2620 adestis.
1870 2571 2037 2638 [luem
2084 2573 2210 2624 ibid.

144 2661 194 2710 p.
231 2646 352 2698 493.
389 2663 440 2713 p.
480 2649 600 2700 213.
634 2645 890 2708 Lindem.]

275 2713 371 2775 12.
431 2715 556 2776 Sed
584 2716 661 2775 ad
690 2715 904 2779 urbem
939 2715 1171 2775 dierum
1206 2712 1383 2774 fuerit
1408 2711 1521 2772 iter
1552 2707 1973 2784 complurium.
2049 2722 2210 2789 [idem

144 2798 270 2850 ibid.
310 2813 362 2861 p.
400 2798 519 2851 496.
559 2814 613 2864 p,
647 2800 766 2851 215.
806 2798 1059 2863 Lindem.]
1886 2857 1898 2871 ·
2091 2857 2104 2870 ‚
2139 2856 2151 2870 ,

272 2865 368 2926 13.
415 2866 481 2928 Si
505 2884 620 2928 vos
644 2866 826 2929 huius
850 2870 1128 2929 fortunas
1160 2879 1495 2941 paucorum
1520 2859 1662 2923 odio
1696 2859 2212 2920 adiudicaverltls.

144 2948 312 3015 [Idem
334 2950 460 3004 ibid.
479 2966 531 3016 p.
554 2953 674 3005 497.
696 2967 748 3016 p.
777 2952 894 3003 216.
928 2949 1185 3015 Lindem]
1260 2947 1414 3010 (Haec
1445 2947 1544 2996 duo
1580 2945 1862 3010 fragmenta
1892 2943 2005 2993 cod·
2044 2940 2209 2993 Guelf.

144 3020 442 3070 auctoritate
474 3022 541 3070 ad
576 3034 652 3071 or.
686 3021 734 3070 1.
774 3021 1040 3070 referenda
1077 3014 1258 3081 erant.)
1679 3024 1684 3027 “

276 3101 372 3161 14.
427 3100 580 3175 Quid
622 3101 784 3163 enim
835 3099 978 3162 mihi
1022 3107 1327 3162 certamen
1378 3103 1475 3158 est
1515 3111 1652 3155 cum
1698 3100 2058 3154 accusatore
2112 3099 2214 3151 aut

144 3183 497 3245 contentio?
574 3200 738 3268 [mem
775 3201 900 3252 ibid.
936 3216 991 3265 p.
1027 3199 1146 3252 500.
1187 3213 1239 3263 p.
1278 3195 1399 3247 218.
1437 3191 1696 3258 munem]

273 3283 371 3342 15.
420 3283 613 3358 Quam
654 3281 975 3359 diligentes
1006 3279 1301 3342 libertatis
1339 3295 1454 3339 vos
1485 3281 1770 3354 oporteat
1811 3287 1975 3333 esse.
2053 3286 2216 3352 [mem

145 3367 268 3419 ibid.
309 3381 363 3433 p.
401 3367 502 3418 511
563 3382 616 3432 p.
655 3367 772 3417 226.
809 3362 1065 3429 mnam]
