2381 3723
116 108 245 170 410
537 107 615 165 IN
619 105 844 166 CERTI
873 102 1262 169 AUCTORIS
1297 100 1775 163 CONSOLATIO
2106 110 2208 168 220

115 259 300 318 terire
348 265 453 318 aut
497 274 574 317 ex
623 274 744 330 quo
790 254 1000 330 egredi
1046 254 1270 314 nemini
1313 254 1522 324 liceat,
1566 251 1656 312 sic
1689 251 1840 311 illud
1872 252 2210 313 adfirmare

114 357 297 402 nemo
343 340 573 417 possit,
619 339 899 399 eumdem
941 339 1223 399 omnibus
1262 338 1603 412 eademque
1632 336 1788 396 hora
1816 335 1986 397 vitae
2017 338 2207 397 finem

112 424 490 501 impendere.
897 428 904 435 ’
1769 448 1773 451 ⁴

236 510 382 569 XLI.
436 509 574 570 140.
665 508 842 580 Quod
885 506 938 567 si
969 522 1480 582 agnosceremus,
1519 503 1663 564 nihil
1699 520 1853 565 sane
1889 511 2067 565 esset
2100 522 2207 565 cur

114 590 344 654 homini
401 590 788 667 prudentiam
809 638 822 662 ‚
882 589 1374 665 temperantiam,
1429 587 1716 665 pietatem
1765 588 2204 649 tribueremus,

111 678 283 751 Quae
313 691 528 735 omnes
558 676 739 749 plane
760 675 1018 735 virtutes
1036 722 1050 748 ,
1084 675 1136 734 si
1159 676 1279 733 hoc
1304 679 1826 748 consequeretur,
1857 689 1985 734 non
2014 673 2204 733 modo

110 758 388 829 inutiles,
438 757 551 817 sed
583 756 830 833 penitus
868 757 1083 818 inanes
1114 758 1490 818 viderentur.
1579 756 1699 817 Cur
1733 755 1894 817 enim
1928 758 2205 832 pruden-

107 843 194 904 tia
223 848 501 903 uteretur
544 842 764 913 homo,
813 857 923 902 cur
952 841 1346 914 abstinentia,
1394 857 1503 902 cur
1537 840 1967 914 temperantia,
2014 840 2070 901 si
2098 856 2204 901 eo-

110 928 252 987 dem
286 943 410 1001 quo
443 925 663 1001 reliqui
694 942 910 998 omnes
946 925 1240 1002 temporis
1271 928 1472 1000 spatio
1508 924 1691 985 vitam
1722 932 1891 985 esset
1911 924 2202 984 termina·

110 1011 330 1071 turus?
390 1011 469 1071 Ut
492 1009 750 1084 diutiuS,
783 1009 986 1083 inquis
1006 1057 1021 1083 ,
1052 1008 1243 1069 vitam
1266 1009 1613 1085 producere
1633 1008 1863 1069 liceret.
1922 1008 2067 1067 141.
2098 1012 2198 1078 At,

113 1097 163 1154 si
199 1093 360 1153 vitae
396 1092 692 1154 terminus
727 1093 926 1155 fatalis
959 1103 1085 1166 est,
1130 1111 1209 1154 ne
1240 1092 1543 1153 immutari
1567 1092 1822 1168 quidem
1859 1108 2058 1166 posse
2096 1108 2200 1152 ne-

114 1194 294 1238 cesse
343 1185 455 1237 est.
547 1177 653 1238 Sin
699 1178 1084 1238 voluntarius
1127 1185 1190 1238 et
1237 1177 1296 1236 in
1339 1176 1602 1238 hominis
1647 1175 1892 1237 arbitrio
1933 1176 2200 1252 positus,

108 1261 253 1320 nihil
284 1270 382 1321 est
412 1278 523 1321 cur
552 1262 835 1322 eumdem
869 1262 1155 1323 omnibus
1185 1278 1220 1320 a
1259 1262 1378 1321 deo
1417 1260 1814 1322 constitutum
1847 1275 1991 1320 esse
2034 1260 2201 1335 quis-

110 1362 293 1419 quam
332 1345 634 1406 adfirmet.
725 1345 850 1406 Sed
888 1348 967 1406 de
1010 1346 1105 1407 his
1138 1352 1366 1406 statuat
1397 1362 1559 1405 unus
1592 1343 1884 1420 quisque,
1928 1350 1998 1404 ut
2028 1344 2198 1405 libet.

110 1429 266 1503 Quid
311 1436 512 1490 autem
560 1429 766 1490 verius
811 1429 890 1490 sit
932 1429 1086 1490 deus
1135 1428 1270 1504 ipse
1311 1427 1560 1501 viderit,
1608 1428 1915 1489 hominem
1948 1427 2197 1503 quidem

111 1513 272 1572 scire
303 1513 568 1573 arbitror
597 1512 920 1573 neminem.
994 1513 1128 1573 Stet
1158 1512 1346 1573 modo
1370 1512 1550 1575 nobis
1573 1512 1754 1592 illud,
1789 1511 2024 1573 doloris
2052 1528 2198 1573 esse

111 1594 257 1654 nihil
303 1594 363 1653 in
411 1602 636 1667 morte,
680 1595 830 1658 boni
873 1602 1076 1656 autem
1117 1603 1355 1656 tantum
1400 1612 1479 1655 ex
1517 1612 1593 1656 ea
1626 1596 1704 1656 ad
1737 1594 2019 1656 homines
2058 1611 2197 1671 per·

106 1693 386 1752 manare,
435 1685 726 1752 quantum
757 1694 1010 1753 sperare
1036 1679 1204 1739 multi
1232 1679 1504 1755 possint,
1551 1678 1920 1755 cogitatione
1945 1678 2194 1755 quidem

108 1763 490 1837 adsequatur
510 1777 714 1823 nemo.
774 1764 989 1837 ltaque
1011 1762 1132 1823 hoc
1155 1762 1447 1825 divinitus
1470 1762 1821 1824 hominibus
1842 1763 2052 1825 datum
2078 1773 2192 1833 est,

109 1855 192 1920 ut,
215 1845 501 1923 quotiens
523 1846 768 1909 molesti
788 1845 1016 1922 aliquid
1038 1846 1450 1924 experiantur,
1463 1851 1594 1909 tum
1619 1856 1875 1909 mortem
1896 1854 2195 1922 exoptent

108 1948 184 1991 ac
232 1930 396 1992 votis
443 1929 622 1992 etiam
658 1931 979 2008 conceptis
1017 1948 1210 2009 saepe
1249 1932 1596 2009 implorent.
1682 1931 1838 2005 Quid
1871 1931 1997 1992 ita?
2048 1931 2192 2006 quia

105 2014 332 2075 bonam
372 2015 709 2092 utilemque
751 2032 895 2077 esse
927 2022 1184 2076 mortem
1224 2023 1529 2091 coguntur
1562 2031 1936 2092 agnoscere,
1971 2016 2192 2075 malam

103 2105 312 2158 autem
341 2105 448 2159 aut
472 2098 755 2160 acerbam
788 2116 932 2161 esse
961 2117 1295 2176 numquam
1326 2117 1519 2176 posse
1548 2099 1777 2160 homini
1803 2115 1840 2159 a
1860 2106 2079 2160 natura
2103 2098 2190 2158 in·

106 2182 290 2242 situm
321 2190 438 2244 est.
533 2181 670 2242 142.
716 2186 931 2259 Itaque
955 2184 1173 2245 dolore
1205 2184 1472 2260 perculsi
1501 2190 1759 2244 mortem
1789 2183 2188 2260 imploramus

106 2272 371 2341 eamque
402 2282 585 2326 unam
617 2273 686 2327 ut
714 2266 1096 2328 miseriarum
1125 2270 1551 2344 malorumque
1580 2265 1902 2329 terminum
1933 2274 2189 2342 exopta-

108 2366 266 2410 mus.
354 2351 669 2410 Admonet
712 2365 809 2409 me
848 2352 1024 2410 locus
1064 2359 1159 2423 ut,
1222 2369 1408 2426 quum
1456 2352 1758 2412 neminem
1804 2351 1945 2428 ipsa
1993 2358 2187 2411 morte

105 2447 328 2506 magno
359 2449 551 2507 opere
580 2433 964 2494 commoveri
996 2434 1584 2510 debereprobatum
1612 2435 1714 2508 sit,
1755 2434 1829 2496 iis
1854 2434 2187 2511 praecipue
2255 2510 2262 2517 ὑ

103 2516 441 2576 dolendum
484 2515 630 2576 nihil
671 2533 814 2578 esse
844 2519 1245 2591 contendam,
1293 2535 1456 2594 quos
1486 2537 1655 2581 mors
1688 2536 1827 2580 cum
1861 2520 2048 2579 laude
2080 2534 2188 2593 op·

104 2599 292 2675 petita
324 2600 634 2661 consolari
666 2609 892 2678 potest.
983 2602 1145 2664 Satis
1171 2603 1333 2664 enim
1358 2604 1462 2666 diu
1486 2603 1715 2665 vixisse
1744 2603 2002 2680 putandi
2024 2609 2186 2674 sunt,

104 2683 209 2757 qui
243 2683 423 2745 vitam
464 2685 728 2749 honeste
773 2689 1142 2749 clauserunt.
1231 2688 1629 2763 Eosdemque
1662 2704 1699 2749 e
1727 2686 1854 2747 vita
1885 2687 2187 2748 abeuntes

103 2783 227 2827 non
269 2770 458 2830 modo
499 2771 666 2844 laus,
712 2773 824 2832 sed
869 2771 1049 2831 etiam
1084 2778 1383 2849 perpetua
1419 2775 1704 2846 voluptas
1737 2770 2189 2847 delectatioque

104 2853 525 2928 prosequitur.
616 2854 784 2928 Quae
823 2872 976 2916 sane
1017 2872 1091 2917 eo
1138 2855 1335 2917 maior
1374 2854 1433 2916 in
1483 2855 1687 2917 animo
1730 2854 1959 2916 exoriri
1993 2871 2067 2915 ac
2101 2854 2187 2914 vi·

98 2952 252 3010 gere
298 2938 491 3010 solet,
551 2954 676 3013 quo
723 2939 903 3000 latior
956 2939 1213 3001 alicuius
1261 2942 1321 3001 in
1370 2941 1634 3002 colendo
1683 2939 1888 3001 officio
1937 2938 2186 3015 vitaque

105 3019 367 3082 honeste
392 3022 676 3082 ducenda
697 3023 968 3084 manavit
994 3023 1313 3085 industria.
1398 3023 1535 3084 143.
1574 3026 1749 3086 Certe
1772 3022 1963 3097 enim,
1999 3039 2185 3098 quum

103 3103 184 3161 ad
218 3114 387 3166 recle
421 3107 726 3180 agendum
769 3114 947 3169 natus
981 3108 1168 3171 homo
1208 3108 1313 3181 sit,
1357 3108 1625 3184 ideoque
1654 3107 1875 3169 mentis
1907 3115 1970 3168 et
2003 3106 2186 3168 ratio·

105 3186 201 3244 nis
245 3205 526 3248 munere·
538 3206 688 3265 prae
730 3191 989 3252 caeteris
1021 3192 1430 3253 animantibus
1461 3199 1716 3253 ornatus
1747 3200 1935 3267 atque
1960 3190 2185 3253 instru-

106 3274 270 3361 ctus,
316 3271 481 3328 unde
516 3272 724 3344 potius
757 3273 998 3334 laudem
1039 3289 1112 3334 ac
1140 3277 1519 3350 voluptatem
1560 3292 1743 3352 quam
1786 3277 1863 3335 ab
1902 3274 2182 3337 honestis

104 3349 447 3408 actionibus
504 3356 722 3424 petat?
819 3359 917 3414 An
970 3358 1134 3417 unde
1163 3359 1386 3420 'ortum
1441 3359 1683 3419 duxerit
1735 3358 2184 3421 obliviscatur?
