2381 3723
191 168 289 226 227
761 158 930 219 CAP.
960 167 1226 222 46—48.
1271 167 1322 228 s.
1355 168 1691 223 158—165.
2142 160 2265 225 417

193 313 397 392 potius
444 312 522 372 ad
565 311 744 370 aliam
787 312 977 372 multo
1019 309 1350 371 feliciorem
1381 310 1567 371 vitam
1594 310 1698 385 iis,
1744 310 1849 387 qui
1882 316 2051 372 recte
2082 311 2270 373 vixis-

195 404 360 470 sent,
415 397 634 455 ducem
680 392 973 470 optimam
1018 396 1224 456 solere
1272 393 1593 456 exsistere.
1684 392 2066 471 Quicumque
2106 396 2268 456 enim

194 478 633 543 convenienter
682 484 937 537 naturae
976 477 1242 538 vixerint
1285 494 1401 538 nec
1442 477 1604 538 illam
1656 479 1852 539 secuti
1906 477 2027 539 sint
2072 481 2268 539 malae

193 560 651 626 consuetudinis
695 563 1131 637 corruptelam,
1190 577 1351 636 quae
1401 562 1689 623 divinitus
1740 563 1919 623 datos
1964 562 2267 637 igniculos

193 645 522 721 exstinguit
547 644 818 720 vitiaque
857 644 1048 720 gignit
1082 653 1144 705 et
1186 645 1515 706 confirmat
1542 645 1775 721 omnia,
1820 663 1932 708 eos
1965 654 2027 706 et
2058 647 2268 706 viven-

191 741 289 793 tes
329 728 524 805 gloria
565 736 627 789 et
670 745 705 788 e
743 728 870 787 vita
911 730 1287 789 excedentes
1326 728 1615 804 praemiis
1655 729 1957 806 prosequi
2003 737 2266 806 oportet.

191 816 260 875 ld
307 812 466 877 enim
511 828 636 873 non
673 813 874 874 solum
907 812 1128 874 rationi
1160 821 1677 888 consentaneum,
1721 815 1837 873 sed
1866 813 2046 873 etiam
2078 812 2267 874 veris·

191 899 407 959 simum
429 904 615 972 atque
639 894 1075 971 aequissimum
1101 905 1217 957 est.
1266 894 1373 957 Cui
1389 904 1593 956 autem
1614 896 1940 971 aequitatis
1962 896 2268 972 antiquior

194 998 341 1043 cura
364 995 545 1056 quam
570 980 688 1040 deo
704 987 735 1037 ’ἃ
795 979 1059 1039 XLVIII.
1095 978 1235 1039 163.
1289 982 1533 1056 ltaque,
1568 997 1755 1055 quum
1779 981 1965 1042 homo
1990 982 2165 1040 solus
2190 997 2269 1040 ex

191 1064 355 1128 omni
400 1079 597 1140 prope
638 1063 887 1124 modum
926 1079 1153 1138 genere
1188 1071 1406 1124 nactus
1437 1063 1519 1124 sit
1545 1062 1806 1137 aliquam
1839 1062 2114 1125 notitiam
2148 1063 2265 1135 dei,

188 1148 305 1210 nisi
349 1147 509 1208 vitae
556 1144 872 1221 iniquitate
916 1148 1036 1207 deo
1079 1146 1326 1221 iniquus
1360 1153 1546 1222 atque
1576 1146 1815 1208 invisus
1845 1146 2143 1220 evaserit,
2187 1147 2266 1206 ad

190 1234 369 1293 deum
417 1239 582 1292 certe
610 1230 897 1291 evolabit.
983 1231 1178 1305 quue
1208 1230 1581 1292 aeternitatis
1610 1231 1916 1292 humanae
1952 1232 2051 1290 vel
2078 1231 2267 1290 maxi-

188 1333 352 1377 mum
382 1332 457 1377 ac
484 1313 897 1375 firmissimum
927 1319 1351 1389 argumentum
1383 1322 1508 1388 est,
1554 1316 1752 1375 solum
1784 1313 2089 1375 hominem
2116 1312 2264 1374 divi-

187 1416 305 1461 nae
326 1398 660 1461 voluntatis
692 1397 1048 1474 participem
1081 1396 1524 1473 consciumque
1556 1397 1889 1472 exsistere,
1922 1404 2016 1469 ut,
2052 1413 2265 1474 quarn·

189 1499 370 1559 quam
395 1480 741 1559 agrestibus
766 1480 1279 1557 silvestribusque
1298 1480 1357 1540 in
1381 1481 1537 1543 locis
1560 1488 1741 1542 natus
1763 1480 1869 1552 sit,
1902 1488 2107 1542 tamen
2130 1480 2267 1557 ipsa

188 1567 450 1628 docente
485 1573 702 1626 natura
734 1572 970 1626 etesse
996 1565 1177 1625 deum
1205 1572 1268 1626 et
1302 1566 1631 1626 colendum
1662 1581 1736 1625 ac
1759 1566 2097 1625 verendum
2121 1580 2265 1624 esse

188 1650 468 1711 dubitare
498 1665 620 1710 non
654 1648 873 1725 possit.
966 1647 1105 1708 164.
1146 1649 1194 1710 Ο
1221 1665 1351 1709 rem
1375 1648 1619 1723 dignam
1638 1697 1653 1722 ,
1687 1649 1746 1709 in
1777 1665 1899 1725 qua
1926 1666 2046 1710 non
2077 1649 2263 1709 modo

186 1734 496 1805 homineS,
541 1733 652 1793 sed
684 1731 854 1807 ipsas
887 1731 1065 1792 etiam
1107 1734 1385 1808 pecudes
1426 1733 1851 1810 obstipescere
1893 1749 1998 1805 ac,
2042 1732 2097 1793 si
2131 1730 2264 1792 fieri

187 1815 416 1894 possit,
443 1816 624 1878 etiam
656 1817 1028 1878 erubescere
1060 1818 1373 1892 oporteat!
1421 1823 1749 1891 cognatum
1779 1832 1922 1876 esse
1955 1815 2265 1878 hominem

182 1901 345 1961 deo:
386 1901 617 1961 nullum
647 1900 810 1961 aliud
850 1899 908 1959 in
947 1899 1126 1960 terris
1164 1900 1390 1960 animal
1423 1899 1541 1960 nisi
1579 1900 1888 1961 hominem
1931 1902 2129 1960 solum
2166 1899 2266 1958 dei

182 1982 538 2060 cognitione
592 1983 884 2045 imbutum
933 1999 1108 2044 esse:
1150 2000 1267 2044 nec
1312 1983 1644 2060 quidquam
1695 1999 1840 2044 esse
1885 1983 2048 2042 aliud
2095 1983 2263 2059 quod

179 2067 385 2128 animo
419 2083 454 2126 e
494 2066 698 2127 divina
741 2073 944 2128 mente
984 2067 1206 2130 hausto
1252 2067 1612 2144 praeditum>
1637 2066 1743 2141 sit,
1783 2073 2138 2142 tantamque
2179 2065 2263 2124 in-

179 2167 331 2212 esse
357 2150 588 2213 homini
620 2150 974 2212 caecitatem
1017 2157 1205 2227 atque
1248 2150 1627 2225 socordiam,
1667 2156 1735 2211 ut
1768 2148 2011 2229 divinae
2042 2166 2263 2226 cogna-

179 2232 367 2296 tionis
398 2235 722 2295 immemor
749 2240 1071 2295 aversetur
1112 2234 1531 2310 migrationem
1564 2235 1646 2295 ad
1678 2235 1858 2299 deum
1877 2236 1905 2294 'l
1946 2235 2072 2294 Nec
2104 2232 2262 2294 enim

180 2316 349 2378 aliud
383 2335 525 2380 esse
557 2335 726 2380 mors
768 2334 951 2392 quam
992 2316 1269 2394 migratio
1305 2319 1384 2379 ad
1416 2320 1719 2380 caelestes
1750 2333 2137 2394 superasque
2170 2333 2263 2378 se-

181 2402 298 2462 des
331 2401 736 2463 existimanda
765 2407 889 2475 est,
922 2417 1037 2462 nec
1075 2402 1137 2462 id
1167 2404 1369 2464 solum
1402 2402 1641 2463 ratione
1675 2403 1942 2477 quadam
1970 2399 2265 2478 aequitati

175 2484 548 2561 veritatique
590 2491 1039 2558 consentanea,
1083 2486 1196 2545 sed
1237 2486 1415 2546 etiarn
1450 2485 2043 2561 sapientissimorum
2074 2482 2263 2547 homi·

176 2585 326 2628 num
354 2571 616 2629 maxime
639 2569 815 2631 firmo
840 2567 1164 2645 stabilique
1195 2585 1528 2631 consensu.
1587 2570 1780 2645 Atqui
1809 2587 1980 2644 eum,
2016 2569 2120 2646 qui
2142 2569 2263 2629 hoc

173 2658 368 2729 pacto
402 2651 614 2713 vivere
642 2669 717 2714 ac
746 2669 945 2729 paene
972 2668 1009 2712 a
1043 2669 1113 2713 se
1153 2651 1294 2727 ipso
1338 2652 1664 2714 dissentire
1695 2652 1874 2727 velit,
1911 2652 2263 2714 meminisse

174 2742 351 2797 certe
382 2736 655 2812 oportuit
673 2742 896 2797 terram
928 2735 1126 2812 ipsam
1161 2735 1519 2812 omniaque,
1554 2751 1714 2812 quae
1744 2737 1861 2796 sub
1891 2738 2064 2798 caelo
2101 2743 2259 2806 sunt,

173 2817 389 2885 divina
421 2821 739 2881 voluntate
767 2818 896 2896 regi
928 2826 1386 2896 proptereaque
1417 2818 1707 2896 quiddam
1739 2819 1921 2881 nobis
1950 2821 2117 2896 quod
2152 2819 2259 2881 ob·

172 2904 552 2965 servandum
576 2911 638 2965 et
660 2904 1103 2964 addiscendum
1125 2903 1409 2964 videatur
1429 2902 1873 2981 praescribere.
1942 2903 2081 2964 165.
2114 2902 2259 2980 Quis

170 3002 331 3062 ergo
364 2993 591 3048 terram
630 2987 831 3064 ipsam
865 2994 972 3048 aut
1012 2987 1341 3062 quotannis
1378 2989 1641 3049 feracem
1678 2994 1786 3048 aut
1826 3004 2073 3063 semper
2106 2986 2259 3063 opti-

171 3086 312 3131 mas
345 3071 553 3147 fruges
589 3078 652 3132 et
690 3088 1021 3146 numquam
1062 3073 1256 3132 malas
1297 3071 1669 3147 inutilesque
1711 3071 1934 3132 herbas
1976 3073 2260 3141 edentem

168 3153 665 3231 efferentemque
690 3155 883 3217 vidit?
923 3154 1060 3230 quis
1092 3154 1374 3216 animalia
1410 3172 1658 3232 semper
1686 3155 1910 3216 uberes
1941 3157 2101 3216 fetus
2137 3155 2259 3216 edi·

169 3235 379 3311 disse,
406 3255 740 3314 numquam
771 3238 1146 3301 sterilitatem
1176 3256 1368 3316 passa
1398 3256 1541 3301 esse
1576 3238 2041 3301 recordabitur?
2082 3239 2259 3312 Quod

167 3318 227 3382 si
258 3320 418 3383 haec
447 3320 586 3399 ipsa
614 3339 797 3384 secus
830 3340 900 3383 se
931 3323 1158 3383 habent
1185 3322 1457 3398 nihilque
1485 3323 1547 3383 in
1590 3323 1778 3384 rebus
1812 3323 2092 3383 humanis
2125 3338 2259 3397 per-

164 3410 367 3480 petuo
415 3406 657 3467 firmum
701 3407 1102 3480 eiusdemque
1144 3413 1399 3467 naturae
1432 3413 1651 3482 optare
1689 3407 1862 3479 licet,
1902 3423 2040 3479 cur,
2077 3420 2257 3481 quam

260 3504 376 3548 cm.
409 3491 516 3549 lv.
545 3499 601 3552 3.
1760 3489 1841 3548 27
