2381 3723
139 120 262 183 144
490 121 694 182 CATO
736 121 990 182 MAIOR
1025 123 1132 183 DE
1160 121 1611 184 SENECTUTE
1639 123 1868 205 LIBER
2149 136 2224 191 28

136 282 348 334 cernat
376 279 438 332 et
466 272 739 349 longius,
772 273 987 334 videre
1018 291 1088 334 se
1118 275 1198 333 ad
1219 272 1473 335 meliora
1506 274 1833 350 proficisci,
1864 275 1964 336 ille
1993 283 2218 350 autem,

136 356 308 418 cuius
342 355 621 419 obtusior
652 355 730 417 sit
758 355 954 430 acicS,
1009 375 1130 419 non
1168 358 1418 418 videre?
1486 358 1783 434 Equidem
1817 359 2049 420 efferor
2094 367 2221 421 stu-

134 441 234 502 dio
253 448 468 517 patres
495 449 773 514 vestros,
814 459 973 516 quos
1004 441 1166 502 colui
1195 448 1261 501 et
1279 441 1492 515 dilexi,
1529 441 1793 514 videndi,
1832 459 2038 519 neque
2064 460 2217 504 vero

133 541 245 586 eos
298 527 476 586 solos
524 525 855 585 convenire
910 542 1099 599 aveo,
1164 542 1324 600 quos
1376 525 1516 602 ipse
1554 524 1856 602 cognovi,
1920 527 2032 587 sed
2078 526 2219 587 illos

134 610 333 681 etiam,
367 609 446 669 de
479 609 703 684 quibus
738 608 945 671 audivi
988 616 1049 668 et
1078 609 1199 684 legi
1230 608 1456 685 etipse
1485 609 1851 686 conscripsi.
1921 612 2054 686 Quo
2091 610 2221 686 qui·

136 694 273 755 dem
305 709 401 753 me
433 693 930 767 proficiscentem
969 694 1135 753 haud
1176 709 1329 754 sane
1363 692 1501 768 quis
1548 693 1724 754 facile
1760 693 2085 754 retraxerit
2116 710 2218 754 ne-

135 793 255 852 que
287 783 598 851 tamquam
620 776 843 837 Peliam
875 776 1204 838 recoxerit.
1279 778 1357 836 Et
1386 777 1439 837 si
1478 777 1613 852 quis
1647 778 1803 839 deus
1825 776 1969 837 mihi
1999 777 2217 852 largia-

132 869 230 923 tur
263 867 332 920 ut
361 877 439 920 ex
464 861 580 920 hac
614 868 813 923 aetate
843 877 1284 936 repuerascam
1317 866 1380 920 et
1410 859 1470 920 in
1504 860 1677 921 cunis
1708 861 1980 937 vag-iam,
2035 862 2218 922 valde

111 960 445 1015 recusem,
500 961 615 1004 nec
649 961 800 1005 vero
836 945 1011 1004 velim
1059 944 1238 1019 quasi
1281 944 1547 1006 decurso
1599 943 1801 1019 spatio
1846 961 1883 1005 a
1927 947 2096 1005 calce
2137 945 2218 1004 ad

134 1044 418 1088 carceres
440 1028 746 1090 revocari.
824 1028 925 1090 84.
966 1029 1123 1104 Quid
1148 1029 1310 1088 enim
1335 1027 1456 1088 vita
1477 1029 1664 1089 habet
1686 1027 2033 1091 commodi?
2071 1027 2219 1104 quid

133 1128 257 1172 non
305 1110 512 1187 potius
558 1112 828 1174 laboris?
904 1112 1032 1172 Sed
1073 1113 1296 1173 habeat
1338 1128 1520 1184 sane,
1572 1112 1758 1172 habet
1803 1119 1970 1173 certe
2010 1119 2214 1172 tamen

136 1203 241 1255 aut
267 1195 611 1256 satietatem
644 1204 748 1257 aut
779 1197 1050 1258 modum.
1128 1198 1264 1256 Non
1305 1196 1474 1257 lubet
1504 1194 1663 1262 enim
1706 1195 1850 1256 mihi
1889 1197 2219 1272 deplorare

133 1279 349 1352 vitam,
404 1281 574 1354 quod
615 1280 784 1341 multi
844 1288 905 1339 et
955 1279 992 1340 ii
1041 1279 1210 1341 docti
1264 1296 1454 1355 saepe
1505 1280 1810 1352 fecerunt,
1876 1296 2078 1355 neque
2118 1295 2217 1339 me

135 1362 366 1423 vixisse
396 1363 701 1438 poenitet,
749 1363 1038 1438 quoniam
1067 1362 1150 1424 ita
1185 1362 1339 1437 vixi,
1373 1370 1440 1425 ut
1473 1380 1599 1425 non
1629 1364 1854 1424 frustra
1883 1380 1980 1423 me
2008 1369 2219 1424 natum

136 1444 475 1506 existimem
496 1493 510 1519 ‚
546 1454 607 1506 ct
641 1464 720 1507 ex
752 1446 871 1506 vita
899 1447 984 1507 ita
1015 1447 1272 1513 discedo
1305 1454 1617 1522 tamquam
1650 1464 1729 1507 ex
1758 1446 2060 1525 hospitio,
2091 1462 2218 1508 non

133 1537 442 1603 tamquam
476 1547 553 1591 ex
585 1530 791 1590 domo.
871 1531 1304 1592 commorandi
1336 1529 1496 1591 enim
1531 1538 1748 1592 natura
1789 1529 2218 1592 deversorium

135 1611 331 1684 dedit,
388 1629 511 1673 non
563 1611 893 1673 habitandi.
972 1614 1017 1674 Ο
1072 1616 1453 1689 praeclarum
1499 1614 1678 1688 diem,
1736 1632 1922 1689 quum
1960 1613 2017 1674 in
2070 1614 2219 1674 illud

136 1694 405 1756 divinum
446 1695 785 1758 animorum
832 1697 1154 1758 concilium
1201 1704 1572 1774 coetumque
1610 1697 1975 1774 proficis-sar
2005 1714 2221 1774 quum-

136 1795 256 1853 que
294 1796 374 1839 cx
399 1780 515 1841 hac
546 1781 720 1841 turba
759 1788 819 1841 et
851 1780 1201 1843 colluvione
1237 1779 1586 1843 discedam!
1657 1781 2026 1843 proficiscar
2055 1781 2220 1842 enim

134 1881 258 1925 non
295 1866 373 1925 ad
405 1882 518 1927 eos
549 1866 749 1929 solum
776 1864 974 1939 virOS,
1029 1867 1107 1928 de
1140 1867 1363 1943 quibus
1408 1874 1549 1927 ante
1581 1865 1734 1939 dixi,
1786 1883 1999 1928 verum
2036 1866 2220 1927 etiam

135 1948 214 2006 ad
245 1950 534 2010 Catonem
581 1968 810 2023 meum,
870 1967 991 2025 quo
1024 1967 1207 2012 nemo
1253 1949 1347 2010 vir
1376 1950 1592 2012 melior
1633 1958 1811 2012 natus
1857 1957 1980 2024 est,
2033 1966 2219 2011 nemo

136 2031 362 2107 pictate
395 2035 836 2108 praestantior:
883 2034 1057 2096 cuius
1088 2052 1124 2094 a
1152 2053 1251 2095 me
1275 2047 1500 2111 corpus
1527 2040 1862 2095 crematum
1891 2042 2006 2108 est,
2046 2034 2219 2109 quod

139 2123 352 2177 contra
386 2118 607 2190 decuit,
646 2119 722 2178 ab
754 2119 855 2180 illo
888 2136 1123 2193 meum,
1155 2118 1396 2180 animus
1428 2135 1576 2179 vero
1608 2135 1729 2179 non
1769 2135 1866 2179 me
1898 2117 2218 2190 deserenS,

138 2200 251 2259 sed
280 2208 642 2275 respectans
681 2201 741 2261 in
779 2219 853 2263 ca
897 2205 1175 2278 profecto
1209 2206 1349 2264 loca
1383 2201 1702 2275 discessit,
1760 2219 1883 2277 quo
1923 2201 2071 2262 mihi
2098 2200 2219 2278 ipsi

138 2282 427 2342 cernebat
459 2300 600 2345 esse
629 2287 1023 2348 veniendum.
1101 2287 1294 2361 Quem
1330 2302 1447 2361 ego
1479 2302 1681 2347 meum
1722 2302 1935 2347 casum
1979 2284 2221 2346 fortiter

137 2365 296 2425 ferre
325 2364 497 2426 visus
530 2384 665 2428 sum
686 2415 700 2440 ,
733 2386 855 2429 non
889 2387 1013 2445 quo
1058 2387 1259 2445 aequo
1292 2369 1495 2430 animo
1522 2371 1772 2443 serrem,
1805 2370 1920 2429 sed
1950 2386 2049 2430 me
2082 2369 2221 2444 ipse

138 2449 509 2509 consolabar
540 2449 897 2513 existimans
931 2470 1053 2515 non
1086 2454 1485 2529 longinquum
1515 2452 1677 2514 inter
1715 2470 1831 2516 nos
1865 2451 2219 2528 digressum

137 2538 199 2592 ct
226 2531 578 2611 discessum
611 2535 763 2596 fore.
853 2534 972 2597 85.·
1001 2537 1111 2599 His
1147 2536 1290 2598 mihi
1321 2538 1507 2597 rebus
1527 2584 1542 2609 ,
1576 2536 1816 2613 Scipio,
1847 2570 1932 2582 —
1962 2536 2023 2596 id
2058 2535 2218 2596 enim

136 2624 197 2676 te
229 2632 363 2676 cum
393 2617 600 2680 Laelio
647 2619 932 2681 admirari
972 2623 1179 2682 solere
1208 2619 1415 2682 dixisti
1444 2654 1529 2665 -
1558 2620 1715 2681 levis
1763 2627 1861 2681 est
1902 2627 2218 2692 senectuS,

134 2717 250 2761 nec
298 2703 497 2764 solum
548 2720 674 2764 non
725 2706 1013 2778 molesta,
1075 2705 1190 2765 sed
1238 2702 1418 2765 etiam
1463 2704 1748 2765 iucunda.
1829 2704 2010 2779 Quod
2054 2702 2108 2765 si
2160 2703 2218 2763 in

133 2783 254 2844 hoc
294 2802 465 2859 err0,
520 2786 626 2862 qui
668 2787 906 2849 animos
954 2788 1267 2850 hominum
1319 2787 1693 2849 immortales
1748 2804 1891 2849 esse
1947 2789 2218 2859 credam,

134 2868 415 2928 lubenter
456 2886 594 2932 erro
649 2888 767 2932 nec
807 2870 950 2933 mihi
988 2872 1152 2932 hunc
1197 2881 1493 2946 errorem,
1547 2888 1671 2946 quo
1709 2873 2018 2945 delector,
2074 2872 2218 2933 dum

129 2949 306 3024 vive,
362 2954 718 3029 extorqueri
748 2958 927 3018 volo:
973 2955 1064 3016 sin
1100 2963 1412 3029 mortuuS,
1454 2963 1524 3017 ut
1554 2954 1799 3030 quidam
1835 2954 2050 3017 minuti
2084 2954 2220 3032 phi-

133 3034 380 3112 losophi
415 3046 700 3112 censent,
736 3038 884 3100 nihil
908 3038 1202 3113 sentiam,
1232 3057 1355 3101 non
1388 3056 1609 3100 vereor
1635 3056 1715 3100 ne
1742 3040 1908 3102 hunc
1940 3056 2218 3102 errorem

132 3134 334 3181 meum
367 3119 721 3198 philosophi
752 3123 974 3185 mortui
1011 3122 1324 3186 irrideant.
1403 3124 1578 3198 Quod
1613 3121 1665 3183 si
1703 3139 1828 3185 non
1862 3141 2078 3186 sumus
2112 3124 2220 3184 im-

133 3206 421 3265 mortales
456 3204 667 3279 futuri,
718 3214 920 3270 tamen
952 3206 1260 3283 exstingui
1299 3206 1530 3269 homini
1572 3225 1690 3270 suo
1727 3215 2007 3285 tempore
2043 3215 2219 3285 opta-

132 3281 251 3377 bile
289 3294 404 3346 est.
474 3290 622 3349 Nam
660 3290 847 3350 habet
888 3297 1107 3353 natura
1143 3299 1213 3353 ut
1241 3290 1492 3353 aliarum
1527 3291 1796 3356 omnium
1836 3310 2073 3366 rerum,
2127 3290 2220 3352 sic

134 3366 378 3427 vivendi
421 3372 691 3434 modum.
766 3373 1069 3436 Senectus
1111 3384 1313 3438 autem
1357 3374 1574 3437 aetatis
1620 3385 1716 3439 est
1756 3374 2035 3452 peractio
2067 3383 2219 3437 tam-
