2381 3723
199 111 312 165 201
458 139 463 152 ,
823 95 1680 164 CAP.1s—-21.s.69—-7⁸5.
1767 154 1772 159 .
2163 96 2289 159 391

210 266 371 327 quae
400 249 645 309 adferre
683 246 806 307 vita
848 254 1087 324 potest,
1136 246 1346 317 satiari
1375 245 1680 322 coeperit,
1731 253 1857 307 tum
1902 246 1980 306 ab
2008 245 2294 310 humanis

210 329 513 396 molestiis
548 333 887 405 secedens,
922 331 981 391 in
1004 330 1422 393 beatissimam
1455 330 1643 392 vitam
1667 328 2112 405 commigrabit.
2157 331 2293 394 Non

206 417 369 479 enim
402 416 461 478 is
503 432 631 492 ego.
667 432 845 488 sum,
896 415 999 491 qui
1044 416 1314 476 animum
1354 413 1550 476 simul¹
1575 431 1718 477 cum
1758 413 2006 475 homine
2042 414 2296 476 interire

206 509 415 578 putem
458 506 821 573 tantumque
868 500 1088 561 mentis
1130 500 1335 560 lumen
1380 514 1419 558 e
1459 498 1662 560 diviua
1703 507 1920 560 natura
1963 499 2292 561 delibatum

210 602 404 662 posse
445 583 783 660 exstingui,
841 583 957 644 sed
997 583 1224 659 potius,
1256 589 1741 659 certotempore
1774 599 2030 644 emenso
2065 584 2147 644 ad
2187 583 2293 643 im·

209 668 641 730 mortalitatem
686 666 911 729 redire.
999 667 1102 728 73.
1148 665 1302 743 Quid
1349 673 1555 728 autem
1587 665 1899 729 hominem
1940 666 2135 743 magis
2187 668 2294 727 de·

209 759 353 813 ceat
378 768 557 827 quam
603 760 722 812 tam
753 750 957 813 multis
997 760 1245 827 tamque
1289 750 1482 812 firusis
1518 750 1861 812 rationibus
1902 751 2111 813 nixum
2156 750 2295 811 viri-

209 839 330 896 lem
389 834 656 896 animum
713 835 1009 909 retinere,
1069 836 1395 895 femineam
1450 834 1765 898 mollitiem
1824 836 2092 897 exuere?
2179 833 2295 910 Qui

207 936 363 980 vero
382 926 663 983 mortuos
681 918 862 984 nimis
883 921 1098 996 lugent
1120 936 1236 979 nec
1259 919 1589 982 humanam
1612 919 2041 981 condicionem
2066 935 2291 995 magno

207 1005 503 1079 elatoque
534 1003 738 1072 animo
773 1002 1096 1079 despicere
1127 1010 1427 1079 possunt,
1482 1003 1541 1064 in
1576 1018 1688 1066 eos
1735 1004 1883 1064 illud
1914 1001 2128 1080 probri
2166 1003 2293 1079 ple·

208 1103 357 1146 num
389 1103 535 1147 vere
564 1087 825 1148 dicetur:

394 1214 505 1272 Vos
534 1216 741 1273 etenim
771 1216 1007 1274 iuvenes
1033 1217 1528 1291 animum'qeritis
1556 1215 1913 1287 muliebrem,

378 1296 612 1371 [ltaque
642 1300 809 1373 virqo
839 1301 969 1358 viri.

209 1420 439 1483 Multae
469 1420 628 1482 enim
657 1427 941 1499 repertae
971 1424 1231 1487 feminae
1254 1431 1427 1501 sunt,
1467 1441 1625 1499 quae
1656 1423 1717 1485 in
1749 1421 2094 1484 domestico
2128 1424 2292 1483 luctu

210 1505 581 1580 singularem
624 1507 806 1567 animi
853 1509 1263 1583 praesentiam
1317 1524 1390 1570 ac
1441 1508 1919 1585 magnitudinem
1970 1505 2293 1583 praestite-

210 1595 373 1649 runt.
450 1589 576 1650 Sed
607 1590 798 1653 virilis
839 1592 1131 1656 fortitudo
1175 1601 1245 1655 ut
1283 1592 1543 1665 libidini,
1598 1593 1689 1655 sic
1722 1591 1925 1654 dolori
1953 1607 2079 1651 non
2118 1589 2295 1651 aliter

213 1688 399 1747 quam
449 1690 635 1735 servo
684 1674 933 1737 domina
974 1675 1277 1753 imperare
1326 1678 1511 1739 debet
1562 1692 1824 1753 eamque
1868 1679 2163 1738 coercere
2218 1690 2290 1733 ac

212 1756 495 1832 frangere
558 1766 865 1835 tamquam
919 1759 1202 1831 vitiosam
1257 1770 1319 1822 et
1371 1760 1737 1822 imbecillam-
1777 1759 2002 1820 animi·
2035 1766 2289 1834 partem.

214 1840 409 1915 Quam
436 1842 489 1903 si
520 1858 837 1920 emergere
865 1844 1130 1920 patiatur
1170 1863 1369 1921 seque
1398 1846 1605 1922 paullo
1636 1842 1820 1906 alt-ius
1854 1842 2109 1915 efferre,
2165 1858 2291 1902 non

210 1925 398 1986 modo
434 1925 652 1987 rationi
686 1936 1073 2003 praecurret,
1122 1930 1240 1991 sed
1278 1929 1461 1990 etiam
1506 1927 1726 1990 victrix
1757 1927 1816 1987 in
1847 1926 2049 1989 animo
2087 1926 2291 1986 exsul·

206 2007 381 2069 tabit.
455 2009 586 2082 Quo
630 2011 774 2072 nihil
807 2011 1036 2073 homini
1067 2012 1308 2089 turpius
1341 2020 1446 2073 aut
1483 2010 1894 2087 perniciosius
1929 2026 2008 2071 ne
2045 2006 2290 2084 excogi-

208 2090 329 2153 tari
375 2092 623 2167 quidem
674 2095 896 2171 possit.
984 2096 1085 2156 74.
1132 2096 1392 2171 Gorgias
1446 2104 1685 2168 orator,
1738 2094 1858 2155 iam
1900 2099 2106 2155 aetate
2144 2108 2289 2153 con·

210 2177 419 2237 sectus,
441 2193 514 2238 ac
551 2179 730 2240 morti
760 2178 1111 2255 proximus,
1155 2188 1412 2255 rogatus
1442 2197 1588 2240 num
1620 2180 1877 2240 libenter
1913 2182 2286 2240 moreretur:

205 2259 475 2321 Maxime
513 2278 701 2335 vero,
753 2262 969 2338 inquit.
1056 2265 1206 2325 Nam
1246 2271 1557 2341 tamquam
1610 2281 1688 2324 ex
1736 2261 1898 2340 putri
1940 2260 2289 2335 miseraque

209 2345 399 2405 domo
432 2346 630 2407 laetus
663 2347 966 2422 egredior.
1038 2347 1086 2409 Ο
1119 2349 1312 2408 virum
1339 2348 1649 2426 egregium
1682 2347 2076 2424 dignumque,
2112 2344 2287 2406 cuius

211 2427 416 2502 vigeat
442 2427 504 2489 in
535 2430 804 2509 omnium
837 2448 949 2494 ore
981 2448 1055 2492 ac
1095 2439 1302 2493 mente
1336 2433 1670 2496 sententia!
1719 2431 1874 2508 Quid
1897 2430 2056 2492 enim
2088 2427 2290 2506 potuit

206 2512 593 2588 praeclarius
628 2513 873 2576 dicere?
960 2517 1183 2591 Quum,
1211 2517 1398 2589 mala,
1458 2534 1627 2592 quae>
1660 2517 1969 2578 viventem
2015 2513 2141 2591 pati
2185 2528 2288 2573 ne·

207 2611 405 2655 cesse:
425 2604 550 2671 est,
604 2597 932 2674 cogitaret,
986 2599 1367 2661 miseriarum
1411 2599 1626 2672 finem,
1686 2618 1844 2675 quas
1888 2600 2158 2660 moriens
2193 2612 2287 2656 re·

205 2678 555 2754 linquebat,
616 2683 843 2745 adesse
885 2685 1249 2754 laetaretur?
1322 2682 1426 2744 Sic
1463 2700 1579 2759 par
1611 2689 1709 2743 est
1741 2683 1913 2757 loqui
1955 2679 2286 2750 hominem,

206 2761 316 2837 qui
347 2779 468 2824 non
494 2763 743 2826 libidine
771 2776 1061 2839 vexetur,
1104 2772 1238 2829 non
1264 2766 1592 2843 voluptatis
1624 2764 1929 2828 illecebris
1958 2760 2285 2834 irretiatur,

206 2844 357 2906 nulli
404 2847 672 2925 denique
712 2858 931 2926 pareat
973 2850 1321 2925 cupiditati,
1385 2867 1545 2926 quae
1597 2867 1838 2911 summa
1876 2856 1974 2910 est
2015 2846 2168 2909 ratio
2227 2852 2290 2907 et

205 2929 538 3005 sapientia,
571 2933 872 2994 humanae
900 2934 1253 2997 necessitati
1281 2935 1613 3012 imperare,
1647 2951 1768 2995 non
1803 2930 2005 2996 dolori
2039 2932 2285 3001 cedere,

207 3029 335 3073 non
383 3014 690 3078 desiderio
737 3017 906 3094 angi',
969 3018 1114 3080 nihil
1166 3018 1435 3094 denique
1485 3019 1814 3080 humanum
1859 3015 2285 3078 extimescere.

206 3098 364 3157 XXI.
410 3099 511 3159 75.
596 3104 916 3178 Angamur
941 3102 1275 3164 liberorum
1319 3114 1423 3164 aut
1451 3101 1740 3164 adfinium
1777 3100 2061 3163 interitu?
2128 3096 2285 3175 Quid

206 3180 332 3241 ita?
374 3189 445 3242 ut
468 3185 694 3246 stultos
725 3185 1054 3259 imitemur,
1084 3186 1189 3262 qui
1221 3203 1383 3263 quae
1411 3186 1631 3248 mutari
1653 3203 1777 3248 non
1802 3193 2071 3261 possunt
2100 3198 2283 3260 quae-

205 3280 337 3339 que
372 3267 472 3327 vel
527 3270 808 3331 nolentes
851 3270 1207 3347 opprimunt
1247 3272 1524 3347 perferre
1573 3277 1919 3346 nequeunt:
1978 3267 2280 3337 sanioreS,

203 3365 473 3423 quorum
526 3358 648 3412 tam
701 3357 888 3414 multa
932 3358 1177 3416 exstant
1230 3355 1310 3413 ad
1374 3354 1787 3416 aeternitatem
1838 3351 2097 3414 illustria
2146 3349 2281 3410 sive
