2381 3723
165 95 281 158 110
950 93 1066 179 ‚DE
1101 91 1417 154 omens

161 248 376 320 mode,
434 247 538 321 qui
584 247 764 307 deum
808 244 951 306 nihil
1003 246 1235 308 habere
1273 243 1476 321 ipsum
1520 241 1747 318 negotii
1792 242 2028 320 dicunt,
2082 243 2227 306 nihil

158 330 449 391 exhibere
477 329 679 402 alteri,
731 329 847 390 sed
887 345 1100 390 eorum
1132 327 1343 401 etiam,
1403 327 1505 404 qui
1535 327 1717 387 deum
1763 343 2012 424 semper
2041 345 2229 404 agere

159 412 387 490 aliquid
439 420 500 474 et
548 412 744 476 moliri
793 413 1036 486 volunt,
1101 428 1430 487 numquam
1476 427 1591 472 nec
1641 409 1827 471 irasci
1876 413 2061 472 deum
2113 428 2230 472 nec

158 513 404 559 nocere
496 496 650 572 Quid
692 503 894 557 autem
932 495 1124 563 iratus
1154 496 1429 572 Iuppiter
1473 496 1611 571 plus
1654 510 1884 557 nocere
1921 495 2230 572 potuisset

161 597 342 657 quam
371 579 580 642 nocuit
621 579 780 640 sibi
765 596 899 655 1pse
929 572 1245 656 Regulus?
1301 580 1464 640 nulla
1499 578 1680 654 igitur
1714 578 1810 639 vis
1852 579 1961 640 fuit
1990 579 2232 655 religio-

158 663 285 737 nis,
352 680 511 739 quae
559 671 788 724 tantam
836 663 1155 724 utilitatem
1206 669 1607 738 perverteret.
1696 664 1792 723 An
1845 678 1923 724 ne
1969 663 2232 739 turpiter

159 748 429 808 faceret?
515 746 838 808 Primutn‘
857 745 1101 808 minima
1146 747 1225 806 de
1271 746 1490 807 malis?
1578 747 1731 807 Num
1773 744 1954 823 igitur
1993 754 2231 807 tantum

161 832 298 894 mali
329 830 642 907 turpitudo
677 830 798 891 ista
825 830 1092 891 habebat
1122 837 1416 906 quantum
1447 828 1546 891 ille
1579 829 1930 900 cruciatus?
1992 830 2229 890 Deinde

159 915 304 976 illud
336 913 516 975 etiam
549 915 711 1025 apud
742 913 1018 988 Accium,
1918 950 1925 957 -

1048 1041 1309 1114 Freqssti
1324 1040 1525 1112 fidem.
1553 1071 1639 1083 --

324 1127 523 1201 Neque
557 1126 699 1186 dedi
733 1141 920 1200 neque
950 1126 1027 1185 do
1058 1124 1288 1196 infideli
1311 1125 1626 1198 cuiquam.

159 1269 528 1331 quamquam
561 1252 637 1312 ab
678 1251 863 1347 impio
905 1266 1053 1327 rege
1094 1231 1344 1324 dicitur,
1398 1249 1705 1311 luculente
1746 1257 1945 1307 tamen
1987 1247 2226 1310 dicitur.

165 1334 298 1396 103.
343 1337 598 1396 Addunt
632 1334 842 1408 etiam,
899 1338 1119 1411 ‘quem
1155 1334 1233 1393 ad
1264 1334 1512 1393 modum
1559 1348 1675 1392 nos
1717 1330 1992 1393 dicamus
2034 1331 2226 1393 videri

160 1402 461 1494 quaedam
491 1417 657 1479 utilia
689 1433 847 1493 quae
882 1434 1005 1477 non
1042 1417 1189 1489 sint,
1243 1417 1332 1477 sic
1361 1432 1432 1477 se
1463 1414 1668 1477 dicere
1698 1414 1887 1476 videri
1924 1417 2225 1492 quaedam

158 1503 419 1562 honesta
450 1517 609 1577 quae
639 1517 759 1561 non
787 1499 939 1573 sint,
976 1508 1042 1561 ut
1074 1500 1240 1561 hoe
1225 1516 1426 1576 1psum
1455 1499 1697 1561 videtur
1724 1499 2051 1560 honestum
2086 1517 2225 1561 con-

158 1582 447 1645 servandi
487 1583 633 1646 iuris
685 1584 922 1644 iurandi
969 1599 1157 1645 causa
1199 1584 1276 1643 ad
1310 1584 1643 1644 cruciatum
1684 1583 2049 1656 revertisse,
2112 1586 2224 1645 sed

158 1667 226 1726 fit
253 1684 377 1727 non
406 1668 761 1741 honestum,
800 1667 968 1742 quia,
1015 1664 1181 1742 quod
1211 1683 1324 1742 per
1353 1667 1473 1730 vim
1504 1663 1769 1728 hostium
1802 1675 1972 1728 esset
2001 1674 2222 1740 actum,

157 1757 353 1811 ratum
386 1766 529 1811 esse
572 1767 695 1812 non
753 1750 1005 1810 debuit.’
1096 1751 1350 1810 Addunt
1395 1750 1604 1824 etiam,
1662 1750 1993 1827 ‘quidquid
2044 1752 2224 1812 valde

157 1833 300 1895 utile
324 1832 430 1909 sit,
493 1833 555 1895 id
606 1833 740 1896 fieri
795 1833 1155 1910 honestum,
1236 1833 1414 1896 etiam
1473 1835 1525 1897 si
1582 1843 1761 1896 antea
1813 1853 1937 1898 non
1989 1835 2223 1897 videre-

158 1922 299 1979 tur?
386 1921 555 1981 Haec
607 1921 735 1980 sere
786 1925 997 1979 contra
1046 1920 1368 1995 Regulum.
1458 1919 1581 1980 Sed
1637 1919 1832 1995 prima
1885 1920 2222 1981 videamus,

155 2004 367 2065 XXIX.
430 2004 567 2064 104.
658 2006 823 2065 ‘Non
870 2002 979 2064 suit
1017 2002 1291 2079 Iuppiter
1339 2001 1705 2064 metuendus
1754 2020 1831 2063 ne
1876 2002 2066 2065 iratus
2120 2022 2224 2065 no·

158 2095 348 2160 ceret,
404 2088 506 2163 qui
559 2105 761 2163 neque
812 2087 994 2149 irasci
1036 2089 1198 2148 solet
1243 2101 1359 2146 nec
1407 2091 1680 2149 nocere.’
1734 2088 1935 2147 'Haec
1978 2088 2228 2163 quidem

155 2170 308 2231 ratio
341 2188 465 2231 non
498 2171 690 2247 magis
725 2179 938 2232 contra
979 2172 1196 2247 Reguli
1230 2186 1411 2245 quam
1445 2179 1655 2252 contra
1690 2187 1871 2232 omne
1898 2171 1994 2232 ius
2027 2170 2227 2232 iuran-

156 2253 511 2313 dumvalet.
599 2252 722 2313 Sed
763 2253 823 2314 in
867 2254 997 2314 iure
1032 2255 1290 2315 iurando
1336 2270 1460 2313 non
1496 2253 1598 2329 qui
1640 2262 1868 2328 metuS‚
1919 2256 2033 2315 sed
2067 2273 2227 2331 quae

155 2334 248 2396 vis
304 2335 383 2396 sit
422 2335 603 2396 debet
644 2335 910 2412 intelligi.
1000 2339 1112 2398 Est
1161 2336 1320 2397 enim
1369 2336 1463 2398 ius
1516 2338 1837 2398 iurandum
1880 2339 2224 2398 adfirmatio

155 2417 457 2493 religiosa.
561 2419 736 2494 Quod
793 2427 995 2481 autem
1057 2422 1379 2481 adfirmate
1455 2415 1631 2496 quasi
1690 2422 1808 2481 deo
1865 2428 2024 2483 teste
2049 2426 2226 2498 ‘pro-

153 2500 423 2576 miseris‚
469 2500 531 2563 id
560 2505 888 2572 tenendum
918 2512 1033 2566 est.
1123 2507 1244 2564 Iam
1286 2504 1445 2565 enim
1479 2522 1603 2566 non
1639 2506 1717 2564 ad
1745 2505 1895 2565 iram
1944 2506 2226 2578 deorum,

156 2603 315 2663 quae
345 2589 511 2648 nulla
540 2596 663 2661 est,
712 2590 823 2650 sed
859 2589 935 2649 ad
970 2589 1258 2650 iustitiam
1303 2597 1365 2649 et
1395 2588 1471 2647 ad
1505 2588 1689 2649 fidem
1721 2589 2004 2664 pertinet.
2074 2591 2223 2649 Nam

153 2673 470 2748 praeclare
507 2672 771 2734 Ennius:

326 2800 372 2858 0
400 2801 580 2860 Fides
608 2803 768 2860 alma
794 2806 940 2875 apta
963 2801 1168 2873 pinnis
1200 2807 1257 2858 et
1289 2801 1379 2858 ius
1408 2793 1730 2859 iurandum
1762 2797 1956 2860 Iovis!

155 2925 265 2999 Qui
296 2925 389 2986 ius
419 2925 599 3001 igitur
632 2927 953 2988 iurandum
986 2925 1201 3000 violat,
1244 2926 1296 2987 is
1331 2928 1357 2985 f
1368 2925 1570 2986 idem
1599 2925 1817 2998 violat,
1867 2929 2119 3002 ‘quam
2152 2924 2223 2986 in

154 3008 542 3085 Capitolio
586 3010 920 3071 vicinam
958 3009 1168 3073 Iovis
1218 3009 1489 3087 optimi
1520 3008 1880 3084 maximi’,
1924 3017 1994 3070 ut
2023 3009 2083 3069 in
2118 3011 2225 3069 Ca-

152 3093 314 3155 tonis
334 3091 612 3154 oratione
630 3100 742 3166 est,
768 3094 1058 3155 ‘maiores
1076 3093 1272 3168 nostri
1296 3110 1438 3155 esse
1465 3095 1831 3155 voluerunt?
1848 3127 1929 3139 —-
1952 3093 2089 3154 105.
2109 3097 2227 3152 ‘At

155 3176 313 3235 enim
352 3193 431 3236 ne
457 3176 648 3236 iratus
682 3175 926 3252 quidem
956 3173 1229 3254 Iuppiter
1258 3179 1396 3253 plus
1424 3179 1661 3253 Regulo
1696 3176 2012 3238 nocuisset
2038 3193 2224 3253 quam

155 3254 272 3316 sibi
301 3258 513 3318 nocuit
538 3258 674 3335 ipse
702 3260 1021 3332 Regulus!
1102 3263 1309 3333 Certe,
1364 3260 1414 3321 si
1448 3259 1594 3328 nihil
1638 3262 1859 3321 malum
1907 3268 2076 3323 esset
2105 3259 2224 3320 nisi

156 3338 386 3400 dolere.
475 3341 541 3399 ld
573 3350 771 3401 autem
815 3357 937 3401 non
980 3344 1166 3404 modo
1204 3360 1327 3406 non
1363 3361 1663 3405 summum
1700 3348 1955 3418 malum,
2001 3345 2110 3403 sed
2145 3362 2221 3403 ne
