2381 3723
158 142 265 197 203
785 133 951 194 ΟΑΡ.
982 137 1069 196 21.
1104 143 1193 197 22,
1240 143 1293 203 §-
1333 141 1594 198 75—80.
2110 136 2233 200 393

160 292 289 346 tum
333 282 681 362 ”praecipue
729 301 850 346 non
902 286 1099 346 solum
1148 284 1516 361 praeteritae
1564 283 1922 362 patriaeque
1972 286 2231 364 virtutiS,

160 367 275 429 sed
307 367 493 428 etiam‘
531 368 833 430 humanae
871 368 1026 443 legis
1058 385 1132 429 ac
1172 385 1373 444 paene
1418 368 1862 430 obliviscuntur
1890 369 2005 433 sui.
2080 374 2233 434 Tan·

157 459 287 512 tum
317 451 376 511 in
421 467 633 513 eorum
668 451 885 513 animis
926 451 1213 513 mollities
1254 458 1465 529 potest
1510 468 1582 513 ac
1623 452 1886 515 servitus
1930 457 2230 531 quaedam

155 534 391 597 doloris
422 542 611 609 atque
651 534 952 597 tristitiae.
1039 535 1228 596 XXII.
1274 535 1376 597 79.
1462 538 1560 596 An
1604 553 1720 612 ego
1757 536 1923 598 illum
1961 538 2233 600 iudicare

154 617 414 679 liberum
447 616 715 693 possim,
765 618 862 680 cui
894 620 1077 680 dolor
1099 618 1399 696 Imperat?
1442 635 1625 695 quem
1655 622 2013 696 repentinus
2045 640 2232 685 casus

153 701 503 778 perturbat,
536 701 816 780 impellit,
864 701 1113 776 evertit,
1163 702 1267 777 qui
1296 701 1439 763 nihil
1476 720 1628 780 prae
1658 704 1893 766 doloris
1935 706 2228 783 magnitu-

155 784 301 845 dine
337 784 639 861 cogitare‚
693 786 838 846 nihil
871 785 1148 847 meditari
1177 788 1399 863 queat?
1454 787 1557 863 qui
1587 785 1733 848 nihil
1754 787 1814 849 in
1842 806 1913 850 se
1941 789 2113 866 ipso,
2166 791 2227 851 in

151 868 538 944 temporibus
581 876 765 945 atque
805 869 867 929 in
910 870 1182 944 fortuna,
1248 886 1407 946 quae
1458 870 1798 932 stabilitatis
1840 871 1985 932 nihil
2025 874 2229 947 babet,

147 969 272 1013 sua
310 963 506 1029 ponat
547 952 792 1014 omnia?
858 953 990 1028 Ego
1037 971 1187 1016 vero
1232 954 1410 1032 istam
1453 970 1577 1015 non
1618 955 1807 1016 modo
1850 956 2228 1030 servitutem,

146 1036 279 1097 sed.
306 1052 506 1112 paene
553 1036 965 1113 captivitatem
1008 1044 1072 1099 et
1123 1036 1369 1114 quidem
1411 1037 1812 1099 miserrimam
1863 1041 2230 1101 censuerim.

149 1118 311 1195 Quid
354 1118 516 1180 enim
556 1120 815 1181 interest
848 1119 1008 1181 inter
1049 1138 1221 1195 eum,
1278 1121 1382 1196 qui
1424 1121 1666 1182 vinctus
1716 1122 1791 1183 ab
1838 1122 2120 1184 hostibus
2167 1129 2234 1183 et

148 1203 506 1264 carceribus
539 1206 872 1266 conclusus
905 1204 1292 1277 obsideatur,
1328 1211 1391 1265 et
1419 1222 1588 1278 eum,
1628 1206 1732 1281 qui
1761 1207 1978 1267 dolore
2009 1213 2230 1283 captus

147 1304 275 1349 suo
310 1303 572 1364 prorsus
616 1297 822 1348 careat
862 1286 1154 1349 arbitrio?
1226 1292 1311 1349 At
1336 1288 1440 1349 ille
1469 1288 1749 1365 quidem,
1808 1290 1919 1350 etsi
1963 1306 2230 1367 corpore

145 1369 425 1443 serviat,
449 1370 652 1431 animo
685 1379 889 1450 tamen
922 1370 1077 1432 liber
1104 1380 1202 1434 est
1230 1388 1346 1434 nec
1372 1372 1607 1433 dubitat
1637 1359 1964 1448 alid'uando
1998 1375 2132 1435 fore
2160 1381 2230 1435 ut

146 1454 496 1514 libertatem
529 1456 935 1531 adsequatur:
988 1455 1095 1531 qui
1126 1471 1279 1516 vero
1314 1455 1516 1518 dolori
1545 1465 1724 1532 paret
1756 1473 1871 1517 nec
1899 1458 2065 1518 valet
2096 1474 2204 1519 cor

146 1554 308 1614 pore
336 1545 400 1599 et
432 1538 633 1599 animo
666 1555 850 1615 quam
881 1539 1142 1600 maxime
1171 1539 1428 1599 laborat.
1498 1542 1631 1602 Non
1657 1539 1815 1600 enim
1847 1538 2059 1601 amicis
2091 1541 2207 1602 frui

144 1638 280 1682 non
325 1621 414 1680 rei
453 1620 736 1697 publicae
783 1623 1121 1700 prodesse,
1176 1639 1299 1683 non
1340 1623 1612 1699 privatas
1656 1640 1759 1685 res
1801 1640 2046 1698 curare,
2102 1642 2224 1686 non

144 1702 415 1781 publicis
464 1707 791 1766 consulere
839 1712 1067 1781 potest.
1140 1707 1229 1770 Ita
1272 1706 1332 1766 in
1366 1707 1490 1768 otio
1535 1714 1598 1768 et
1636 1707 1877 1783 quidem
1925 1708 2225 1770 molestis·

145 1787 309 1849 simo
357 1804 474 1848 nec
522 1788 803 1865 cuiquam
848 1795 1025 1866 paret
1075 1796 1369 1850 ettamen
1420 1790 1538 1850 sibi
1587 1807 1710 1852 non
1764 1791 2042 1866 imperat.
2113 1790 2226 1865 Qui

147 1889 343 1948 quum
373 1872 650 1934 adsiduis
684 1882 744 1935 et
770 1873 1046 1934 maximis
1080 1883 1391 1949 prematur
1419 1874 1748 1948 angustiiS,
1797 1877 2052 1936 alterum
2083 1891 2228 1934 esse

143 1973 416 2017 necesse
446 1965 571 2030 est,
602 1964 703 2030 ut,
737 1974 918 2034 quam
944 1957 1048 2017 diu
1079 1957 1137 2016 in
1171 1958 1389 2018 dolore
1419 1963 1733 2031 versatur,
1769 1974 2018 2032 semper
2040 1956 2230 2017 miser

143 2039 258 2113 sit,
296 2042 553 2101 alterum
582 2040 715 2102 fieri
745 2042 913 2102 nullo
948 2041 1134 2100 modo
1170 2046 1405 2117 potest,
1442 2048 1534 2113 ut,
1573 2039 1689 2100 nisi
1723 2041 1937 2101 dolere
1965 2039 2229 2112 desinat,

142 2141 182 2183 a
213 2122 475 2184 miseriis
506 2123 826 2185 eximatur.
918 2121 1019 2183 80.
1065 2124 1304 2199 Quanto
1338 2123 1674 2199 sapientius
1704 2122 2071 2199 Xenophon,
2102 2122 2223 2197 qui,

144 2224 339 2283 quum
373 2223 554 2271 sacra
597 2204 920 2269 sollemnia
955 2213 1283 2282 perageret
1322 2206 1741 2282 maioremque
1771 2213 1918 2267 natu
1946 2204 2133 2267 filium
2165 2205 2225 2265 in

142 2289 387 2366 proelio
418 2291 585 2366 apud
614 2291 982 2352 Mantineam
1018 2289 1323 2351 cecidisse
1351 2289 1621 2364 audiret,
1668 2306 1964 2352 coronam
1992 2296 2226 2350 tantum

141 2391 182 2435 e
218 2373 418 2451 capite
462 2374 779 2449 deposuit,
831 2376 944 2435 sed
974 2374 1035 2435 in
1067 2376 1265 2435 sacris
1295 2374 1665 2451 peragendis
1708 2381 2063 2445 constanter
2092 2389 2227 2449 per-

142 2459 318 2520 stitit.
388 2457 505 2519 Ubi
538 2474 686 2519 vero
719 2458 1012 2533 cognovit
1049 2457 1289 2519 fortiter
1320 2469 1689 2533 pugnantem
1736 2457 2072 2530 occidisse,
2126 2473 2226 2517 co·
2273 2492 2290 2507 -

140 2557 366 2603 ronam
397 2558 615 2602 rursus
649 2542 832 2616 capiti
869 2540 1166 2617 imposuit
1197 2541 1480 2616 deosque
1510 2541 1712 2616 ipsos,
1758 2542 1980 2616 quibus
2017 2541 2228 2602 litaba-

141 2634 278 2697 tur,
318 2630 577 2686 testatus
602 2633 699 2686 est
728 2626 1021 2685 maiorem
1052 2642 1123 2686 se
1144 2641 1226 2685 ex
1252 2623 1356 2685 filii
1383 2622 1608 2683 virtute
1638 2627 2012 2700 voluptatem
2045 2638 2226 2699 quam

140 2726 226 2770 ex
257 2707 429 2769 obitu
472 2707 818 2770 molestiam
860 2708 1126 2785 cepisse.
1199 2708 1356 2769 Huic
1400 2723 1517 2782 ego
1554 2723 1677 2766 non
1719 2705 2039 2767 dubitarim
2080 2704 2224 2781 quin

140 2789 385 2864 omnia,
425 2807 854 2866 quaecumque
882 2790 1165 2861 accidere
1190 2797 1455 2867 possent
1484 2790 1541 2848 in
1576 2789 1725 2863 vita,
1756 2790 1981 2850 nullam
2014 2794 2230 2849 essent

140 2874 671 2952 perturbationem
722 2876 1018 2936 adlatura.
1088 2875 1202 2951 Qui
1257 2874 1417 2936 enim
1468 2889 1670 2949 usque
1729 2889 1805 2934 eo
1849 2872 1910 2932 in
1969 2873 2223 2933 deorum

139 2960 314 3021 cultu
347 2966 641 3019 constans
679 2966 742 3020 et
771 2959 984 3020 firmus
1017 2966 1216 3031 esset,
1246 2965 1315 3019 ut
1341 2974 1545 3033 neque
1579 2955 1684 3016 filii
1713 2965 1909 3018 morte
1939 2957 2223 3016 nunciata
2253 3004 2254 3007 ,

138 3043 221 3103 ab
270 3041 346 3102 iis
390 3041 639 3102 avocari
683 3049 929 3118 posset,
984 3059 1094 3104 cur
1127 3059 1265 3102 eum
1307 3041 1553 3101 credam
1586 3039 1690 3100 filii
1732 3047 1929 3101 morte
1960 3039 2225 3113 lugenda

135 3144 175 3187 a
211 3126 475 3186 deorum
518 3128 836 3196 voluntate
872 3126 1302 3187 dissensurum
1349 3125 1583 3185 fuisse?
1637 3130 1742 3184 aut
1788 3123 1889 3198 qui
1942 3120 2221 3182 virtutem

135 3208 249 3274 filii
277 3208 445 3268 vitae
487 3210 844 3283 anteferret,
896 3226 1022 3271 non
1062 3209 1197 3270 iure
1231 3208 1400 3269 credi
1441 3208 1646 3285 possit
1686 3205 1852 3267 illum
1897 3212 1956 3266 et
1987 3204 2223 3266 virtutis

137 3291 353 3354 studio
402 3290 722 3354 incensum
770 3302 830 3353 et
877 3292 1110 3368 patriae
1161 3292 1412 3352 caritate
1460 3291 1788 3367 impulsum
1834 3305 2050 3350 omnes
2099 3304 2221 3347 mo·

137 3377 356 3441 lestias
384 3391 736 3451 omnesque
772 3376 1148 3437 calamitates
1180 3375 1577 3437 libentissime
1616 3373 1807 3434 fuisse
1838 3371 2221 3439 subiturum?
