2381 3723
176 158 277 213 ³75
375 147 585 208 ANTE
612 146 834 221 QUAM
856 148 958 208 IR.
981 147 1057 207 lN
1079 146 1327 207 Exle.
1375 147 1748 213 CAP.1—-3.
1791 158 2058 220 §.l—8.
2128 148 2254 214 365

164 297 299 360 sori
323 297 744 371 sustinendus,
782 297 839 357 in
863 298 951 358 rei
975 297 1255 373 publicae
1277 297 1534 373 insidiis,
1562 315 1685 376 quo
1710 299 1943 362 firmius
1968 305 2258 379 estquod

163 389 597 460 oppugnatur,
658 397 733 442 eo
777 380 1119 456 paratiores
1165 392 1309 444 sunt
1349 382 1603 456 inimici,
1658 391 1728 444 ut
1762 384 1835 445 iis
1878 384 1996 445 nisi
2036 402 2259 463 magna

168 464 608 537 sollicitudine,
666 463 991 538 industria,
1055 464 1280 528 virtute
1334 484 1456 528 non
1513 475 1698 542 queat
1745 467 1969 529 resisti.
2070 471 2129 530 5.
2181 470 2260 530 Et

165 549 551 624 singulorum
602 565 756 624 opes
797 565 987 624 saepe
1036 557 1179 610 sunt
1214 556 1435 611 tenues
1471 558 1533 611 et
1572 549 1849 613 infirmae
1880 553 1956 612 ad
1999 552 2256 627 gratiam

168 634 555 693 referendam
585 678 601 705 ,
664 640 733 693 ut
797 632 1080 709 opitulari
1141 635 1301 695 bene
1357 635 1733 696 merentibus
1784 643 2136 712 nequeant,
2204 637 2258 697 si

171 716 434 776 maxime
476 717 756 792 cupiant:
812 715 1247 780 universorum
1279 717 1565 779 auxilium
1609 734 1686 780 eo
1739 719 2062 793 plurimum
2111 738 2255 798 pro·

168 802 341 870 dest,
374 801 542 876 quod
566 799 938 862 firmioribus
964 800 1187 882 opibus
1213 810 1311 863 est
1340 802 1567 862 nixum.
1655 804 1793 864 lure
1814 802 2020 879 igitur,
2063 821 2256 881 quon·

168 884 290 944 iam
335 891 396 944 et
441 883 636 944 maior
684 884 967 961 impensa
1004 885 1064 945 in
1110 885 1366 961 patriam
1409 884 1595 946 officii
1636 887 1796 947 facta
1837 895 1934 947 est
1976 904 2158 963 quam
2194 888 2252 948 in

166 967 413 1043 privata
455 968 524 1038 fit
566 968 926 1029 defensione
957 976 1018 1029 et
1055 971 1197 1044 plus
1229 987 1264 1029 a
1294 968 1476 1045 vobis
1517 969 1805 1046 praesidii
1839 987 2020 1045 quam
2052 988 2088 1030 a
2121 988 2257 1031 cae·

166 1050 317 1111 teris
369 1050 506 1127 opis
562 1052 642 1111 ad
695 1054 955 1114 salutem
1004 1060 1216 1129 potest
1252 1052 1505 1125 adferri,
1567 1068 1682 1113 vos
1728 1054 2034 1126 obtestor,
2094 1072 2254 1130 quos

169 1133 315 1194 mihi
346 1141 406 1195 et
442 1135 670 1197 debere
701 1143 762 1197 et
792 1152 984 1213 posse
1011 1136 1284 1213 intelligo
1311 1134 1615 1214 opitulari.
1704 1136 1764 1198 6.
1807 1137 1941 1197 Νοη
1968 1138 2257 1198 convenit

169 1217 364 1290 enim,
424 1235 611 1293 quum
648 1236 766 1295 ego
806 1222 883 1281 ad
920 1221 1398 1296 promerendum
1437 1219 1708 1280 officium
1743 1219 2114 1280 tamd'uerim
2151 1227 2256 1281 ex·-

169 1299 448 1377 pedituS,
483 1317 601 1364 vos
625 1304 704 1364 ad
728 1302 985 1379 gratiam
1008 1305 1390 1365 referendam
1418 1320 1562 1365 esse
1583 1303 1917 1376 tardiores,
1949 1319 2045 1377 ne,
2080 1304 2253 1365 cuius

166 1384 628 1461 amplitudinem
676 1394 740 1447 et
778 1387 1032 1461 gloriam
1076 1388 1260 1449 laude
1289 1395 1473 1464 atque
1502 1387 1843 1448 honoribus
1881 1386 2257 1464 amplificare

172 1468 484 1541 debeatis,
531 1469 664 1531 eius
708 1469 1184 1532 incolumitatem
1218 1478 1279 1531 et
1318 1471 1575 1532 salutem
1608 1471 2015 1532 deserendam
2048 1472 2257 1532 existi-

170 1552 370 1612 metis.
458 1554 558 1613 111.
613 1554 847 1615 Etenim
898 1562 1092 1627 errat,
1148 1554 1201 1616 si
1236 1556 1373 1629 quis
1404 1553 1735 1615 arbitratur
1771 1555 1854 1615 Μ.
1877 1553 2136 1616 Tullium
2169 1555 2256 1615 id-

169 1635 339 1696 circo
389 1633 447 1695 in
490 1636 826 1711 periculum
875 1638 1091 1714 capitis
1134 1638 1377 1712 vocari,
1434 1639 1600 1714 quod
1648 1638 1973 1716 deliquerit
2004 1639 2255 1716 aliquid,

171 1719 344 1795 quod
384 1720 639 1795 patriam
684 1722 961 1796 laeserit,
1002 1723 1170 1798 quod
1215 1721 1496 1798 improbe
1535 1721 1775 1782 vixerit.
1860 1724 1992 1785 Non
2039 1723 2259 1783 citatur

172 1818 318 1865 reus
358 1804 679 1867 audaciae:
742 1805 978 1868 virtutis
1015 1823 1161 1868 reus
1188 1805 1422 1867 citatur.
1507 1805 1643 1868 Non
1674 1813 2035 1880 accusatur,
2084 1806 2255 1882 quod

174 1903 304 1947 rem
344 1888 649 1964 publicam
696 1890 759 1950 vi
802 1889 1202 1986 oppugnarit,
1248 1891 1362 1950 sed
1395 1890 1582 1965 quod
1600 1889 1788 1951 homo
1819 1906 2022 1951 novus
2054 1889 2254 1964 perni-

172 1971 409 2033 ciosum
457 1959 747 2035 nobilium
792 1973 1178 2035 restrinxerit
1213 1976 1503 2035 furorem.
1587 1974 1721 2033 Non
1765 1972 1945 2034 obest
1974 1972 2116 2032 mihi
2148 1990 2255 2033 no-

172 2071 325 2116 cens
368 2063 429 2117 et
467 2057 690 2134 turpis,
737 2059 852 2118 sed
895 2055 1333 2119 honestissime
1362 2054 1908 2130 laudatissimeque
1937 2062 2073 2116 acta
2112 2055 2253 2116 vita.

173 2138 305 2199 Non
341 2140 485 2201 odio
520 2142 885 2212 bonorum,-
913 2141 1026 2201 sed
1072 2140 1300 2201 invidia
1343 2156 1593 2216 premor
1636 2139 1955 2200 malorum.
2057 2139 2117 2200 7.
2163 2141 2255 2199 ln-

174 2221 458 2297 telligunt
484 2224 764 2286 homines
791 2231 885 2286 tot
913 2231 1122 2285 ettam
1156 2224 1488 2298 praeclaris
1511 2222 1875 2285 testimoniis
1900 2238 2255 2285 monumen·

175 2305 380 2381 tisque
414 2307 652 2370 virtutis
684 2308 1056 2385 comparatis
1087 2310 1169 2369 Μ.
1192 2308 1420 2382 Tullio,
1464 2308 1606 2369 dum
1632 2307 1712 2370 sit
1732 2307 2089 2381 incolumis,
2123 2308 2256 2368 fore

175 2390 496 2466 voluptati.
597 2392 834 2453 Idcirco
866 2391 1062 2452 -vitam
1106 2391 1347 2468 eripere
1391 2392 1670 2469 cupiunt,
1716 2392 1801 2453 uti
1851 2408 1987 2452 cum
2034 2389 2253 2469 spiritu

174 2489 431 2534 sensum
485 2493 737 2552 quoque
791 2475 1061 2536 adimant
1112 2474 1526 2537 iucunditatis.
1612 2478 1833 2537 Nonne
1881 2475 2063 2552 igitur
2106 2474 2255 2544 indi·

173 2565 504 2632 gnum>est
545 2576 656 2621 eos
703 2559 992 2637 praemiis
1036 2558 1188 2619 meis
1231 2557 1536 2629 invidere,
1599 2558 1705 2634 qui
1747 2558 1971 2620 virtute
2018 2567 2272 2620 certare·
2335 2604 2336 2607 η

177 2642 531 2716 noluerunt,
580 2660 692 2704 eos
734 2643 793 2703 in
837 2642 1294 2704 contentionem
1322 2640 1535 2701 venire
1566 2641 1852 2713 honoris,
1900 2642 2003 2716 qui
2035 2640 2256 2702 officiis

85 2779 99 2790 .
174 2740 249 2784 se
278 2727 559 2802 superari
591 2726 793 2788 animo
825 2725 1203 2802 aequissimo
1238 2726 1541 2787 tulerunt?
1608 2722 1672 2784 Si
1701 2723 1898 2784 dulcis
1922 2730 2020 2783 est
2039 2723 2254 2800 gloria,

175 2823 572 2884 consequere
602 2811 915 2872 virtutem:
971 2809 1097 2871 noli
1136 2809 1402 2870 abiicere
1443 2808 1723 2880 laboreS,
1770 2808 2032 2883 perdere
2064 2808 2254 2868 hono·

172 2908 338 2953 rem:
385 2896 684 2955 honorem
711 2894 894 2955 dico?
933 2894 1116 2955 immo
1144 2909 1294 2954 vero
1322 2895 1574 2964 famam,
1609 2894 1917 2965 fortunaS,
1952 2890 2255 2962 familiam,

175 2975 436 3048 liberoS,
486 2985 699 3054 caput,
752 2974 1012 3055 corpuS,
1074 2978 1277 3054 ipsum
1325 2976 1591 3051 denique
1635 2974 1996 3052 sanguinem
2036 2984 2099 3036 et
2134 2973 2258 3035 ani-

176 3075 361 3119 mam.
451 3062 616 3124 Cedo
658 3062 884 3123 invitus
927 3063 1006 3121 de
1036 3078 1103 3122 re
1135 3058 1407 3136 publica,
1454 3060 1608 3120 cedo
1641 3076 1985 3135 oppressus
2018 3059 2096 3117 de
2135 3060 2258 3118 for·

177 3150 357 3217 tuna,
414 3146 494 3205 de
540 3146 860 3223 dignitate,
916 3145 1171 3206 discedo
1223 3146 1301 3204 ab
1346 3161 1414 3204 re
1467 3143 1710 3217 publica
1758 3142 1954 3202 victus
2002 3141 2258 3202 audacia

177 3228 501 3290 malorum.
591 3229 651 3290 8.
695 3230 902 3290 Liceat
942 3244 1222 3301 manere,
1267 3227 1321 3289 si
1363 3244 1488 3289 non
1520 3226 1685 3288 illum
1715 3227 1795 3286 M.
1822 3224 2110 3299 Tullium,
2154 3241 2254 3285 cu-

176 3313 426 3373 stodem
453 3314 651 3385 urbis,
691 3314 1078 3374 defensorem
1107 3311 1405 3384 omnium,
1453 3318 1684 3387 patrem
1709 3309 1968 3386 patriae,
2006 3316 2068 3368 at
2092 3314 2259 3369 certe

178 3395 476 3473 reliquias
517 3396 722 3459 Tulliie
782 3396 962 3457 liceat
1009 3395 1070 3457 in
1117 3404 1456 3472 conspectu
1500 3394 1751 3468 civium,
1810 3393 1869 3454 in
1920 3394 2035 3452 hac
2088 3390 2257 3461 urbe,
