2381 3723
210 140 318 194 m
973 126 1529 188 POEMATORUM.
2160 127 2288 190 311

338 279 458 339 Hic
484 280 624 351 erit,
668 279 839 339 haud
855 282 1038 355 plena
1060 281 1284 353 poteris
1313 294 1491 352 quam
1519 295 1765 339 cernere
1793 283 1954 351 luna,

212 362 494 423 Obscura
531 362 740 436 specie
771 364 1081 422 stellarum
1115 362 1158 420 C
1172 379 1207 419 a
1223 378 1253 420 s
1270 361 1381 422 sie
1398 361 1552 436 pia:

217 447 368 506 Nam
399 461 517 505 non
547 446 796 506 crebrae
821 448 912 505 illi
934 448 1139 505 stellae
1166 461 1355 519 neque
1381 446 1584 505 sidera
1609 448 1812 506 iuncta

222 530 538 603 Eqreqium
565 545 645 588 ex
664 531 847 589 variis
872 536 1226 604 componunt
1255 529 1485 602 iynibus
1512 533 1705 604 iqnem
1718 551 1738 588 .-
2185 541 2290 595 195
2333 538 2338 543 ’

219 612 344 672 Sed
362 610 531 689 quali
550 618 761 687 portas
789 615 1064 684 firmatas
1094 613 1277 672 obiice
1306 615 1464 672 clavi
1754 635 1758 639 ·
1837 610 1840 611 *

223 696 489 757 Occludit
513 699 687 756 vectis
718 695 902 769 bifori
923 698 1010 755 vis
1037 696 1233 757 obdita
1263 698 1486 768 valvae,

228 778 395 840 Talia
418 786 477 841 et
501 780 659 840 hanc
684 782 860 840 etiam
877 782 1053 855 prive
1080 780 1341 854 disposta
1362 782 1632 852 fiqurant

216 863 461 936 Sidera,
502 869 562 924 ετ
589 866 721 937 ipsa
755 864 907 924 adeo
929 865 1125 939 passis
1152 863 1505 923 distenditur
1530 860 1730 932 ulnis,>

217 945 352 1006 Non
382 962 548 1006 secus
573 963 647 1007 ac
677 955 887 1007 sortem
917 954 1097 1007 natae
1126 949 1436 1006 miseretur
1461 948 1743 1020 iniquam.
2180 959 2286 1011 200

349 1029 520 1088 Hanc
549 1037 750 1090 autem
789 1028 1319 1091 illustriversatur
1348 1043 1611 1104 coi-pom
1639 1036 1908 1110 propter*

216 1115 278 1170 A
295 1129 330 1171 n
349 1112 388 1171 d
402 1130 433 1172 r
447 1128 483 1172 ο
497 1129 555 1172 m
570 1127 604 1172 e
619 1114 655 1173 d
670 1130 706 1173 a
722 1160 736 1187 ‚
780 1113 857 1171 ah
893 1112 1131 1189 fugiens
1166 1119 1484 1186 aspectum
1514 1119 1748 1172 maesta
1779 1113 2079 1186 parentis:

223 1197 411 1265 Quam
439 1212 555 1257 non
589 1199 865 1257 sollicitus
898 1203 1072 1258 noctu
1102 1197 1275 1257 labor
1302 1196 1665 1271 inquirundi,

228 1279 387 1338 Tam*
401 1282 632 1340 clarum
662 1288 846 1356 caput
868 1287 980 1355 est,
1026 1287 1149 1340 tam
1172 1295 1388 1354 maqno
1416 1280 1611 1339 sidere
1631 1282 1904 1353 flaqrant

218 1363 402 1422 Ambo
429 1363 662 1424 humeri
683 1368 1005 1440 summique
1023 1365 1210 1439 pedes
1237 1369 1530 1437 vestesque
1548 1365 1814 1436 fluentes.
2174 1373 2282 1426 2⁰5

214 1447 388 1507 Haec
414 1450 590 1507 etiam
617 1450 679 1507 in
705 1450 908 1508 varias
937 1448 1218 1508 distendit
1245 1447 1493 1507 brachia
1515 1454 1737 1520 parteS,
1763 1484 1772 1495 ·

224 1529 414 1605 thue
430 1533 634 1606 prius,
676 1535 762 1592 sic
789 1548 948 1592 nunc
979 1534 1042 1591 in
1070 1546 1286 1604 maqno
1313 1533 1548 1590 vincula
1572 1530 1791 1590 mundo

223 1613 352 1673 Non
381 1615 645 1673 relevant
671 1615 823 1675 duro
855 1615 1122 1689 defessas
1136 1616 1410 1690 pondere
1438 1617 1690 1689 palmas.

346 1694 500 1756 Huic
527 1697 630 1772 Eq
650 1714 786 1757 uus
818 1697 945 1769 ille,
991 1697 1190 1758 iubam
1228 1697 1509 1772 quatiens
1541 1698 1777 1771 fulgore
1810 1698 2076 1772 micanti,

220 1778 536 1840 Summum
572 1780 867 1856 contingit
894 1790 1077 1857 caput
1102 1783 1272 1853 aive,
1318 1781 1617 1854 stellaque
1640 1779 1903 1856 iungens
2182 1792 2288 1845 210

219 1863 356 1925 Una
384 1871 552 1923 tenet
583 1864 858 1940 duplices
891 1864 1200 1926 communi
1227 1865 1452 1925 lumine
1485 1866 1731 1936 formas»,

220 1948 554 2006 Aeternum
588 1963 665 2008 ex
695 1949 877 2010 astris
907 1949 1163 2024 cupiens
1197 1955 1562 2008 connectere
1590 1947 1841 2008 nodum.

220 2030 345 2090 Sed
366 2033 522 2092 tatus
544 2039 724 2107 atque
746 2049 948 2094 armos
975 2034 1309 2108 depinqunt
1338 2038 1510 2092 terna
1540 2030 1775 2103 caballi,

220 2113 478 2188 Aequali
499 2132 540 2174 a
568 2133 692 2176 sese
717 2119 908 2192 spatio
936 2133 1090 2191 quae
1114 2117 1317 2175 sidera
1352 2117 1585 2183 distant,

220 2197 461 2258 Eximio
477 2198 749 2274 suffore,
792 2201 1001 2275 quibus
1015 2215 1146 2275 par
1172 2215 1284 2259 nec
1307 2203 1492 2273 caput
1517 2200 1700 2256 altum
2185 2207 2289 2259 215

218 2280 346 2340 Nec
371 2283 549 2355 lonqa
575 2289 664 2343 est
686 2287 892 2343 cervix
905 2304 926 2342 .-
955 2285 1278 2358 flaqrantis
1305 2290 1371 2341 at
1394 2284 1599 2342 ultima
1631 2283 1827 2340 malae

222 2363 510 2434 Quattuor
535 2367 628 2426 his
659 2369 795 2426 aliis
823 2383 939 2428 non
970 2367 1146 2427 cedat
1172 2368 1344 2426 stella
1372 2367 1575 2438 nitore,

219 2448 538 2521 Fulqentes
569 2453 723 2510 inter
748 2452 946 2511 stellas
972 2451 1167 2511 media
1198 2453 1331 2524 ipsa
1358 2447 1683 2523 refulq'ens.

220 2530 352 2590 Non
379 2534 647 2605 equidem
675 2534 772 2593 hic
802 2535 1171 2609 quadrupes,
1215 2546 1417 2592 verum
1444 2531 1640 2590 media
1673 2537 1839 2593 tenus
1867 2534 1999 2591 alvo

220 2613 586 2689 Conspicuus
608 2616 852 2691 profert
874 2619 1106 2691 sonipes
1132 2616 1482 2676 venerabilis
1504 2628 1634 2673 ora.
2186 2623 2290 2674 220

216 2696 400 2757 Hunc
421 2698 598 2770 fama
619 2706 709 2761 est
729 2703 867 2761 olim
890 2708 1137 2776 propter
1161 2702 1303 2773 iuqa
1330 2712 1556 2758 summa
1583 2693 1881 2755 Heliconis

216 2779 745 2855 Hippocrenaeum
765 2785 928 2844 nobis
954 2784 1204 2843 donasse
1232 2785 1542 2857 liquorem.-

227 2861 396 2922 Tunc
420 2867 681 2927 nondum
707 2868 884 2927 Aonii
903 2868 1189 2927 maduere
1214 2867 1467 2926 virentia
1494 2865 1701 2923 montis

217 2946 502 3009 Fecundo
525 2952 738 3011 latice.-
776 2957 843 3010 ut
867 2953 1142 3024 qenerosi
1160 2952 1362 3025 prima
1386 2948 1607 3008 caballi

227 3028 464 3104 Unqula
495 3033 736 3094 humum
762 3037 969 3109 tetiqit,
1013 3037 1188 3095 simut
1217 3037 1424 3107 ἔπρεπε
1444 3033 1725 3106 prosiluit
1746 3029 1907 3103 fons,
1997 3049 2004 3066 ·
2188 3034 2292 3085 225

227 3111 401 3174 Unde
431 3116 906 3179 Caballirtum
932 3120 1119 3194 primi
1140 3120 1399 3178 vocitare
1424 3115 1688 3175 bubulci.-

215 3196 339 3257 Ilte
365 3200 601 3272 quidem
627 3204 858 3263 stillans
884 3219 918 3262 e
944 3204 1114 3261 saxis
1140 3204 1361 3275 irriqat
1381 3213 1577 3273 aaros,

225 3279 483 3356 Ἠιεερὶα
511 3291 705 3358 terra,
750 3291 904 3358 tuos,
946 3286 1057 3345 sed
1080 3285 1287 3358 Equus
1309 3299 1425 3359 pro
1452 3297 1693 3341 munere
1724 3285 1882 3339 tanto

213 3363 502 3428 Exornat
524 3371 732 3444 maqni
744 3371 1086 3446 penetralia
1113 3369 1319 3428 lucida
1345 3368 1518 3427 caeli.
