2381 3723
534 234 545 239 *
632 159 853 219 L113.1.
902 159 1072 219 CAP.
1102 167 1368 223 25—27.
1410 169 1462 230 s.
1495 169 1762 223 88—94.
2150 161 2236 224 29

152 307 344 368 ribus.
421 307 546 368 Sed
590 308 746 369 haec
777 309 1026 385 quidem
1057 309 1378 378 hactenus,
1449 309 1551 371 92.
1597 312 1750 371 Illud
1784 327 1986 370 autem
2017 309 2107 372 sic
2138 317 2234 372 est

150 391 578 466 iudicandum,
633 393 930 455 maximas
976 393 1107 470 geri
1147 410 1250 454 res
1290 401 1353 454 et
1380 392 1624 454 maximi
1656 393 1837 454 animi
1870 395 1945 451 ab
1977 393 2083 467 iis,
2128 393 2231 468 qui

148 491 252 535 res
302 474 587 550 publicas
643 485 885 551 regant,
951 477 1120 552 quod
1173 493 1382 538 earum
1435 476 1879 538 administratio
1934 476 2228 538 latissime

151 565 362 634 pateat
408 559 487 618 ad
530 558 953 641 plurimosque
997 559 1327 637 pertineat,
1384 578 1526 624 esse
1569 569 1772 622 autem
1815 559 2018 636 magni
2051 559 2234 620 animi

150 649 214 702 et
247 639 447 703 fuisse
498 643 724 704 multos
759 644 938 704 etiam
987 644 1047 705 in
1077 643 1203 704 vita
1233 644 1460 719 otiosa,
1514 644 1618 721 qui
1653 651 1760 706 aut
1792 643 2236 721 investigarent

149 732 255 786 aut
287 735 663 787 conarentur
689 743 914 804 magna
957 729 1258 824 quaedam
1292 744 1559 803 seseque
1587 744 1837 790 suarum
1868 744 2074 789 rerum
2104 727 2233 789 fini-

149 810 269 870 bus
324 807 711 871 continerent
738 820 844 871 aut
879 810 1177 872 interiecti
1220 810 1380 872 inter
1407 811 1814 888 philosophos
1845 820 1908 872 et
1935 828 2076 883 θοε,
2128 810 2233 886 qui

148 909 280 952 rem
329 891 636 968 publicam
667 893 1187 968 administrarent,
1223 895 1674 956 delectarentur
1701 912 1770 956 re
1800 912 1914 957 sua
1943 894 2232 969 familiari,

150 993 277 1037 non
325 992 462 1036 eam
507 976 767 1052 quidem,
799 976 963 1040 omni
1014 978 1251 1038 ratione
1296 985 1743 1054 exaggerantes
1783 995 1988 1055 neque
2029 979 2234 1039 exclu-

152 1061 379 1120 dentes
426 1060 502 1119 ab
541 1059 672 1122 eius
715 1079 837 1122 usu
878 1079 1029 1124 suos
1073 1061 1406 1138 potiusque
1451 1069 1513 1122 et
1559 1062 1771 1123 amicis
1813 1061 2233 1137 impertientes

151 1153 214 1204 et
242 1142 336 1203 rei
367 1143 679 1219 publicae,
735 1145 786 1225 si
825 1147 1072 1222 quando
1108 1162 1262 1206 usus
1307 1151 1497 1206 esset.
1577 1147 1743 1221 Quae
1786 1145 2042 1221 primum
2073 1146 2234 1206 bene

152 1234 333 1304 parta
364 1226 445 1287 sit
471 1229 639 1290 nullo
669 1245 871 1304 neque
902 1228 1067 1304 turpi
1091 1234 1354 1304 quaestu
1378 1245 1581 1303 neque
1615 1228 1866 1301 odioso,
1894 1237 2019 1289 tum
2053 1245 2233 1303 quam

153 1309 470 1387 plurimis,
504 1313 690 1373 modo
723 1312 956 1388 dignis,
989 1329 1060 1374 se
1088 1312 1297 1373 utilem
1326 1313 1647 1388 praebeat,
1681 1310 1903 1372 deinde
1938 1319 2236 1386 augeatur

148 1394 425 1466 ratione,
490 1394 829 1471 diligentia,
899 1394 1279 1472 parcimonia
1333 1412 1451 1456 nec
1513 1394 1741 1456 libidini
1804 1395 2010 1472 potius
2061 1397 2235 1454 luxu·

149 1478 411 1552 tiaeque
476 1496 655 1554 quam
713 1478 1051 1541 liberalitati
1122 1486 1187 1540 et
1236 1479 1679 1540 beneficentiae
1750 1485 1979 1576 pareat.
2065 1479 2236 1538 Haec

148 1560 544 1638 praescripta
613 1572 962 1624 servantem
1002 1562 1145 1624 lieet
1202 1564 1551 1639 magnifice,
1610 1562 1877 1639 graviter
1932 1561 2236 1623 animose·

149 1661 272 1720 que
320 1643 538 1706 vivere
577 1653 763 1723 atque
817 1647 997 1708 etiam
1050 1646 1433 1753 simpliciter,
1488 1647 1780 1720 fideliter,
1842 1645 2003 1706 vitae
2045 1644 2235 1706 homi-

150 1746 295 1789 num
336 1728 554 1789 amice.

275 1813 528 1873 XXVII.
574 1811 674 1875 93.
763 1813 1056 1890 Sequitur
1087 1821 1155 1874 ut
1195 1814 1276 1875 de
1319 1829 1443 1876 una
1482 1813 1718 1890 reliqua
1747 1822 1920 1890 parte
1951 1812 2234 1874 honesta-

151 1896 227 1957 tis
268 1897 603 1958 dicendum
650 1896 757 1971 sit,
801 1897 859 1958 in
900 1916 1022 1974 qua
1055 1897 1427 1983 verecundia
1454 1907 1518 1958 et
1560 1896 1736 1973 quasi
1774 1896 2021 1973 quidam
2061 1911 2236 1956 orna·

151 1989 252 2041 tus
302 1978 503 2053 vitae,
549 1982 986 2057 temperantia
1002 1988 1064 2042 et
1101 1971 1405 2043 modestia
1446 1980 1770 2056 omnisque
1817 1978 2050 2040 sedatio
2100 1995 2237 2054 per·

150 2064 573 2132 turbationum
635 2064 816 2125 animi
872 2074 934 2126 et
984 2081 1186 2125 rerum
1252 2066 1475 2126 modus
1536 2062 1823 2124 cernitur.
1910 2063 2046 2121 Hoc
2095 2062 2235 2121 loco

149 2146 512 2209 continetur
556 2146 616 2208 ld
635 2189 665 2222 ,-
709 2150 876 2224 quod
927 2148 1046 2209 dici
1099 2148 1310 2209 Latine
1361 2149 1660 2208 decorum
1701 2152 1941 2222 potest.
2006 2145 2238 2205 Graece

152 2230 317 2291 enim
354 2227 617 2309 πρέπον
662 2231 901 2293 dicitur.
978 2232 1175 2293 Huius
1209 2231 1305 2294 vis
1341 2248 1415 2292 ea
1444 2239 1569 2305 est,
1614 2238 1682 2291 ut
1714 2232 1792 2291 ab
1818 2230 2081 2292 honesto
2111 2245 2235 2289 non

153 2322 345 2389 queat
386 2314 680 2391 separari.
767 2316 870 2377 94.
925 2317 1075 2377 Nam
1128 2322 1190 2377 et
1231 2316 1401 2391 quod
1440 2316 1621 2376 decet
1655 2316 1981 2376 honestum
2025 2320 2123 2374 est
2178 2318 2239 2371 et

153 2400 330 2471 quod
373 2400 700 2460 honestum
746 2406 843 2460 est
872 2401 1070 2461 decet.
1146 2398 1354 2475 Qualis
1393 2407 1596 2460 autem
1640 2397 1983 2460 differentia
2014 2397 2094 2458 sit
2130 2396 2237 2455 ho-

154 2480 317 2542 nesti
388 2489 451 2543 et
503 2482 714 2544 decori
775 2482 1006 2543 facilius
1073 2481 1328 2559 intelligi
1391 2500 1574 2558 quam
1632 2481 1947 2558 explanari
2012 2487 2237 2558 potest.

155 2563 471 2641 Quidquid
528 2574 625 2627 est
668 2566 827 2627 enim
880 2568 1047 2642 quod
1104 2568 1350 2640 deceat,
1411 2565 1474 2625 id
1515 2573 1640 2626 tum
1698 2572 1985 2642 apparet,
2052 2579 2237 2640 quum

156 2656 524 2724 antegressa
569 2657 668 2710 est
715 2650 1030 2712 honestas.
1119 2652 1335 2726 ltaque
1376 2666 1500 2711 non
1554 2649 1754 2710 solum
1797 2648 1854 2708 in
1903 2648 2020 2707 hac
2065 2653 2239 2722 parte

156 2730 537 2805 honestatis,
585 2733 663 2793 de
696 2750 817 2808 qua
846 2735 967 2795 hoc
1004 2736 1143 2796 loco
1180 2734 1607 2795 disserendum
1640 2738 1769 2806 est,
1817 2732 1939 2792 sed
1966 2730 2145 2791 etiam
2175 2727 2236 2789 in

158 2814 356 2877 tribus
400 2816 826 2893 superioribus
875 2817 1021 2893 quid
1080 2819 1298 2879 deceat
1340 2825 1614 2895 apparet.
1695 2817 1841 2877 Nam
1897 2822 1959 2875 et
2003 2814 2239 2877 ratione

157 2898 243 2958 uti
276 2906 465 2975 atque
491 2901 768 2962 oratione
798 2902 1135 2978 prudenter
1157 2909 1221 2963 et
1248 2917 1434 2978 agere
1470 2901 1637 2977 quod
1669 2917 1819 2977 agas
1851 2900 2240 2963 considerate

157 2982 457 3059 omnique
491 2982 551 3044 in
592 3001 661 3045 re
690 2984 840 3060 quid
874 2985 952 3045 sit
979 2985 1107 3046 veri
1143 2985 1355 3045 videre
1385 2993 1448 3046 et
1472 2984 1629 3046 tueri
1660 2987 1865 3060 decet,
1899 2992 2239 3058 contraque

159 3065 311 3140 l'alli,
375 3084 612 3143 errare,
673 3068 820 3142 labi,
894 3068 1094 3145 decipi
1153 3077 1273 3129 tam
1333 3069 1592 3130 dedecet
1635 3086 1816 3145 quam
1867 3068 2127 3129 delirare
2181 3074 2240 3125 ct

160 3156 364 3210 mente
413 3168 560 3213 esse
610 3158 886 3228 captum,
951 3160 1013 3213 et
1059 3152 1223 3214 iusta
1252 3152 1455 3214 omnia
1504 3154 1733 3216 decora
1775 3160 1951 3224 sunt,
2014 3149 2240 3209 iniusta

160 3240 407 3307 contra,
448 3242 520 3295 ut
553 3234 788 3333 turpia,
830 3235 922 3297 sic
963 3234 1281 3297 indecora.
1360 3235 1585 3298 Similis
1628 3244 1725 3298 est
1755 3235 1910 3296 ratio
1936 3198 2214 3294 ’lortitudi

162 3315 278 3377 nis.
353 3281 534 3392 Q’uod
582 3318 741 3380 enim
782 3318 1034 3381 viriliter
1082 3319 1412 3393 animoque
1454 3337 1676 3395 magno
1725 3320 1821 3389 fit,
1878 3316 1941 3375 id
1982 3315 2229 3408 dignum

163 3398 299 3461 viro
328 3409 392 3463 et
423 3404 720 3465 decorum
760 3402 1029 3465 videtur:
1077 3404 1246 3479 quod
1279 3409 1521 3475 contra,
1580 3401 1639 3459 id
1685 3405 1751 3457 ut
1792 3404 1971 3469 turpe
2014 3394 2105 3453 sic
2149 3391 2237 3447 in-
