2381 3723
81 114 166 177 24
900 116 999 175 DE
1037 113 1354 176 OFFlclls

80 263 341 328 Salamis
374 264 754 327 clarissimae
796 266 971 327 testis
1005 265 1328 339 victoriae,
1383 281 1542 340 quae
1581 270 1990 340 anteponatur
2015 282 2163 328 con-

81 347 219 411 silio
268 348 520 411 Solonis
567 348 655 422 ei,
709 366 834 423 quo
875 349 1136 426 primum
1179 347 1497 410 constituit
1536 349 1976 425 Areopagitas,
2035 367 2166 412 non

81 433 285 496 minus
336 435 717 509 praeclarum
763 433 882 493 hoc
934 450 1119 508 quam
1173 432 1325 495 illud
1372 431 1766 493 iudicandum
1821 441 1937 494 est.
2010 434 2169 494 Illud

83 517 244 578 enim
274 517 468 578 semel
499 515 760 592 proruit,
812 516 933 577 hoc
978 533 1225 593 semper
1267 515 1541 591 proderit
1569 514 1827 576 civitati:
1874 517 1993 578 hoc
2021 533 2169 579 con-

81 599 217 661 silio
254 600 428 674 leges
463 598 961 674 Atheniensium,
1017 601 1137 661 hoc
1177 598 1474 661 maiorum
1517 597 1789 660 instituta
1818 608 2172 662 servantur.

81 685 156 743 Et
184 683 634 743 Themistocles
677 681 922 757 quidem
969 683 1114 744 nihil
1154 681 1404 755 dixerit,
1454 682 1514 742 in
1557 699 1681 758 quo
1725 682 1862 760 ipse
1890 689 2171 760 Areopa·

81 783 227 843 gum
281 765 610 826 adiuverit:
658 775 722 827 at
763 766 864 827 ille
915 784 1062 828 vere
1111 767 1188 826 ab
1239 783 1310 827 se
1358 767 1628 827 adiutum
1670 767 2174 828 Themistoclem.

86 851 194 912 Est
224 848 384 910 enim
415 849 642 910 bellum
674 857 918 926 gestum
951 850 1212 912 consilio
1247 857 1502 911 senatus
1533 849 1694 923 eius,
1728 851 1831 926 qui
1862 869 1897 912 a
1932 851 2175 912 Solone

82 941 217 995 erat
261 934 656 995 constitutus,
748 935 851 997 76.
895 933 1066 995 Licet
1102 935 1322 995 eadem
1365 935 1445 997 de
1475 933 1777 994 Pausania
1816 935 2174 1012 Lysandro-

84 1034 207 1092 que
238 1016 474 1090 dicere,
510 1034 772 1093 quorum
801 1019 989 1079 rebus
1020 1017 1213 1093 gestis
1248 1033 1618 1092 quamquam
1639 1016 1957 1094 imperium
1981 1019 2176 1079 Lace-

84 1099 430 1163 daemoniis
464 1145 480 1162 .
508 1144 522 1158 .
547 1144 564 1162 .
590 1146 604 1160 .
640 1109 918 1178 putatur,
949 1109 1151 1162 tamen
1194 1117 1272 1161 ne
1316 1099 1561 1163 minima
1598 1101 1845 1176 quidem
1876 1118 1955 1162 ex
1989 1108 2171 1178 parte

81 1184 352 1263 Lycurgi
397 1184 634 1262 legibus
666 1193 729 1247 et
756 1185 1117 1262 disciplinae
1151 1184 1522 1269 ⁸conferendi
1553 1192 1718 1245 sunt.
1796 1184 1946 1261 Quin
1983 1185 2176 1246 etiam

83 1270 163 1331 ob
209 1271 322 1331 has
363 1268 538 1344 ipsas
580 1286 804 1331 causas
835 1277 899 1330 et
941 1268 1325 1347 parentiores
1370 1269 1715 1329 habuerunt
1752 1268 2064 1330 exercitus
2107 1276 2173 1329 et

86 1353 397 1415 fortiores.
472 1352 615 1414 Mihi
659 1353 906 1428 quidem
950 1369 1152 1429 neque
1195 1351 1405 1429 pueris
1454 1350 1632 1412 nobis
1673 1352 1755 1412 Μ.
1794 1352 2067 1414 Scaurus
2102 1354 2172 1413 C.

83 1436 278 1497 Mario
327 1451 558 1509 neque,
613 1453 801 1509 quum
846 1452 1235 1498 versaremur
1277 1436 1338 1495 in
1382 1451 1448 1495 re
1490 1432 1763 1511 publica,
1815 1437 1885 1512 Q.
1916 1437 2170 1497 Catulus

87 1521 194 1580 Cn.
225 1517 519 1594 Pompeio
554 1520 778 1580 cedere
813 1519 1154 1581 videbatur.
1227 1517 1406 1579 Parvi
1437 1518 1597 1580 enim
1623 1529 1769 1581 sunt
1798 1519 1947 1582 foris
1977 1537 2173 1590 arma,

83 1601 204 1662 nisi
239 1609 338 1663 est
372 1601 695 1662 consilium
731 1603 916 1664 domi.
988 1604 1114 1664 Nec
1155 1604 1297 1680 plus
1325 1601 1689 1676 AfricanuS,
1732 1602 2060 1680 singularis
2108 1610 2175 1663 et

86 1684 179 1745 vir
207 1693 270 1746 et
291 1684 654 1760 imperator,
690 1684 749 1747 in
782 1687 1126 1748 excidenda
1154 1685 1479 1751 Numantia
1505 1686 1592 1748 rei
1623 1686 1908 1763 publicae
1939 1685 2175 1763 promit

87 1785 269 1844 quam
297 1770 520 1829 eodem
552 1778 831 1845 tempore
855 1772 917 1831 P.
941 1769 1160 1831 Nasica
1185 1769 1480 1847 privatus,
1507 1788 1696 1846 quum
1717 1770 1805 1832 Ti.
1826 1771 2174 1832 Gracchum

84 1851 412 1915 interemit.
498 1854 876 1929 Quamquam
919 1855 1072 1915 haec
1112 1853 1361 1929 quidem
1408 1871 1509 1915 res
1541 1872 1664 1917 non
1704 1856 1905 1917 solum
1936 1871 2013 1914 ex
2059 1855 2170 1915 do·

86 1937 344 2000 mestica
392 1944 490 1999 est
531 1937 769 1999 ratione
797 1973 880 1984 —-
910 1936 1151 2014 attingit
1194 1937 1374 1999 etiam
1413 1938 1713 2013 bellicam,
1778 1938 2067 2015 quoniam
2112 1937 2171 1998 vi

86 2038 398 2098 manuque
427 2024 712 2084 confecta
754 2030 853 2086 est
883 2058 998 2097 -—-,
1031 2023 1142 2084 sed
1179 2029 1382 2082 tamen
1427 2021 1492 2082 id
1534 2020 1738 2099 ipsum
1787 2030 1888 2085 est
1925 2028 2174 2099 gestum

87 2105 348 2167 consilio
388 2107 628 2166 urbano
684 2106 819 2168 sine
867 2105 1160 2169 exercitu.
1250 2106 1349 2165 77.
1406 2106 1559 2166 Illud
1610 2113 1815 2168 autem
1872 2105 2170 2182 optimurr

89 2197 220 2261 est,
266 2189 326 2248 in
360 2190 530 2262 quod
559 2188 762 2249 invadi
793 2193 997 2252 solere
1034 2191 1112 2251 ab
1150 2188 1449 2266 improbis
1482 2196 1544 2250 et
1569 2188 1791 2252 invidis
1826 2189 2040 2252 audio:

260 2314 488 2374 Cedant
511 2331 686 2374 arma
716 2323 913 2390 toque,
955 2317 1248 2377 concedat
1271 2318 1484 2375 laurea
1513 2315 1702 2376 laudi.

90 2438 171 2499 Ut
202 2438 363 2499 enim
398 2438 556 2500 alios
590 2439 896 2513 omittam,
953 2439 1134 2502 nobis
1176 2456 1307 2501 rem
1340 2439 1646 2514 publicam
1684 2437 2175 2514 gubernantibus

91 2538 299 2583 nonne
328 2528 514 2599 togae
551 2539 720 2584 arma
751 2526 1112 2587 cesserunt?
1179 2525 1395 2599 Neque
1428 2523 1591 2584 enim
1621 2522 1958 2599 periculum
1995 2519 2056 2582 in
2102 2537 2172 2581 re

90 2605 337 2679 publica
368 2606 478 2669 fuit
513 2607 762 2684 gravius
794 2625 1087 2684 umquam
1118 2624 1237 2668 nec
1260 2605 1458 2668 maius
1491 2606 1722 2667 otium..
1774 2607 1863 2666 lta
1898 2604 2173 2666 consiliis

89 2688 528 2769 diligentiaque
569 2699 786 2755 nostra
829 2691 1113 2753 celeriter
1155 2691 1235 2751 de
1285 2689 1567 2752 manibus
1618 2688 2174 2751 audacissimorum

89 2771 311 2834 civium
380 2778 637 2850 delapsa
693 2792 860 2837 arma
926 2777 1063 2853 ipsa
1130 2772 1506 2836 ceciderunt.
1595 2776 1764 2850 Quae
1828 2789 1931 2834 res
1988 2771 2177 2848 igitur

84 2863 268 2932 gesta
297 2875 586 2933 umquam
621 2859 681 2920 in
721 2861 883 2921 bello
916 2860 1130 2920 tanta?
1182 2854 1289 2934 qui
1330 2855 1673 2935 triumphus
1714 2857 2178 2919 conferendus?

89 2938 190 3002 78.
233 2942 407 3001 Licet
437 2941 595 3003 enim
641 2942 813 3017 mihi,
865 2945 1073 3004 Marce
1103 2942 1222 3014 fili,
1267 2942 1436 3015 apud
1463 2950 1524 3003 te
1554 2941 1833 3019 gloriari,
1875 2942 1951 3001 ad
1987 2956 2174 3015 quem

85 3032 148 3085 et
197 3025 508 3088 hereditas
571 3026 752 3089 huius
802 3027 1037 3104 gloriae
1100 3034 1164 3087 et
1213 3027 1510 3087 factorum
1570 3024 1823 3088 imitatio
1889 3023 2172 3101 pertinet.

80 3106 231 3168 Mihi
263 3110 512 3186 quidem
546 3118 716 3171 certe
752 3112 848 3171 vir
877 3112 1202 3173 abundans
1231 3107 1469 3171 bellicis
1514 3109 1831 3182 laudibuS,
1867 3111 1973 3170 Cn.
1995 3108 2171 3168 Pom-

85 3191 296 3266 peius,
351 3191 556 3254 multis
608 3193 1032 3268 audientibus,
1085 3195 1207 3257 hoc
1257 3189 1496 3266 tribuit,
1548 3200 1617 3254 ut
1659 3193 1893 3255 diceret
1945 3193 2174 3252 frustra

81 3290 152 3335 se
180 3274 552 3350 triumphum
579 3276 824 3336 tertium
859 3278 1321 3353 deportaturum
1357 3276 1578 3351 fuisse,
1623 3277 1742 3338 nisi
1769 3293 1909 3336 meo
1951 3274 2012 3335 in
2043 3290 2174 3336 rem

79 3356 392 3434 publicam
436 3358 741 3419 beneficio
790 3359 897 3419 ubi
945 3361 1346 3439 triumpharet
1390 3371 1560 3422 esset
1609 3360 1947 3422 habiturus.
2015 3357 2176 3419 Sunt
