2381 3723
98 126 159 177 ιι
638 85 641 86 ᾗ
718 114 887 173 CAP.
918 123 1149 177 9—11.
1195 123 1247 183 §-
1281 124 1539 178 32—39.
2053 112 2170 175 r57

98 228 1034 362 gemmonmogiousapientiae,
1091 266 1204 327 sed
1245 265 1425 328 etiam
1462 266 1763 328 felicitatis
1800 267 2031 327 diceret
2060 265 2173 327 sibi

97 350 318 493 Ἦάῗζῃῐ..
368 432 469 493 36.
560 357 752 508 Quam
795 434 875 494 ob
916 449 1044 493 rem
1076 432 1137 493 id
1174 432 1436 509 primum
1472 433 1823 507 videamuS,
1869 432 1921 494 si
1952 434 2172 509 placet,

102 523 407 593 quatenus
438 532 614 577 amor
642 514 702 576 in
740 515 1002 577 amicitia
1034 516 1325 593 progredi
1356 519 1596 579 debeat,
1667 520 1930 591 Numne,
1983 515 2036 577 si
2067 517 2175 577 Co-

100 601 371 663 riolanus
402 599 659 661 haberet
689 601 954 673 amicOS,
998 601 1157 660 ferre
1190 609 1405 662 contra
1433 602 1691 680 patriam
1726 618 1895 662 arma
1925 599 2006 660 illi
2037 616 2176 661 cum

103 683 428 746 Coriolano
461 683 1026 745 debuerunti'num
1062 682 1462 746 Viscellinum
1493 685 1671 746 amici
1705 701 1959 760 regnum
1990 700 2175 761 appe·
2269 701 2288 720 ·

97 776 360 841 tentem,
406 784 551 828 num
583 767 690 844 Sp.
726 766 1010 828 Maelium
1058 768 1406 830 debuerunt
1438 769 1689 830 iuvare?
1773 768 1875 829 37.
1920 766 2009 828 Ti.
2045 766 2174 843 qui-

100 853 241 912 dem
295 852 636 912 Gracchum
696 868 825 911 rem
881 850 1188 928 publicam
1251 859 1580 914 vexantem
1632 870 1667 911 a
1732 853 1801 926 Q.
1852 853 2179 912 Tuberone

100 934 591 1011 aequalibusque
635 933 846 995 amicis
898 935 1256 997 derelictum
1305 935 1688 998 videbamus·
1776 938 1857 996 At
1900 937 1961 997 C.
2004 935 2177 995 Blos-

100 1019 228 1081 sius
265 1020 605 1103 Cumanus,
640 1018 875 1095 hospes
909 1018 1167 1080 familiae
1199 1030 1477 1094 vestrae,
1514 1021 1844 1090 Scaevola,
1879 1035 2067 1093 quum
2095 1016 2173 1077 ad

100 1119 228 1174 me,
273 1103 444 1177 quod
486 1103 736 1163 aderam
767 1102 1018 1164 Laenati
1047 1109 1110 1163 et
1143 1103 1385 1180 Rupilio
1419 1101 1777 1165 consulibus
1807 1102 1868 1162 in
1900 1100 2177 1172 consili0,

101 1188 500 1261 deprecatum
538 1185 843 1258 venisset,
895 1186 1055 1246 hanc
1086 1194 1153 1248 ut
1195 1187 1309 1247 sibi
1350 1187 1738 1264 ignoscerem
1780 1202 2030 1247 causam
2075 1185 2177 1245 ad-

101 1270 370 1342 ferebat,
426 1270 595 1346 quod
625 1269 775 1341 tanti
801 1269 888 1330 Ti.
924 1270 1264 1331 Gracchum
1309 1271 1610 1345 fecisset,
1639 1276 1707 1330 ut
1749 1268 2046 1345 quidquid
2080 1268 2180 1328 ille

101 1355 289 1414 vellet
319 1352 436 1415 sibi
480 1352 824 1415 faciendum
852 1362 1114 1430 putaret.
1192 1354 1341 1414 Tum
1372 1371 1520 1431 ego:
1555 1353 1898 1426 ‘Etiamne,
1944 1352 2089 1412 site
2116 1350 2179 1411 in

103 1436 681 1513 Capitoliumsaces
733 1440 894 1498 serre
939 1440 1195 1500 velleti’
1247 1433 1651 1514 “Numquam
1666 1442 1714 1474 ’⁹
1765 1434 1961 1514 inquit
2012 1440 2180 1495 “vo-

99 1520 324 1582 luisset
354 1520 419 1580 id
449 1519 727 1597 quidem,
772 1522 917 1593 sed,
970 1521 1022 1583 si
1056 1521 1391 1595 voluisset,
1418 1521 1867 1599 ·pa1·uissem.”
1941 1517 2179 1582 Videtis

103 1620 290 1679 quam
323 1604 557 1665 nefaria
582 1608 740 1668 vox!
787 1607 865 1666 Et
904 1605 1112 1666 hercle
1150 1604 1236 1666 ita
1278 1606 1424 1667 fecit
1451 1610 1548 1667 vel
1591 1607 1731 1683 plus
1775 1604 1953 1666 etiam
1998 1620 2180 1681 quam

101 1687 285 1748 dixit:
334 1705 460 1750 non
496 1688 656 1750 enim
698 1688 899 1766 paruit
924 1687 1023 1749 ille
1051 1689 1135 1749 Ti.
1167 1690 1425 1751 Gracchi
1466 1688 1815 1761 temeritati,
1866 1691 1978 1750 sed
2009 1704 2182 1765 prae·

105 1773 241 1845 luit,
314 1788 432 1833 nec
483 1789 555 1834 se
605 1772 892 1835 comitem
935 1771 1094 1835 illius
1135 1774 1391 1848 suroris,
1452 1775 1565 1835 sed
1608 1775 1829 1835 ducem
1879 1772 2179 1849 praebuit.

106 1857 317 1932 ltaque
369 1856 485 1917 hac
527 1857 790 1918 amentia
835 1856 1202 1934 quaestione
1251 1875 1416 1920 nova
1461 1856 1821 1934 perterritus
1867 1856 1927 1917 in
1972 1855 2179 1919 Asiam
2247 1912 2254 1921 1

101 1940 408 2017 profugit,
459 1942 536 2001 ad
568 1941 784 2003 hostes
819 1957 891 2002 se
921 1942 1206 2016 contulit,
1257 1958 1496 2019 poenas
1528 1940 1615 2000 rei
1644 1939 1924 2017 publicae
1958 1955 2181 2014 graves

103 2025 428 2100 iustasque
468 2025 790 2099 persolvit.
861 2027 1036 2086 Nulla
1080 2034 1175 2088 est
1219 2025 1399 2102 igitur
1440 2023 1759 2086 excusatio
1809 2022 2077 2099 peceati,
2132 2021 2184 2082 si

103 2106 288 2168 amici
317 2124 506 2169 causa
547 2108 941 2183 peccaveris:
999 2127 1169 2182 nam,
1231 2125 1417 2185 quum
1465 2106 1837 2169 conciliatrix
1886 2104 2183 2167 amicitiae

107 2190 348 2252 virtutis
401 2192 610 2268 opinio
658 2191 866 2266 fuerit,
919 2193 1165 2254 difficile
1225 2200 1322 2253 est
1360 2191 1684 2253 amicitiam
1726 2207 2005 2264 manere,
2060 2189 2112 2250 si
2149 2205 2186 2247 a

107 2274 335 2336 virtute
363 2277 686 2337 defeceris·
764 2275 864 2338 38.
912 2277 1089 2351 Quod
1122 2277 1173 2338 si
1207 2285 1441 2337 rectum
1472 2275 1866 2337 statuerimus
1898 2277 2000 2335 vel
2042 2290 2185 2335 con·

110 2360 338 2419 cedere
380 2358 591 2420 amicis
627 2358 923 2436 quidquid
954 2359 1144 2421 velint
1171 2362 1272 2421 vel
1300 2360 1625 2437 impetrare
1656 2360 1732 2420 ab
1764 2358 1854 2422 eis
1887 2356 2183 2435 quidquid

108 2443 400 2518 velimuS,
431 2445 707 2519 perfecta
739 2443 984 2520 quidem
1012 2442 1315 2520 sapientia
1344 2444 1557 2516 simus,
1589 2443 1642 2504 si
1668 2442 1814 2504 nihil
1837 2443 2060 2503 habeat
2082 2458 2184 2503 res

107 2525 264 2599 vitii,
297 2527 412 2587 sed
439 2526 748 2603 loquimur
777 2528 854 2587 de
886 2526 960 2588 iis
991 2527 1233 2603 amicis,
1271 2527 1374 2602 qui
1401 2535 1542 2588 ante
1573 2527 1790 2587 oculos
1822 2535 1994 2596 sunt,
2026 2541 2186 2601 quos

107 2608 376 2671 vidimus
420 2617 526 2671 aut
579 2613 657 2674 de
708 2610 931 2686 quibus
978 2611 1332 2674 memoriam
1374 2609 1759 2686 accepimuS,
1815 2626 1975 2685 quos
2016 2608 2190 2668 novit

110 2692 238 2753 vita
281 2695 644 2755 communis.
715 2695 809 2755 Ex
856 2694 975 2755 hoc
1017 2712 1273 2756 numero
1328 2693 1507 2756 nobis
1554 2693 1835 2769 exempla
1886 2690 2189 2751 sumenda

106 2783 258 2836 sunt
291 2782 590 2839 eteorum
625 2777 872 2854 quidem
917 2778 1209 2850 maxime,
1268 2778 1372 2854 qui
1406 2779 1484 2838 ad
1516 2774 1879 2852 sapientiam
1909 2772 2189 2852 proxime

106 2861 437 2921 accedunt.
527 2861 628 2923 39.
667 2861 964 2923 Videmus
995 2864 1228 2939 Papum
1262 2863 1587 2923 Aemilium
1630 2860 1693 2921 C.
1724 2859 1988 2921 Luscino
2024 2856 2190 2918 sami-

106 2944 320 3005 liarem
356 2944 549 3006 fuisse
583 2979 663 2990 —-
696 2940 856 3013 sica
899 2945 1176 3021 patribus
1219 2945 1567 3021 accepimus
1597 2978 1710 3017 -—,
1768 2943 1863 3006 bis
1895 2960 2016 3005 una
2047 2959 2189 3003 con-

107 3030 311 3100 suleS,
370 3029 641 3104 collegas
684 3027 744 3090 in
776 3045 1069 3103 censura,
1120 3037 1250 3090 tum
1293 3037 1355 3090 et
1391 3045 1527 3091 cum
1556 3027 1631 3090 iis
1663 3036 1725 3090 et
1756 3026 1915 3089 inter
1944 3044 2015 3088 se
2045 3043 2189 3086 con·

105 3110 531 3174 iunctissimos
574 3112 765 3175 fuisse
810 3114 910 3173 Μ’.
968 3113 1209 3174 Curium
1260 3112 1349 3176 Ti.
1402 3111 1848 3174 Coruncanium
1900 3107 2192 3170 memoria

107 3194 427 3271 proditum
459 3203 575 3257 est.
648 3197 838 3273 Igitur
879 3215 957 3258 ne
990 3196 1297 3274 suspicari
1335 3196 1579 3271 quidem
1622 3210 1955 3274 possumus
1985 3208 2192 3268 quem-

104 3295 297 3354 quam
330 3279 556 3342 horum
596 3280 672 3341 ab
694 3280 900 3341 ‚amico
940 3280 1254 3358 quidpiam
1286 3278 1713 3351 contendisse,
1772 3277 1938 3350 quod
1978 3283 2191 3336 contra

106 3362 329 3438 iidem,
389 3371 606 3424 contra
656 3364 752 3426 ius
804 3364 1156 3430 iurandum.
1216 3371 1432 3426 contra
1472 3381 1600 3424 rem
1650 3359 1955 3436 publicam
2002 3364 2191 3419 esset.
