2381 3723
639 95 781 154 LIB.
810 96 855 153 Ι.
903 94 1065 154 CAP.
1096 104 1184 156 44.
1220 105 1309 158 45.
1352 104 1406 165 S.
1444 106 1777 159 155—161.
2063 48 2084 65 ο
2159 95 2247 158 49

160 253 370 318 reret,
424 252 554 305 tum
605 245 860 318 docere,
924 253 1050 305 tum
1103 243 1343 305 discere
1385 247 1599 319 vellet,
1652 254 1776 306 tum
1819 245 2056 317 audire,
2115 256 2242 308 tum

164 329 404 390 dicere.
483 328 647 403 Ergo
679 344 858 388 omne
901 327 1203 400 officium,
1259 330 1424 404 quod
1471 329 1550 388 ad
1604 327 2095 389 coniunctionem
2138 331 2243 390 ho·

174 412 403 473 minum
428 417 494 471 et
512 412 593 471 ad
624 411 981 472 societatem
1005 411 1296 471 tuendam
1321 413 1507 484 valet,
1534 413 2029 486 anteponendum
2052 420 2148 473 est
2165 412 2244 472 illi

168 495 402 570 officio,
430 495 599 569 quod
625 492 974 570 cognitione
998 501 1061 554 et
1082 492 1339 554 scientia
1361 493 1724 556 continetur.
1785 496 1967 556 XLV.
2005 495 2142 556 159.
2175 497 2244 554 ll-

176 579 274 640 lud
307 577 568 638 forsitan
607 579 1026 652 quaerendum
1074 577 1181 646 sit,
1232 594 1377 637 num
1403 577 1558 638 haec
1600 577 2034 653 communitas,
2086 595 2245 655 quae

178 661 440 722 maxime
470 666 569 721 est
602 668 746 735 apta
774 667 1057 735 naturae,
1112 658 1193 720 sit
1222 659 1400 720 etiam
1432 661 1838 723 moderationi
1881 662 2243 723 modestiae·

179 761 298 820 que
356 759 607 820 semper
646 745 1093 819 anteponenda.
1168 744 1302 803 Non
1356 746 1576 819 placet.
1653 745 1808 805 Sunt
1857 745 2016 806 enim
2062 762 2244 820 quae·

172 830 315 888 dam
359 828 581 904 partim
623 825 706 886 ita
752 827 961 898 foeda,
1016 826 1232 900 partim
1262 825 1344 887 ita
1378 826 1713 902 flagitiosa,
1764 835 1833 889 ut
1877 845 1951 888 ea
1992 844 2071 888 ne
2101 846 2245 890 con·

175 911 524 972 servandae
571 908 817 984 quidem
863 909 1092 986 patriae
1144 925 1334 971 causa
1377 909 1625 986 sapiens
1677 912 1947 973 facturus
1990 911 2086 972 sit.
2156 913 2248 972 Ea

177 993 550 1055 Posidonius
595 992 840 1068 collegit
878 994 1209 1069 permulta,
1268 993 1382 1053 sed
1420 992 1501 1053 ita
1544 998 1737 1071 taetra
1783 995 2113 1068 quaedam,
2162 995 2248 1055 ita

180 1078 526 1150 obscoena,
585 1083 655 1137 ut
693 1074 859 1137 dictu
907 1093 1158 1152 quoque
1208 1075 1535 1136 videantur
1570 1074 1788 1150 turpia.
1856 1078 2026 1136 Haec
2066 1078 2248 1153 igitur

177 1178 304 1223 uon
337 1159 636 1234 suscipiet
667 1156 757 1220 rei
784 1158 1060 1234 publicae
1091 1175 1312 1232 causa,
1341 1176 1420 1220 ne
1450 1174 1555 1219 res
1585 1158 1828 1234 publica
1855 1160 2100 1235 quidem
2131 1177 2243 1236 pro

177 1261 251 1305 se
289 1243 525 1318 suscipi
564 1245 750 1304 volet.
828 1243 954 1322 Sed
995 1243 1117 1305 hoc
1156 1241 1541 1303 commodius
1573 1259 1644 1302 se
1676 1257 1778 1302 res
1810 1241 2025 1314 habet,
2078 1244 2246 1316 quod

180 1344 306 1389 uon
354 1333 566 1404 potest
606 1325 888 1387 accidere
932 1334 1202 1402 tempus,
1249 1331 1320 1387 ut
1354 1323 1595 1387 intersit
1640 1324 1728 1385 rei
1768 1324 2047 1401 publicae
2078 1325 2249 1402 quid-

177 1427 366 1485 quam
406 1409 647 1471 illorum
692 1411 892 1470 facere
935 1408 1296 1484 sapientem.
1388 1409 1529 1470 160.
1573 1409 1706 1484 Qua
1739 1426 1808 1469 re
1850 1410 1971 1470 hoc
2002 1409 2246 1485 quidem

175 1493 473 1555 effectum
516 1492 623 1565 sit,
672 1493 730 1553 in
776 1491 996 1555 officiis
1043 1491 1474 1568 deligendisid
1513 1508 1709 1568 genus
1754 1492 2096 1555 officiorum
2146 1511 2246 1555 ex-

176 1580 438 1650 cellere,
490 1577 660 1652 quod
708 1578 984 1636 teneatur
1015 1576 1327 1636 hominum
1369 1574 1683 1638 societate.
1763 1576 1997 1638 Etenim
2044 1576 2244 1653 cog-ni-

177 1660 413 1722 tionem
466 1659 970 1736 prudentiamque
1018 1668 1314 1734 sequetur
1356 1658 1744 1720 considerata
1793 1660 1973 1722 actio.
2045 1664 2136 1721 lta
2181 1661 2249 1720 fit

180 1750 251 1805 ut
296 1760 483 1820 agere
539 1742 927 1805 considerate
968 1741 1160 1819 pluris
1216 1742 1296 1805 sit
1334 1759 1516 1818 quam
1569 1742 1840 1819 cogitare
1895 1745 2246 1820 prudenter.

178 1830 392 1904 Atque
440 1826 594 1888 haec
645 1825 887 1903 quidem
931 1826 1247 1888 hactenus.
1326 1827 1671 1888 Patefactus
1723 1827 1884 1887 enim
1926 1829 2106 1889 locus
2155 1833 2251 1887 est

182 1911 353 1987 ipse,
408 1919 476 1972 ut
502 1929 625 1972 non
662 1909 908 1972 difficile
942 1910 1023 1971 sit
1066 1909 1126 1971 in
1169 1909 1550 1987 exquirendo
1594 1908 1798 1969 officio
1843 1909 1989 1983 quid
2029 1911 2250 1985 cuique

179 1994 267 2056 sit
296 1996 803 2071 praeponendum
850 1992 1079 2055 videre.
1150 1996 1215 2054 In
1246 1994 1384 2069 ipsa
1413 1999 1616 2053 autem
1646 1991 2082 2052 communitate·
2109 2000 2252 2053 sunt

182 2078 419 2155 gradus
452 2075 826 2152 officiorum,
876 2094 955 2138 ex
1000 2077 1224 2153 quibus
1262 2075 1410 2152 quid
1453 2073 1675 2151 cuique
1701 2073 1976 2150 praestet
2003 2074 2252 2150 intelligi

186 2161 422 2238 possit,
468 2169 537 2221 ιιι
581 2160 776 2238 prima
805 2160 900 2222 dis
943 2159 1414 2234 immortalibus,
1465 2159 1739 2220 secunda
1765 2157 2033 2238 patriae,
2075 2158 2251 2221 tertia

187 2244 567 2321 parentibus,
590 2244 882 2322 deinceps
905 2243 1203 2320 gradatim
1226 2242 1477 2320 reliquis
1499 2244 1859 2305 debeantur.
1943 2244 2080 2307 161.
2114 2243 2249 2320 Qui·

188 2329 304 2390 bus
334 2345 415 2388 ex
456 2329 643 2390 rebus
673 2328 941 2389 breviter
982 2326 1307 2405 d1sputatis
1346 2326 1595 2403 intelligi
1641 2333 1850 2404 potest
1892 2344 2013 2388 non
2050 2330 2249 2389 solum

182 2410 246 2471 id
277 2412 563 2473 homines
594 2414 799 2474 solere
839 2410 1148 2486 dubitare,
1206 2413 1614 2474 honestumne
1659 2427 1734 2471 an
1770 2417 1946 2486 turpe
1976 2410 2082 2485 sit,
2137 2411 2249 2473 sed

186 2495 379 2556 etiam·
435 2496 680 2559 duobus
736 2494 1072 2573 propositis
1122 2493 1402 2557 honestis
1455 2499 1660 2555 utrum
1711 2493 2049 2556 honestius.
2107 2495 2250 2566 ,Hic

184 2579 363 2640 locus
407 2597 445 2640 a
486 2579 773 2642 Panaetio
817 2586 942 2652 est,
996 2586 1065 2639 ut
1112 2596 1302 2656 supra
1346 2575 1501 2651 dixi,
1558 2574 2048 2652 praetermissus.
2125 2578 2261 2643 Sed.

184 2660 301 2722 iam
333 2665 411 2724 ad
443 2662 681 2739 reliqua
710 2680 1056 2740 pergamus.
1320 2688 1325 2694 ·

1025 2954 1432 2971 ι--ι--οο--φ-,ι

268 3430 384 3475 erc.
416 3416 523 3475 lv.
552 3422 605 3477 3.
1804 3404 1846 3466 4
