2381 3723
101 122 229 187 344
788 149 791 152 ·
900 120 1389 182 FRAGMENTA
2096 133 2203 187 154

239 276 355 328 Hoc
389 278 556 340 capite
587 275 754 326 omissi
781 282 898 325 sunt
932 276 1032 325 loci
1060 276 1173 323 olim
1204 276 1335 323 {nter
1362 272 1505 323 huius
1524 276 1730 337 generis
1760 273 2054 340 fragmenta
2073 291 2199 338 per-

98 361 276 410 peram
313 347 490 404 relati,
544 345 631 409 qui
662 351 718 395 ut
750 344 814 394 ab
851 345 965 396 aliis
995 342 1332 408 scriptoribus
1365 342 1701 406 adferuntur,
1755 344 1832 393 ita
1864 344 2015 394 etiam
2045 344 2204 395 hodie

102 418 152 465 in
186 416 400 481 integris
435 414 688 466 Ciceronis
722 413 866 464 libris
894 415 1139 478 leguntur.
1213 410 1405 463 Omissa
1453 418 1570 461 sunt
1602 415 1749 463 etiam
1781 428 1844 462 ea
1876 412 2200 477 fragmenta,

101 499 231 551 quae
264 484 556 547 supplendis
599 498 742 548 quum
771 483 887 533 aliis
921 489 1019 533 tum
1051 483 1175 543 illis,
1231 496 1359 546 quas
1393 480 1521 532 haec
1554 487 1699 531 aetas
1733 496 1915 531 rursus
1949 484 2004 531 in
2040 485 2202 532 lucem

97 549 391 617 protraxit,
446 551 683 602 librorum
726 552 952 617 reliquiis
997 550 1222 601 adhibita
1258 557 1406 599 erant
1450 549 1516 600 ab
1564 549 1856 601 editoribus.
1929 550 2079 608 Illius
2109 566 2201 616 qe-

99 638 238 688 neris
260 635 549 701 fragmenta
572 634 698 685 haec
725 643 872 686 sunt.-
945 634 1003 699 1)
1036 634 1265 696 Quinctil.
1296 632 1381 682 lib.
1422 635 1489 684 V.
1524 650 1650 700 cap.
1689 635 1775 689 11.
1807 637 1858 697 §-
1892 634 2011 694 28.:
2081 618 2202 680 Dic

101 703 276 777 mihi,
332 718 602 779 quaeso,
664 703 1098 779 Xenophontis
1138 718 1301 763 uxor
1329 708 1445 762 etc.
1484 718 1548 768 ae
1580 716 1698 772 Ino.
1729 718 1815 771 zib.
1850 718 1901 768 Ι.
1940 733 2057 782 cap.
2106 718 2198 771 31.

100 802 160 866 2)
203 802 329 853 Gen.
368 802 454 852 tib.
484 801 597 851 ΙΙΙ.
629 817 744 866 cap.
780 802 868 854 31.
943 789 1266 849 Mausolus
1298 792 1416 846 etc.
1471 800 1671 856 macl.
1692 802 1780 855 lib.
1812 801 1922 855 ΙΙΙ.
1958 817 2075 866 cap.
2101 802 2195 856 31.

99 884 155 950 3)
197 887 350 937 Lacr.
385 885 470 937 zib.
496 884 544 935 Ι.
581 901 696 949 cap.
724 888 808 940 15.
853 874 1061 949 Atque
1084 871 1245 931 adeo
1270 868 1332 930 in
1357 868 1672 946 plerisque
1695 870 2048 934 civitatibus
2070 877 2198 931 etc.

101 972 166 1021 de
195 977 302 1020 nae.
338 969 478 1019 deor.
509 968 596 1021 zib.
631 968 740 1019 ιιι.
775 985 894 1034 cap.
935 970 1018 1022 10.
1053 970 1104 1030 §-
1136 968 1229 1021 50.
1303 966 1365 1032 4)
1392 966 1523 1017 Non.
1552 982 1624 1031 p..
1646 969 1765 1021 279.
1827 953 2200 1015 Existimavi

102 1036 540 1100 honestissime
575 1044 694 1098 etc.
735 1051 834 1117 off.
863 1052 949 1104 zib.
1005 1051 1110 1105 Ill.
1134 1050 1322 1114 cap.1.
1348 1051 1465 1113 54.
1507 1047 1838 1113 5)Lact.12·b.
1869 1053 2193 1117 V.cap.11.

101 1120 340 1184 Etenim
370 1120 422 1182 si
445 1138 626 1182 nemo
657 1128 782 1196 est,
817 1120 1065 1196 quinon
1094 1117 1246 1181 mori
1282 1117 1449 1179 malit
1473 1125 1590 1180 etc.
1663 1136 1814 1186 Hunc
1839 1139 1995 1187 loc-mn
2013 1138 2196 1188 Patre·-

99 1211 208 1258 eius
245 1223 316 1259 ex
343 1205 442 1270 Off.
480 1205 698 1259 lib.'III.
724 1221 838 1269 cap.
859 1206 944 1262 20.
967 1208 1018 1269 S.
1045 1206 1125 1256 12.
1149 1212 1389 1268 sumptum
1415 1211 1553 1254 recte
1588 1205 1807 1266 iudicat,
1847 1206 2023 1257 Maius
2046 1208 2110 1256 de
2135 1223 2202 1258 re

95 1276 237 1339 publ.
287 1275 370 1325 lib.
419 1274 524 1327 IV.
571 1290 688 1339 cap.
740 1275 789 1328 1.
840 1290 1043 1325 numero
1089 1275 1287 1324 tertium
1327 1276 1519 1336 posuit.
1593 1272 1648 1339 6)
1677 1274 1957 1340 ,Auyustim
2006 1276 2071 1325 de
2105 1278 2197 1327 vit.

100 1346 232 1396 beat.
270 1344 406 1408 conf.
444 1344 508 1395 de
537 1360 596 1394 re
627 1343 766 1408 publ.
807 1344 893 1398 lib.
925 1343 972 1395 Ι.
1006 1359 1122 1407 cap.
1155 1343 1235 1393 17.
1309 1341 1371 1407 7)
1405 1342 1701 1408 Pham-pyr.
1734 1344 1916 1410 Georq.
1959 1343 2046 1398 lib.
2078 1344 2195 1396 III.

99 1446 146 1479 v.
191 1429 307 1481 125.
360 1413 439 1472 de
491 1420 856 1474 accusatore
908 1409 1307 1488 legequinta
1357 1410 1521 1471 dicta
1566 1454 1629 1464 -.
1670 1428 1819 1480 Haeo
1866 1429 2022 1479 verba
2062 1431 2200 1481 liae.

101 1513 276 1546 rarum
307 1498 589 1561 compendio
625 1499 917 1562 consignata
953 1498 1028 1547 ita
1057 1497 1120 1547 ab
1154 1494 1279 1545 Icto
1312 1496 1541 1548 videntur
1578 1500 1704 1547 male
1738 1499 2016 1561 explicata.
2092 1499 2200 1549 Est

102 1570 228 1616 enim
262 1565 385 1615 Lex
419 1567 594 1629 quinta
622 1567 692 1619 1).
731 1567 797 1616 de
831 1568 944 1616 iure
977 1563 1253 1616 accusandi
1281 1563 1393 1629 (lib.
1419 1564 1658 1618 XLVII.
1695 1568 1772 1617 tit.
1807 1565 1921 1631 15.)
1995 1568 2198 1618 Eadem

102 1646 280 1696 Maius
330 1647 408 1695 sio
458 1647 579 1709 ιερῑι
622 1643 709 1709 (aa
751 1662 823 1696 re
864 1646 1005 1709 pube.
1060 1647 1146 1696 ιῑῡ.
1193 1646 1273 1700 11.
1325 1662 1441 1711 cap.
1491 1648 1605 1714 37.)
1662 1634 1741 1694 de
1783 1635 2091 1697 dictatore
2124 1637 2196 1696 L.

104 1712 385 1787 Quinctio
417 1711 604 1774 dicto.
674 1727 731 1794 8)
768 1728 1205 1794 Amastra—de
1239 1746 1299 1781 re
1313 1730 1450 1793 publ.
1472 1732 1821 1798 nosram.
1851 1733 1900 1789 1.
1948 1733 2010 1799 9)
2046 1733 2197 1786 Serv.

103 1824 169 1835 -
206 1799 271 1850 de
315 1812 375 1847 re
413 1798 558 1861 publ.
607 1797 692 1849 lib.
740 1796 845 1849 IV.
892 1812 1010 1861 cap.
1057 1796 1108 1852 3.
1188 1797 1275 1865 10)
1323 1799 1519 1851 Seneca
1560 1802 1624 1851 de
1665 1818 1725 1863 re
1769 1804 1907 1868 publ.
1956 1803 2043 1854 lib.
2084 1803 2195 1855 IV.

103 1884 219 1933 cap.
257 1867 307 1920 9.
383 1865 477 1930 11)
515 1870 706 1920 Donat.
734 1895 801 1905 -
832 1871 896 1919 de
930 1883 991 1919 re
1019 1867 1159 1931 publ.
1212 1869 1296 1921 lib.
1330 1869 1439 1921 IV.
1485 1885 1599 1934 cap.
1647 1872 1730 1924 11.
1804 1872 1899 1938 12)
1936 1873 2084 1928 Serv.
2125 1901 2191 1914 —-

103 1938 167 1989 de
211 1952 272 1987 re
315 1937 454 2001 publ.
493 1939 683 2004 fragm.
727 1939 824 1991 inc.
872 1938 956 1989 lib.
1034 1935 1128 2002 13)
1174 1939 1427 1988 Αηιηιίαη.Α
1468 1938 1716 1991 Marcell*
1749 1956 1819 1977 ·—
1853 1944 1918 1992 de
1962 1943 2191 2006 republ.

98 2007 286 2072 fragm.
322 2010 419 2059 inc.
471 2008 587 2061 libr.
632 2007 714 2057 ed.
756 2008 891 2057 Mai.
963 2004 1071 2058 Sed
1102 2009 1319 2058 eumdem
1364 2011 1521 2058 locum
1555 2009 1830 2067 Patriciusx
1849 2012 2017 2062 verbis
2041 2015 2196 2076 paul·

103 2079 199 2125 lum
235 2080 538 2128 conmmtatis
582 2078 762 2127 inor.
808 2083 929 2140 post
970 2075 1085 2127 red.
1146 2078 1219 2127 ad
1261 2076 1404 2139 Quir.
1448 2091 1564 2139 cap.
1605 2078 1656 2132 1.
1698 2080 1748 2140 §-
1805 2080 1853 2134 1.
1897 2086 2198 2145 repperisse

101 2144 200 2196 sibi
241 2146 377 2195 visus
414 2153 506 2198 est.
583 2144 676 2210 14)
716 2146 1008 2211 Hieronym.
1047 2172 1114 2181 —
1156 2145 1260 2196 Cic.
1296 2147 1359 2197 de
1391 2148 1560 2212 gloria
1590 2148 1667 2211 fr.
1707 2148 1761 2202 3.
1838 2150 1932 2214 15)
1963 2150 2196 2212 Quinctil.

101 2214 238 2275 Hoc
270 2212 458 2275 miror
483 2212 642 2275 enim
679 2228 1032 2295 querorque
1063 2220 1181 2274 etc.
1220 2249 1289 2264 «-
1324 2227 1423 2280 cic.
1464 2225 1553 2278 Or.
1589 2244 1689 2292 pro
1723 2229 1906 2281 Scaur.
1941 2247 2061 2296 cap.
2102 2234 2192 2284 45.

104 2295 191 2362 16)
230 2297 421 2348 Isidor.
451 2324 512 2334 -
538 2313 567 2347 e
603 2296 704 2347 Cic.
727 2295 904 2346 Mario
932 2297 1008 2360 fr.
1033 2297 1085 2348 3.
1165 2294 1251 2361 17)
1289 2296 1476 2346 Donat.
1516 2301 1569 2348 in
1593 2298 1708 2349 Ter.
1746 2299 1915 2354 Andr.
1952 2309 2052 2351 act.
2079 2300 2192 2351 III.

101 2398 173 2433 sc.
210 2381 260 2435 Ι.
294 2399 341 2432 υ.
374 2383 456 2433 12.
527 2366 662 2426 Non
686 2366 888 2425 solum
921 2363 1165 2425 videam
1196 2363 1588 2424 —sentiam
1657 2382 1798 2445 conf.
1822 2381 1925 2435 cic.
1953 2382 2000 2432 Ι.
2041 2384 2190 2435 Catu.

102 2464 218 2513 cap.
257 2450 308 2502 3.
346 2452 395 2514 s.
433 2450 487 2502 8.
561 2449 748 2499 Relicti
780 2455 896 2498 sunt
928 2449 967 2498 ii
1001 2455 1185 2500 tantum
1221 2450 1350 2510 loci,¹
1382 2451 1467 2514 qui
1500 2450 1676 2515 quibus
1710 2466 1738 2500 e
1765 2450 2022 2503 ciceronis
2051 2453 2197 2504 libris

101 2521 306 2582 repetiti
338 2534 450 2570 esse
495 2518 762 2570 videantur
806 2521 1042 2582 ascripsi.
1121 2519 1217 2569 His
1265 2521 1477 2583 denique
1514 2520 1764 2570 accedunt
1803 2522 1960 2582 pauci
1993 2522 2195 2585 quidam

100 2590 222 2646 loci,
254 2589 341 2654 qui
368 2589 600 2639 Ciceroni
623 2588 816 2653 quidem
849 2587 1136 2638 tribuuntur
1163 2586 1227 2637 ab
1262 2588 1575 2653 auctoribus,
1606 2588 1702 2638 sed
1722 2592 1878 2654 neque
1911 2590 1964 2638 in
1988 2593 2196 2655 scriptis

101 2661 210 2709 eius
241 2660 342 2724 legi
373 2658 606 2709 videntur
627 2670 787 2723 neque
821 2659 872 2708 in
899 2658 1294 2723 fragmentorum
1320 2672 1521 2707 numero
1558 2660 1818 2708 recenseri
1844 2660 2023 2708 solent.

824 2777 891 2853 ¹1.
964 2777 1004 2826 Ε
1040 2774 1447 2857 Rumomcrs

234 2871 288 2931 1.
327 2870 587 2933 Meliora¹
612 2882 925 2947 unguenta
957 2874 1129 2946 sunt,
1168 2872 1612 2949 qu'ae‘terram‚
1652 2874 1834 2946 quam
1867 2886 2028 2946 quae
2057 2888 2191 2932 cro·

105 2973 244 3017 cum
285 2953 555 3032 sapiunt.
628 2969 906 3037 [Plinius
950 2972 1013 3024 11.
1061 2970 1122 3021 N.
1164 2971 1255 3021 ub.
1285 2970 1439 3020 xm.
1489 2968 1603 3036 cap.
1643 2972 1697 3020 4.
1735 2967 1843 3038 (3.)
1891 2969 1978 3020 nb.
2006 2953 2188 3023 xva.

105 3056 216 3106 cap.
258 3041 305 3093 5.
340 3039 480 3093 conf.
523 3039 629 3091 Cio.
663 3041 728 3091 de
762 3056 835 3094 or.
875 3041 966 3091 lib.
1005 3041 1092 3091 111.
1128 3055 1244 3106 cap.
1279 3039 1368 3092 25.
1402 3041 1453 3103 5.,
1488 3037 1601 3102 99.]
1829 3072 1832 3077 -
1875 3054 1879 3059 ·

232 3106 290 3167 2.
335 3109 417 3170 Et
455 3109 658 3170 Cicero
707 3112 942 3185 quidem
983 3113 1045 3169 in
1083 3110 1415 3170 Rhetoricis
1452 3106 1742 3168 iudicium
1796 3105 2056 3185 subierit
2081 3124 2084 3129 '
2105 3106 2193 3167 in-

105 3191 400 3252 ventioni.
466 3206 988 3274 [Quinctilianus
1027 3209 1119 3258 nb.
1154 3210 1243 3261 111.
1280 3224 1390 3274 cap.
1429 3208 1481 3260 6.
1509 3210 1560 3271 s.
1592 3204 1707 3272 64.]
1847 3254 1850 3255 ⁷

229 3272 289 3333 3.
349 3276 553 3336 Cicero
606 3284 768 3337 certe
816 3277 1189 3338 Graecorum
1249 3276 1673 3337 Metrodorum
1740 3271 2065 3350 Scepsium
2126 3282 2188 3336 et

107 3354 431 3430 Empylum
461 3357 768 3419 Rhodium
813 3366 1295 3436 nostrorumque
1326 3358 1718 3420 Hortensium
1747 3359 2001 3420 tradidit
2028 3374 2187 3433 quae
