2381 3723
115 133 195 185 39
791 123 957 184 CAP.
992 135 1046 188 8.
1084 134 1134 187 9.
1180 135 1232 195 5.
1266 134 1529 189 26-2—32.
2075 125 2196 189 155

115 274 305 336 etiam
347 275 697 352 diligamuS,
754 274 902 350 quid
953 275 1167 336 mirum
1218 285 1340 350 est,
1394 277 1447 338 si
1492 275 1673 337 animi
1716 277 2028 338 hominum
2070 295 2192 339 mo-

117 369 415 432 veantur,
459 374 643 434 quum
685 375 931 430 eorum,
976 359 1342 434 quibuscum
1378 377 1495 421 usu
1528 359 1836 421 coniuncti
1877 377 2020 422 esse
2050 377 2193 436 pos-

115 452 288 516 sunt,
312 442 595 504 virtutem
623 441 1029 503 ethonitatem
1048 442 1403 520 perspicere
1426 443 1785 504 videantur?
1816 446 2191 520 Quamquam

116 526 521 587 confirmatur
559 542 730 586 amor
771 533 833 586 et
863 526 1165 587 beneficio
1214 534 1468 603 accepto
1513 535 1573 588 et
1617 527 1820 589 studio
1860 533 2187 604 perspecte

113 620 184 670 et
227 609 671 671 consuetudine
721 609 1031 683 adiuncta,
1096 610 1318 686 quibus
1361 612 1546 672 rebus
1593 613 1672 671 ad
1713 611 1878 672 illum
1933 611 2191 685 primum

113 700 355 754 motum
400 692 584 753 animi
627 700 689 752 et
728 691 957 754 amoris
1000 693 1285 755 adhibitis
1328 695 1696 756 admirabilis
1742 696 2046 771 quaedam
2089 712 2191 755 ex·

114 775 393 838 ardescit
418 776 887 838 benevolentiae
932 777 1309 852 magnitudo.
1380 779 1572 853 Quam
1617 780 1670 839 si
1716 779 1817 855 qui
1860 785 2077 856 putant
2115 780 2190 838 ab

109 858 531 921 imbecillitate
552 859 882 936 proficisci,
914 867 982 921 ut
1004 861 1084 922 sit
1098 879 1211 936 per
1235 879 1414 937 quein
1440 863 1817 936 adsequatur
1835 864 2002 939 quod
2028 863 2190 938 quis-

112 960 248 1020 que
278 944 617 1015 desideret,
675 942 957 1004 humilem
1004 962 1153 1005 sane
1184 945 1536 1021 relinquunt
1569 954 1630 1006 et
1664 946 1905 1007 minime
1934 962 2188 1022 genero-

111 1045 289 1101 sum,
332 1035 397 1087 ut
425 1026 507 1088 ita
541 1024 767 1100 dicam,
821 1034 1020 1089 ortum
1053 1028 1383 1102 amicitiae,
1430 1046 1610 1105 quarn
1642 1046 1720 1090 ex
1762 1029 1968 1104 inopia
2006 1039 2190 1105 atque

111 1110 455 1187 indigentia
484 1118 688 1172 natam
725 1113 958 1174 volunt.
1036 1113 1214 1186 Quod
1257 1113 1309 1174 si
1339 1112 1421 1174 ita
1456 1120 1653 1185 esset,
1692 1120 1762 1173 ut
1791 1113 2052 1189 quisque
2089 1112 2190 1171 mi-

109 1195 351 1257 nimum
386 1196 447 1258 in
478 1211 547 1259 se
577 1212 720 1257 esse
751 1195 1178 1270 arbitraretur,
1234 1196 1315 1258 ita
1346 1198 1422 1256 ad
1455 1194 1772 1256 amicitiam
1805 1203 1974 1257 esset
2008 1195 2189 1270 aptis·

112 1279 336 1354 simuS,
370 1280 538 1355 quod
577 1279 761 1354 longe
794 1296 977 1341 secus
1009 1287 1124 1340 cst.
1215 1279 1315 1341 30.
1365 1281 1445 1341 Ut
1489 1279 1646 1340 enim
1697 1280 1960 1355 quisque
2007 1279 2189 1356 pluri·

110 1381 285 1425 mum
321 1362 442 1424 sibi
471 1362 725 1425 confidit
754 1370 816 1424 et
850 1370 920 1425 ut
947 1363 1211 1439 quisque
1261 1363 1520 1424 maxime
1552 1362 1772 1424 virtute
1802 1371 1864 1425 et
1891 1362 2190 1439 sapientia

111 1447 214 1508 sic
242 1446 512 1508 munitus
540 1453 663 1519 est,
717 1453 785 1507 ut
813 1449 980 1508 nullo
1007 1454 1188 1523 egeat
1217 1465 1454 1524 suaque
1485 1446 1687 1509 omnia
1712 1447 1774 1508 in
1806 1464 1878 1508 se
1899 1445 2038 1524 ipso
2085 1464 2189 1522 po·

111 1531 233 1592 sita
271 1529 529 1603 iudicet,
571 1529 655 1591 ita
683 1528 743 1590 in
774 1530 1049 1591 amicitiis
1080 1532 1444 1606 expetendis
1490 1531 1895 1608 colendisque
1930 1530 2191 1592 maxime

114 1613 386 1676 excellit.
432 1612 587 1689 Quid
612 1611 810 1674 enim?
844 1613 1171 1676 Africanus
1194 1614 1475 1691 indigens
1492 1614 1651 1677 mei?
1685 1615 1931 1677 Minime
1953 1616 2188 1676 hercle!

117 1715 196 1761 ac
226 1715 309 1758 ne
338 1714 457 1774 ego
493 1696 737 1773 quidem
766 1697 960 1758 illius:
1004 1699 1117 1759 sed
1159 1715 1277 1774 ego
1322 1699 1725 1761 admiratione
1764 1701 2029 1776 quadam
2075 1701 2184 1759 vir-

118 1781 265 1843 tutis
304 1780 467 1854 eiuS‚
519 1780 619 1841 ille
650 1779 921 1843 vicissim
966 1781 1256 1858 opinione
1303 1784 1569 1844 fortasse
1608 1801 1733 1844 non
1770 1785 1962 1856 nulla,
2011 1799 2189 1858 quam

115 1866 197 1928 de
229 1866 385 1927 meis
414 1864 688 1927 moribus
723 1866 1013 1940 habebat,
1070 1884 1169 1926 me
1216 1866 1452 1941 dilexit,
1508 1868 1676 1930 auxit
1705 1866 2190 1928 benevolentiam

117 1950 529 2011 consuetudo.
607 1947 730 2010 Sed
794 1966 1161 2026 quamquam
1211 1949 1500 2011 utilitates
1552 1952 1778 2011 multae
1824 1957 1884 2009 et
1937 1964 2191 2023 magnae

118 2040 498 2094 consecutae
529 2040 702 2106 sunt,
754 2051 878 2096 non
910 2041 1054 2094 sunt
1096 2041 1299 2095 tamen
1337 2033 1413 2092 ab
1454 2050 1662 2094 earum
1697 2050 1813 2110 spe
1846 2047 2073 2093 causae
2107 2030 2191 2090 di·

121 2116 350 2193 ligendi
375 2118 710 2192 prol'ectae.
791 2117 898 2179 231.
946 2118 1023 2178 Ut
1051 2116 1209 2178 enim
1234 2116 1498 2177 benefici
1518 2116 1925 2192 liberalesque
1957 2131 2190 2186 sumuS,

118 2218 244 2262 non
299 2208 366 2260 ut
410 2199 729 2275 exigamus
773 2199 1026 2276 gratiam
1056 2235 1138 2246 --
1170 2217 1373 2275 neque
1414 2199 1573 2261 enim
1616 2198 1982 2263 beneficium
2030 2201 2190 2259 fene·

118 2301 358 2357 ramur,
410 2284 524 2344 sed
570 2291 786 2345 natura
826 2285 1120 2361 propensi
1168 2285 1250 2345 ad
1281 2282 1697 2347 liberalitatem
1729 2301 2047 2356 sumus—,
2103 2280 2192 2342 sic

118 2366 443 2428 amicitiam
481 2385 603 2428 non
637 2384 752 2443 spe
782 2369 1081 2430 mercedis
1117 2368 1398 2441 adducti,
1451 2370 1566 2430 sed
1610 2369 1778 2444 quod
1819 2366 2017 2429 omnis
2059 2365 2189 2427 eius

120 2452 362 2512 fructus
393 2450 451 2510 in
482 2450 620 2527 ipso
653 2468 862 2512 amore
884 2450 1071 2526 inest,
1105 2452 1514 2528 expetendam
1555 2462 1860 2528 putamuS.
1949 2450 2049 2512 32.
2095 2451 2190 2511 Ab

118 2534 214 2594 his
262 2533 367 2609 qui
417 2536 719 2609 pecudum
766 2534 885 2596 ritu
924 2536 1001 2595 ad
1032 2538 1407 2611 voluptatem
1449 2532 1654 2596 omnia
1695 2537 1970 2596 referunt
2011 2536 2192 2607 longe

120 2618 513 2690 dissentiunt,
547 2635 661 2681 nec
690 2618 925 2679 mirum.
999 2618 1152 2680 Nihil
1182 2618 1342 2680 enim
1373 2620 1558 2679 altum
1578 2665 1592 2690 ,
1633 2617 1777 2678 nihil
1808 2617 2192 2691 magnificum

118 2719 195 2762 ac
226 2700 499 2764 divin-um
531 2701 849 2777 suspicere
878 2710 1174 2778 possunt,
1211 2702 1315 2778 qui
1348 2718 1495 2763 suas
1537 2717 1752 2762 omnes
1789 2697 2192 2775 cogitationes

117 2784 479 2846 abiecerunt
507 2784 567 2845 in
598 2802 728 2848 rem
763 2795 886 2846 tam
914 2787 1198 2847 humilem
1233 2796 1480 2861 tamque
1504 2791 1936 2861 contemptam.
2004 2783 2190 2857 Quam

117 2870 201 2930 ob
257 2885 391 2929 rem
444 2869 557 2930 hos
613 2868 857 2944 quidem
915 2870 990 2929 ab
1043 2870 1163 2931 hoc
1218 2885 1508 2930 sermone
1553 2885 2015 2941 removeamus,
2077 2865 2193 2943 ipsi

119 2959 323 3014 autem
358 2950 765 3027 intelligamus
812 2961 1028 3014 natura
1067 2952 1233 3029 gigni
1275 2969 1528 3014 sensum
1570 2951 1858 3029 diligendi
1906 2959 1968 3012 et
2008 2952 2167 3012 bene

124 3034 431 3097 velentiae
467 3035 777 3098 caritatem
810 3037 968 3097 facta
997 3036 1443 3112 significatione
1474 3036 1824 3113 probitatis:
1872 3052 2052 3111 quam
2086 3032 2188 3108 qui

124 3117 558 3196 appetiverunt
586 3119 894 3196 applicant
924 3137 1067 3181 sese
1097 3128 1157 3181 et
1187 3120 1446 3196 propius
1477 3122 1840 3190 admovent,
1886 3125 1955 3177 ut
1985 3124 2046 3177 et
2080 3132 2194 3176 usu

122 3203 285 3276 eius,
343 3218 526 3278 quem
566 3201 817 3279 diligere
848 3211 1217 3279 coeperunt,
1267 3205 1543 3264 fruantur
1575 3213 1637 3265 et
1677 3200 1982 3264 moribus:
2029 3207 2193 3260 sunt-

126 3304 248 3362 que
278 3302 465 3363 pares
511 3285 571 3347 in
614 3303 825 3348 amore
867 3295 929 3347 et
968 3290 1258 3363 aequales
1304 3288 1873 3364 propensioresque
1915 3283 1991 3342 ad
2034 3283 2192 3343 bene

129 3370 480 3431 merendum
513 3387 696 3445 quarn
726 3371 816 3430 ad
846 3371 1332 3447 reposcendum,
1388 3378 1573 3445 atque
1608 3369 1760 3427 haec
1799 3365 1958 3425 inter
1987 3381 2098 3426 eos
2129 3364 2190 3422 fit
