2381 3723
106 109 234 174 396
534 109 836 170 INCERTI
864 108 1250 170 AUCTORIS
1288 108 1768 170 CONSOLATIO
2112 120 2229 173 206
2340 41 2342 184 ἱ

105 279 215 324 sus
247 270 447 334 esset,
477 269 539 322 et
567 277 826 337 regnum
853 270 912 322 et
943 276 1151 335 regem
1187 260 1274 320 illi
1300 260 1564 322 tradidit.
1638 262 1852 336 Itaque
1874 262 2224 340 Astyages

106 347 165 405 in
193 345 333 423 Cyri
359 351 759 421 potestatem,
791 343 1118 419 impietatis
1149 360 1300 406 suae
1323 361 1563 421 poenas
1595 345 1868 417 daturuS,
1898 346 2222 406 redactus

108 440 220 490 est.
309 426 410 491 86.
457 426 504 488 Ο
541 430 766 489 factum
803 428 1067 490 omnium
1099 428 1371 504 gentium
1415 443 1489 488 ac
1527 430 1917 489 saeculorum
1961 444 2219 489 memo-

106 515 199 574 ria
240 512 696 587 dignissimum!
752 529 830 573 ex
870 528 995 588 quo
1038 528 1162 573 non
1211 512 1400 573 modo
1456 510 1561 588 qui
1609 511 1811 572 dolori
1841 512 2082 573 cedunt
2131 514 2218 572 ad

110 593 458 673 patientiam
500 613 573 656 ac
621 596 1034 657 fortitudinem
1063 595 1434 670 excitentur,
1486 596 1599 656 sed
1632 595 1810 656 etiam
1844 612 2036 671 reges
2075 596 2216 673 qui·

110 696 232 755 que
262 677 611 740 hominibus
640 680 974 755 imperant,
1028 696 1107 739 ne
1138 678 1283 754 quid
1314 679 1562 756 impium
1606 688 1713 740 aut
1756 679 2065 740 indecens
2097 697 2213 741 au-

109 765 322 835 deant,
381 761 755 823 erudiantur.
834 765 981 823 Nam
1013 763 1318 824 adversus
1364 762 1720 824 iniustitiam
1751 771 1942 838 atque
1984 764 2208 840 impic-

106 853 296 908 tatem
328 852 561 907 tantum
592 854 690 908 est
731 845 970 919 odium,
1021 854 1192 908 tanta
1209 846 1467 919 invidia,
1520 854 1688 907 utne
1714 846 1922 923 ipsum
1947 846 2205 922 quidem

109 930 345 991 caelum
366 937 469 991 aut
493 930 715 1004 sidera,
740 930 921 991 etiam
947 929 1000 991 si
1022 930 1305 992 homines
1330 930 1535 1002 velint,
1565 930 1746 992 huius
1766 930 1936 990 modi
1957 932 2205 992 scelera

106 1013 234 1090 pati
269 1030 342 1075 ac
367 1013 752 1075 dissimulare
775 1014 1038 1090 possint.
1112 1017 1235 1088 Ac,
1266 1014 1320 1075 si
1351 1031 1493 1076 sera
1515 1015 1772 1075 deorum
1798 1013 2074 1076 vindicta
2103 1014 2202 1087 sit,

110 1100 443 1159 noluerunt
471 1104 673 1160 tamen
706 1098 929 1173 impios
952 1097 1092 1174 ipso
1127 1098 1184 1158 in
1221 1095 1490 1160 facinore
1520 1099 1680 1159 adeo
1720 1099 2074 1171 exsultare,
2136 1105 2204 1157 ut

109 1198 233 1243 non
277 1198 512 1258 angore
555 1182 972 1243 conscientiae
1016 1182 1373 1258 fraudisque
1418 1181 1693 1243 cruciatu
1728 1188 2048 1260 tamquam
2094 1183 2203 1243 do·

109 1265 381 1327 mesticis
436 1265 609 1327 furiis
668 1265 928 1328 adsidue
985 1273 1304 1327 vexentur.
1392 1264 1494 1325 87.
1550 1266 1932 1341 Tantumque
1986 1274 2205 1341 potest

109 1349 438 1425 impietatis
472 1338 708 1424 o‘dium,
742 1359 807 1412 ut
833 1359 1160 1428 tyrannum
1190 1349 1557 1412 exstinctum
1595 1364 1669 1408 ac
1698 1348 2066 1410 saevissime
2099 1366 2202 1410 ex-

113 1434 444 1495 cruciatum
486 1452 665 1495 nemo
709 1435 1098 1507 misereatur,
1155 1450 1337 1495 nemo
1393 1434 1617 1494 doleat.
1695 1436 1844 1494 Nam
1889 1433 2199 1493 adversus

113 1518 232 1578 hoc
271 1517 580 1579 hominum
624 1533 822 1593 genus
866 1534 983 1578 nec
1022 1518 1080 1577 in
1125 1519 1251 1578 ullo
1297 1525 1616 1593 praeterea
1647 1533 1892 1578 omnem
1931 1533 2199 1593 prorsus

114 1601 235 1660 vim
268 1616 609 1675 omnesque
654 1600 940 1661 stimulos
979 1602 1197 1661 amittit
1237 1602 1437 1663 dolor.
1512 1600 1624 1676 Qui
1663 1600 1716 1661 si
1756 1600 1999 1661 ratione
2032 1616 2197 1661 com·

111 1684 471 1759 primendus
523 1691 647 1758 est,
708 1685 877 1758 quod
929 1702 1119 1761 supra
1171 1683 1469 1759 diximuS,
1533 1686 1722 1745 multo
1770 1683 1954 1744 etiam
1999 1681 2194 1758 magis

114 1766 561 1830 consuetudine
590 1767 899 1842 vincetur,
933 1769 1107 1829 cuius
1134 1774 1336 1829 tantae
1359 1774 1506 1829 sunt
1524 1767 1721 1841 vires,
1753 1774 1821 1829 ut
1854 1784 1980 1828 non
2007 1767 2193 1828 modo

112 1851 606 1929 perturbationes
637 1851 819 1914 animi
848 1853 1101 1925 sedare,
1132 1853 1246 1913 sed
1277 1851 1457 1912 etiam
1489 1860 1745 1913 naturae
1777 1850 1898 1912 vim
1930 1852 2191 1923 adferre,

115 1953 373 2013 eamque
414 1937 779 2014 saepissime
827 1937 1148 1998 immutare
1194 1953 1267 1996 ac
1307 1935 1553 2012 penitus
1596 1936 1777 1996 aliam
1819 1934 2026 2013 possit
2067 1935 2193 1995 effi-

116 2037 276 2080 cere.
349 2021 533 2083 Cuius
581 2020 810 2083 auxilio
864 2037 986 2083 non
1043 2020 1231 2082 modo
1280 2019 1518 2081 doloris
1564 2020 1793 2094 aculei,
1856 2021 1973 2081 sed
2013 2019 2191 2080 etiam

115 2107 398 2165 fortunae
429 2105 680 2165 fulmina
709 2105 934 2182 depelli
962 2119 1036 2164 ac
1067 2103 1377 2166 contemni
1407 2102 1585 2164 facile
1625 2111 1935 2180 poterunt.
2007 2102 2194 2163 Medi-

119 2196 313 2249 temur
351 2187 533 2262 igitur
585 2198 647 2249 et
689 2188 937 2249 omnino
986 2194 1327 2249 statuamus
1370 2187 1513 2247 nihil
1556 2204 1815 2264 prorsus
1865 2187 2193 2249 humanum

117 2288 258 2332 esse
283 2272 638 2344 dolendum,
675 2287 796 2332 non
819 2279 1098 2342 mortem,
1132 2288 1317 2346 quam
1339 2271 1458 2331 iam
1483 2271 1772 2347 optimam
1798 2288 1946 2332 esse
1969 2287 2195 2346 cogno·

113 2354 345 2426 vimus,
391 2371 513 2415 non
549 2361 917 2428 egestatem,
964 2371 1125 2428 quae
1156 2354 1521 2428 saepissime
1555 2355 1799 2416 maximi
1825 2355 1977 2417 boni
2009 2371 2195 2415 causa

117 2454 152 2506 a
199 2437 294 2497 dis
325 2436 768 2498 immortalibus
790 2435 1120 2510 tribuatur,
1146 2456 1270 2499 non
1304 2438 1584 2500 exsilium
1604 2486 1620 2512 ,
1659 2455 1846 2514 quum
1879 2438 2053 2499 orbis
2083 2448 2194 2498 ter-

116 2536 320 2580 rarum
353 2520 639 2581 omnibus
675 2526 911 2596 pateat,
964 2538 1091 2584 non
1124 2529 1370 2583 caetera
1396 2522 1642 2599 generis
1676 2523 1990 2596 eiusdem,
2040 2538 2196 2597 quae

114 2605 280 2680 vulgi
328 2601 619 2680 opinione
680 2604 1059 2681 gravissimis
1102 2606 1161 2666 in
1226 2605 1403 2668 malis
1458 2613 1877 2668 numerantur.
1956 2607 2198 2667 Nullum

116 2687 276 2748 enim
309 2694 430 2748 tam
468 2705 659 2765 grave
692 2691 914 2750 malum
950 2689 1272 2766 apparebit
1293 2689 1435 2766 quin
1470 2707 1549 2751 ex
1580 2707 1654 2750 eo
1686 2691 1916 2753 bonum
1948 2688 2194 2765 aliquod

116 2773 306 2833 multo
352 2773 547 2834 maius
592 2776 908 2848 multoque
955 2772 1284 2848 optabilius
1330 2790 1554 2850 niagno
1592 2775 1848 2836 deorum
1891 2772 2195 2835 beneficio

117 2855 447 2929 aliquando
502 2857 837 2933 colligatur.
912 2857 1080 2916 Pleni
1124 2864 1271 2919 sunt
1317 2858 1453 2919 libri
1500 2857 2044 2933 philosophorum,
2109 2873 2195 2917 re-

117 2941 310 3000 fertae
342 2941 716 3014 argumentis
760 2956 833 3001 ac
875 2939 1219 3002 rationibus
1254 2940 1512 3016 paginae
1552 2943 1679 3002 fere
1724 2957 1974 3013 omneS,
2035 2948 2196 3001 tanta

118 3031 320 3084 autem
363 3026 786 3099 exemplorum
831 3024 1040 3101 copia,
1092 3033 1158 3086 ut
1202 3023 1347 3086 nihil
1385 3025 1589 3100 possit
1628 3042 1772 3087 esse
1813 3024 2190 3086 cumulatius.

115 3105 304 3166 XXV.
351 3104 450 3167 88.
542 3109 711 3183 Quae
747 3125 932 3184 quum
965 3108 1048 3168 ita
1086 3108 1238 3180 sint,
1296 3126 1417 3184 qua
1453 3108 1566 3170 iam
1612 3126 1680 3170 re
1721 3117 2063 3171 terreamur
2097 3116 2192 3168 aut

124 3191 220 3247 cui
257 3190 457 3248 dolori
489 3192 824 3253 cedamus?
890 3192 1044 3251 Dion
1080 3202 1276 3265 certe,
1320 3192 1424 3267 qui
1467 3210 1504 3253 e
1537 3192 1806 3253 Platonis
1853 3192 2072 3254 schola
2098 3193 2190 3252 de·

118 3270 325 3340 fluxit,
365 3287 551 3342 quum
582 3273 715 3332 eius
745 3272 907 3334 filius
938 3273 997 3332 in
1028 3275 1248 3335 atrium
1282 3291 1317 3334 e
1346 3282 1508 3335 tecto
1540 3275 1832 3350 delapsus
1868 3273 2188 3344 interisset,

117 3367 241 3408 non
274 3352 461 3409 modo
495 3369 615 3410 non
651 3352 871 3426 doluit,
918 3357 1028 3415 sed
1067 3357 1247 3416 etiam
1279 3359 1336 3416 in
1372 3373 1478 3429 eo,
1513 3359 1681 3433 quod
1711 3366 1840 3418 tum
1871 3359 2032 3419 forte
2061 3373 2181 3433 age
