2381 3723
140 132 229 197 44
380 212 381 215 Ν
963 133 1065 192 DE
1096 128 1416 191 omens

145 302 300 361 que,
333 293 403 346 ut
433 287 711 347 eamdem
742 302 860 345 nos
892 282 1331 344 ‘modestiam’
1362 281 1774 358 appellemuS,
1813 278 1911 341 sic
1942 277 2236 341 definitur

145 385 184 428 a
214 367 469 441 Stoicis,
502 375 572 430 ut
602 368 910 430 modestia
944 365 1027 429 sit
1057 365 1316 427 scientia
1344 381 1549 426 rerum
1579 379 1822 438 earum,
1856 377 2015 440 quae
2046 378 2237 439 agen·

145 461 245 514 tur
268 460 375 513 aut
397 451 705 525 dicentur,
738 455 878 513 loco
901 467 1019 512 suo
1046 450 1566 512 collocandamm.
1641 448 1730 508 Ita
1747 446 1991 508 videtur
2010 448 2236 508 eadem

146 536 243 597 vis
273 535 506 599 ordinis
552 543 614 596 et
657 532 1086 597 collocationis
1130 535 1285 595 fore.
1358 534 1508 594 Nam
1549 539 1610 593 et
1640 529 1920 593 ordinem
1960 530 2052 592 sic
2082 531 2239 591 defi·

146 619 348 692 niunt,
406 619 923 696 compositionem
964 633 1168 680 rerum
1212 616 1372 694 aptis
1415 623 1479 678 et
1515 615 2001 678 accommodatis
2044 614 2238 676 loeis.

148 704 354 764 locum
385 710 587 764 autem
622 702 884 765 actionis
925 701 1447 780 opportunitatem
1487 698 1809 805 temporis
1823 715 1969 761 esse
1999 697 2239 760 dicunt.

149 787 418 861 Tempus
460 793 665 847 autem
709 785 969 849 actionis
1001 792 1421 864 opportunum
1454 785 1690 845 Graece
1729 773 2071 862 swertela,
2123 784 2240 842 La·

148 869 275 930 tine
303 871 653 945 appellatur
681 870 952 933 occasio.
1029 868 1131 929 Sic
1163 868 1233 929 fit
1274 875 1343 930 ut
1377 866 1683 930 modestia
1712 868 1893 940 haec,
1940 884 2122 944 quam
2155 866 2240 928 ita

150 953 650 1028 interpretamur,
680 961 750 1016 ut
770 954 930 1027 dixi,
962 952 1222 1016 scientia
1248 951 1331 1014 sit
1358 950 1837 1029 opportunitatis
1867 915 2239 1012 idoneorum

152 1038 229 1096 ad
261 1037 569 1112 agendum
597 1045 969 1115 temporum.
1062 1037 1204 1098 143.
1250 1036 1375 1098 Sed
1408 1042 1619 1112 potest
1657 1037 1874 1097 eadem
1917 1051 2062 1097 esse
2092 1052 2238 1111 pru-

154 1120 397 1182 dentiae
429 1121 734 1196 definitio,
775 1123 854 1185 de
885 1138 1008 1199 qua
1035 1119 1337 1198 principio
1370 1118 1665 1192 diximuS,
1707 1120 1827 1181 hoc
1860 1127 2060 1181 autem
2093 1122 2237 1181 loco

154 1206 232 1265 de
259 1205 684 1269 moderatione
717 1215 780 1268 et
808 1203 1210 1284 temperantia
1236 1212 1301 1265 et
1329 1221 1539 1267 earum
1576 1203 1872 1265 similibus
1905 1202 2237 1265 virtutibus

155 1289 526 1364 quaerimus,
619 1292 860 1367 ltaque,
926 1306 1086 1366 quae
1137 1296 1315 1350 erant
1362 1287 1727 1365 prudentiae
1784 1285 2062 1365 propria,
2116 1305 2237 1349 suo

154 1374 295 1434 loco
327 1373 492 1433 dicta
518 1381 699 1435 sunt:
742 1390 904 1448 quae
930 1380 1135 1434 autem
1165 1373 1380 1434 harum
1413 1371 1729 1446 virtutum,
1762 1372 1841 1432 de
1869 1371 2094 1447 quibus
2115 1371 2237 1432 iam

153 1455 258 1516 diu
291 1456 631 1530 loquimur,
688 1474 847 1531 quae
888 1456 1199 1534 pertinent
1243 1458 1318 1516 ad
1348 1454 1783 1516 verecundiam
1815 1463 1878 1516 et
1911 1457 1992 1516 ad
2019 1471 2237 1518 eorum

153 1540 697 1615 approbationem,
761 1541 1129 1616 quibuscum
1181 1539 1477 1615 vivimus,
1536 1556 1699 1601 nunc
1759 1540 2021 1601 dicenda
2071 1548 2235 1601 sunt.

159 1623 295 1683 144.
338 1623 502 1685 Talis
535 1630 634 1684 est
666 1622 851 1699 igitur
884 1625 1039 1686 ordo
1082 1623 1393 1687 actionum
1435 1623 1848 1698 adhibendus,
1899 1631 1995 1696 ut,
2049 1639 2237 1700 quem

154 1706 234 1765 ad
267 1706 566 1768 modum
549 1724 611 1768 in
645 1707 925 1769 oratione
962 1707 1297 1783 constanti,
1339 1707 1430 1770 sic
1460 1707 1521 1768 in
1556 1708 1682 1769 vita
1711 1706 1914 1769 omnia
1939 1707 2066 1769 sint
2091 1716 2239 1784 apta

153 1788 312 1851 inter
342 1806 413 1851 se
439 1798 502 1851 et
533 1790 982 1853 convenientia.
1055 1793 1276 1874 Turpe
1292 1800 1389 1854 est
1417 1792 1577 1853 enim
1610 1793 1916 1869 valdeque
1943 1789 2236 1854 vitiosum

153 1873 210 1933 in
256 1892 324 1935 re
367 1892 591 1938 severa
642 1874 905 1938 convivii
958 1876 1137 1938 dicta
1165 1885 1272 1937 aut
1319 1877 1642 1939 delicatum
1694 1876 1959 1953 aliquem
2007 1875 2239 1937 inferre

155 1975 524 2021 sermonem
605 1962 778 2022 Bene
798 1960 1097 2033 Periclea,
1141 1978 1332 2037 quum
1359 1961 1616 2023 haberet
1625 1960 1988 2059 collegam
1971 1978 2033 2021 m
2060 1977 2239 2038 prae·

156 2050 291 2104 tura
327 2044 705 2121 Sophoclem
738 2050 986 2122 poetam
1027 2045 1193 2121 iique
1231 2046 1311 2105 de
1336 2044 1644 2106 communi
1671 2044 1878 2107 officio
1907 2045 2236 2107 convenis·

153 2136 294 2186 sent
336 2139 396 2187 et
444 2146 595 2189 casu
627 2131 938 2191 formosus
975 2146 1130 2205 puer
1169 2129 1530 2204 praeteriret
1571 2128 1951 2204 dixissetque
1994 2129 2236 2204 Sopho·

155 2211 311 2269 eles:
354 2211 435 2271 ‘O
478 2227 736 2287 puerum
781 2215 1092 2287 pulcrum,
1139 2213 1438 2273 Periclel’
1487 2215 1624 2274 “At
1664 2211 1823 2273 enim
1863 2220 2238 2288 praetorem,

156 2292 498 2368 Sophocle,
527 2296 710 2355 decet
743 2313 867 2355 non
898 2299 1098 2357 solum
1128 2314 1377 2370 manuS‚
1420 2299 1532 2358 sed
1563 2296 1744 2357 etiam
1788 2300 2007 2359 oculos
2052 2295 2237 2357 absti-

153 2383 373 2437 nentes
402 2377 652 2437 habere.
657 2382 705 2411 ’⁹
779 2381 989 2454 Atque
1034 2381 1155 2441 hoc
1196 2380 1356 2441 idem
1391 2381 1739 2457 Sophocles
1785 2380 1838 2441 si
1882 2380 1940 2440 in
1987 2381 2237 2441 athleta·

156 2476 285 2518 rum
348 2461 711 2556 probatione
772 2462 1063 2536 dixisset,
1135 2463 1297 2525 iusta
1362 2464 1846 2542 reprehensione
1910 2464 2236 2526 caruisset.

152 2542 344 2603 Tanta
378 2543 472 2606 vis
503 2553 600 2607 est
642 2553 705 2606 et
740 2546 857 2607 loci
889 2554 952 2608 et
991 2548 1309 2645 temporis.
1382 2549 1463 2609 Ut
1498 2547 1552 2610 si
1582 2548 1717 2625 qui,
1754 2566 1941 2623 quum
1983 2564 2238 2610 causam

154 2624 233 2687 sit
262 2635 542 2701 aeturuS,
594 2628 654 2689 in
699 2629 914 2692 itinere
945 2639 1050 2693 aut
1085 2632 1145 2692 in
1180 2632 1595 2694 ambulatione
1639 2648 1849 2696 seeum
1881 2633 2018 2709 ipse
2050 2631 2236 2693 medi·

156 2718 316 2772 tetur
345 2722 450 2774 aut
479 2714 531 2790 si
562 2714 708 2791 quid
738 2715 902 2776 aliud
934 2716 1224 2777 attentius
1258 2716 1520 2792 cogitet,
1567 2734 1691 2778 non
1727 2717 2238 2792 reprehendatur,

159 2800 223 2853 at
250 2795 371 2856 hoc
418 2796 579 2858 idem
622 2798 676 2859 si
730 2797 789 2859 in
837 2798 1124 2861 convivio
1173 2800 1382 2874 saciat,
1432 2800 1798 2861 inhumanus
1839 2800 2125 2861 videatur
2154 2799 2238 2860 in·

158 2877 332 2938 scitia
365 2881 684 2957 temporis,
781 2884 918 2944 145.
967 2883 1090 2944 Sed
1125 2901 1230 2957 ea,
1275 2900 1435 2959 quae
1467 2886 1717 2945 multum
1745 2885 1824 2944 ab
1863 2883 2240 2945 humanitate

157 2960 543 3040 discrepant,
579 2971 646 3025 ut
670 2965 722 3027 si
755 2966 859 3043 qui
886 2966 944 3027 in
980 2969 1115 3028 soro
1147 2975 1353 3029 cantet
1386 2976 1491 3030 aut
1521 2968 1718 3044 siqua
1745 2976 1841 3029 est
1872 2968 1988 3028 alia
2015 2984 2239 3044 magna

158 3046 570 3120 perversitas,
632 3049 806 3111 facile
847 3059 1148 3127 apparent
1192 3068 1308 3113 nec
1362 3068 1585 3128 magno
1632 3068 1825 3129 opere
1873 3051 2240 3113 admonitio-

158 3146 296 3189 nem
344 3138 407 3191 et
455 3140 790 3208 praecepta
831 3135 1216 3196 desiderant:
1262 3153 1421 3211 quae
1465 3145 1669 3198 autem
1711 3153 1904 3212 parva
1952 3135 2244 3197 videntur

158 3227 303 3273 esse
333 3214 556 3275 delicta
587 3233 791 3291 neque
822 3233 858 3277 a
888 3219 1093 3279 multis
1130 3219 1380 3295 intelligi
1410 3227 1705 3296 possunt,
1756 3221 1832 3281 ab
1866 3219 1940 3281 iis
1971 3225 2070 3281 est
2111 3219 2242 3279 dili-

154 3294 399 3368 gentius
466 3288 914 3359 declinandum.
1001 3302 1082 3362 Ut
1130 3302 1189 3361 in
1265 3303 1490 3363 fidibus
1548 3311 1653 3366 aut
1702 3303 1891 3378 tibiis,
1953 3301 2241 3378 quamvis

148 3377 425 3450 paullum
474 3379 858 3456 discrepent,
913 3388 1113 3443 tamen
1159 3384 1218 3444 id
1264 3403 1300 3445 a
1340 3385 1574 3448 sciente
1613 3386 2012 3448 animadverti
2055 3388 2224 3448 solet
