2381 3723
178 141 279 198 171
845 131 1005 192 CAP.
1037 142 1230 197 3-6.
1274 141 1328 203 s.
1360 143 1587 198 8—-15-
2123 139 2245 206 361

178 283 371 346 Bibuli
414 282 771 360 patientiam
813 283 1057 360 culpavi
1087 292 1189 348 aut
1222 283 1544 345 virtutibus
1578 285 1856 348 Caesaris
1879 286 2029 349 favi.
2116 290 2247 353 Hae

172 368 333 429 enim
381 367 599 428 laudes
645 366 872 442 egregii
916 367 1066 429 civis
1109 374 1172 428 et
1214 367 1431 429 unicae
1465 375 1627 429 sunt.
1717 369 1884 443 Quae
1925 371 1979 434 si
2005 380 2070 433 tu
2104 373 2249 435 mihi

169 459 241 513 ut
277 449 417 512 vitia
453 448 698 523 obiicis,
743 450 1050 511 temeritas
1081 458 1186 512 tua
1215 452 1743 527 reprehendetur,
1780 469 1902 514 non
1936 455 2071 517 mea
2101 456 2246 518 vitia

170 536 599 610 culpabuntur.
687 533 866 594 Plura
895 534 1159 595 dicerem
1177 581 1194 608 ,
1230 535 1283 596 si
1317 536 1479 611 apud
1505 534 1659 595 alios
1686 534 1828 595 mihi
1852 545 2023 599 esset
2043 539 2246 601 dicen·

170 620 347 691 dum,
403 624 610 694 patres
664 615 1029 694 conscripti,
1084 634 1210 678 non
1262 619 1428 692 apud
1480 635 1627 692 vOS,
1686 635 1844 693 quos
1898 637 2016 697 ego
2064 622 2245 685 habui

170 701 443 763 omnium
473 699 782 762 actionum
813 717 1080 762 mearum
1114 700 1470 762 monitores.
1559 700 1683 762 Sed
1715 703 1815 762 ubi
1846 721 2047 766 rerum
2078 708 2244 768 testi-

169 783 382 848 monia
414 775 669 857 adsunt,
717 783 863 859 quid
896 802 1054 861 opus
1083 792 1183 845 est
1211 785 1461 846 verbis?

295 869 370 927 V.
422 866 517 929 13.
603 868 809 942 Nunc,
863 875 931 928 ut
972 869 1050 928 ad
1097 875 1158 928 te
1201 875 1504 942 revertar,
1561 868 1837 944 Sallusti,
1884 880 2246 950 patremque

167 964 340 1014 ‘uum
375 958 790 1028 praeteream,
837 951 1020 1047 quisi
1049 968 1381 1027 numquam
1409 949 1468 1011 in
1508 952 1632 1012 vita
1667 969 1782 1014 sua
1813 956 2117 1030 peccavit,
2160 965 2245 1017 ta-

167 1054 311 1097 :nen
351 1035 643 1097 maiorem
685 1034 960 1095 iniuriam
996 1032 1085 1095 rei
1128 1034 1412 1112 publicae
1445 1036 1647 1099 facere
1678 1053 1798 1096 non
1840 1038 2035 1113 potuit
2066 1056 2245 1114 quam

173 1120 343 1197 quod
390 1125 453 1179 te
500 1120 682 1178 talem
728 1118 914 1179 filium
956 1118 1198 1201 genuit,
1252 1136 1486 1193 neque,
1545 1125 1610 1179 tu
1655 1118 1707 1180 si
1749 1137 1867 1195 qua
1897 1121 2245 1197 inflpueritia

169 1201 474 1282 peccasti,
521 1217 862 1278 exsequar,
902 1218 977 1261 ne
1008 1209 1323 1278 parentem
1355 1210 1521 1263 tuum
1545 1201 1759 1262 videar
1779 1220 2101 1277 accusare,
2141 1204 2246 1280 qui

169 1303 249 1348 eo
286 1293 564 1362 tempore
592 1301 891 1346 summam
927 1284 1008 1345 tui
1033 1291 1403 1381 potestatem
1424 1284 1660 1357 habuit,
1696 1288 1811 1346 sed
1835 1290 2073 1362 qualem
2098 1289 2247 1349 ado·

166 1370 526 1432 lescentiam
558 1368 778 1444 egeris.
865 1369 995 1428 Hac
1033 1369 1190 1427 enim
1224 1369 1639 1428 demonstrata
1674 1369 1848 1431 facile
1881 1369 2251 1447 intelligetur

169 1470 357 1532 quam
385 1451 681 1528 petulanti
708 1451 964 1527 pueritia
988 1458 1107 1511 tam
1139 1451 1485 1528 impudicus
1521 1459 1583 1511 et
1611 1467 1848 1528 procax
1876 1454 2223 1515 adoleveris

167 1532 400 1597 Postea
440 1552 624 1611 quam
667 1535 1003 1595 immensae
1032 1536 1213 1611 gulae
1251 1533 1713 1611 impudicissimi
1748 1538 2028 1611 corporis
2060 1554 2246 1612 quae·

170 1629 311 1682 stus
351 1618 636 1679 sufficere
680 1636 804 1680 non
851 1617 1051 1695 potuit
1087 1629 1150 1679 et
1192 1625 1363 1679 aetas
1407 1625 1513 1678 tua
1559 1617 1677 1678 iam
1717 1619 1791 1679 ad
1837 1637 1909 1680 ea
1946 1620 2246 1697 patienda,

173 1719 337 1779 quae
366 1699 536 1762 alteri
565 1704 771 1762 facere
803 1700 1215 1774 collibuisset,
1261 1701 1644 1774 exoleverat,
1693 1701 2123 1778 cupiditatibus
2163 1704 2246 1762 in-

171 1785 361 1847 finitis
378 1784 781 1858 efferebaris,
826 1793 893 1845 ut
923 1801 1081 1859 quae
1106 1784 1242 1859 ipse
1266 1784 1511 1860 corpori
1532 1791 1640 1846 tuo
1666 1785 1863 1861 turpia
1890 1804 2013 1847 non
2039 1786 2248 1846 duxis-

172 1888 283 1933 ses
335 1869 395 1930 in
448 1869 580 1930 aliis
633 1868 1022 1945 experireris,
1115 1870 1210 1928 14.
1264 1870 1357 1928 Ita
1407 1883 1527 1927 non
1573 1876 1670 1929 est
1713 1869 1887 1935 facile
1929 1877 2245 1944 exputare,

170 1962 385 2030 patres
433 1952 795 2028 conscripti,
840 1959 1040 2014 utrum
1091 1949 1613 2014 inhonestioribus
1658 1951 1939 2026 corporis
1972 1951 2247 2027 partibus

170 2055 305 2099 rem
354 2035 685 2112 quaesierit
726 2053 802 2096 an
848 2034 1134 2097 amiserit.
1222 2035 1485 2097 Domum
1529 2041 1846 2110 paternam
1887 2033 2030 2093 vivo
2079 2044 2250 2109 patre

172 2119 529 2194 turpissime
570 2118 853 2180 venalem
900 2118 1136 2189 habuit,
1187 2116 1483 2178 vendidit.
1570 2118 1646 2176 Et
1686 2115 1966 2192 cuiquam
1997 2115 2249 2177 dubium

82 2212 93 2221 “
172 2210 388 2281 potest
433 2220 577 2264 esse
623 2202 766 2277 quin
812 2201 965 2263 mori
997 2200 1270 2275 coegerit
1295 2216 1464 2272 eum,
1510 2216 1632 2276 quo
1662 2198 1759 2259 hic
1788 2201 2060 2261 nondum
2092 2217 2248 2260 mor-

171 2296 286 2348 tuo
330 2303 444 2363 pro
486 2286 716 2347 herede
759 2284 1024 2362 gesserit
1068 2284 1318 2345 omnia?
1405 2283 1617 2360 Neque
1658 2283 1850 2360 pudet
1892 2299 2029 2344 eum
2073 2300 2110 2342 a
2151 2299 2250 2343 me

176 2387 477 2445 quaerere
509 2370 646 2445 quis
678 2369 737 2428 in
769 2368 835 2427 P.
859 2367 1066 2430 Crassi
1093 2369 1280 2429 domo
1310 2366 1570 2442 habitet,
1613 2384 1801 2442 quum
1829 2365 1965 2443 ipse
1993 2382 2250 2442 respon·
2307 2362 2314 2365 “

175 2455 328 2514 dere
377 2471 501 2514 non
544 2460 733 2529 queat
765 2452 900 2528 quis
951 2452 1011 2512 in
1061 2451 1257 2526 ipsius
1307 2451 1539 2512 habitet
1581 2459 1834 2526 paterna
1875 2451 2083 2513 domo,
2170 2453 2253 2511 At

173 2538 427 2617 hercule
480 2538 696 2612 lapsus
752 2535 968 2597 aetatis
1025 2532 1308 2595 tirocinio
1360 2541 1581 2609 postea
1627 2551 1699 2594 se
1744 2532 2028 2595 correxit.
2114 2535 2250 2594 Non

172 2620 263 2680 ita
307 2627 431 2692 est,
485 2621 600 2681 sed
631 2618 778 2687 abiit
809 2618 867 2679 in
914 2617 1277 2680 sodalicium
1328 2615 1629 2691 sacrilegii
1669 2614 1999 2692 Nigidiani,
2045 2616 2141 2676 bis
2173 2615 2251 2674 ad

171 2703 397 2765 iudicis
453 2703 746 2764 subsellia
799 2708 1091 2763 attractus
1116 2748 1131 2774 ,
1199 2707 1471 2762 extrema
1532 2699 1775 2759 fortuna
1834 2699 2003 2779 stetit
2056 2706 2116 2758 et
2169 2697 2252 2776 ita

175 2786 498 2859 discessit,
547 2795 615 2848 ut
658 2802 783 2847 non
825 2786 928 2846 hic
966 2785 1265 2846 innocens
1296 2799 1468 2854 esse,
1526 2782 1642 2843 sed
1672 2779 1906 2853 iudices
1940 2779 2252 2857 peierasse

174 2869 693 2933 existimarentur.
785 2870 884 2930 15.
927 2868 1192 2929 Primum
1227 2867 1526 2928 honorem
1550 2865 1609 2925 in
1636 2871 1965 2942 quaestura
1989 2865 2252 2939 adeptus

171 2956 340 3016 hunc
391 2955 597 3015 locum
649 2960 710 3013 et
758 2952 921 3013 hunc
968 2952 1246 3029 ordinem
1295 2948 1608 3025 despexit,
1662 2948 1837 3011 cuius
1890 2948 2090 3009 aditus
2138 2943 2253 3008 sibi

176 3054 432 3114 quoque
477 3035 908 3099 sordidissimo
956 3033 1187 3097 homini
1239 3033 1558 3110 patuisset.
1657 3033 1870 3108 Itaque
1909 3032 2131 3091 timens
2174 3045 2252 3089 ne

173 3120 455 3182 facinora
498 3137 614 3182 sua
656 3122 810 3180 clam
857 3135 972 3180 vos
1018 3126 1259 3191 essent,
1309 3133 1493 3193 quum
1538 3116 1820 3177 omnibus
1869 3121 2123 3174 matrum
2169 3114 2250 3172 fa·

172 3205 475 3266 miliarum
507 3204 656 3265 viris
689 3201 1023 3279 opprobrio
1063 3209 1260 3274 esset,
1309 3200 1637 3261 confessus
1670 3204 1766 3260 est
1794 3197 1973 3259 vobis
2004 3195 2252 3258 audien-

174 3288 342 3350 tibus
387 3287 753 3349 adulterium
804 3302 1008 3362 neque
1057 3248 1300 3345 erubu'it
1345 3300 1452 3345 ora
1504 3289 1730 3343 vestra
1828 3281 1932 3343 VI.
1989 3278 2248 3340 vixeris

171 3381 247 3434 ut
286 3372 462 3446 libet,
509 3369 787 3436 Sallusti.
845 3367 1044 3444 egeris
1091 3383 1253 3442 quae
1294 3365 1594 3436 volueris.
1654 3363 1802 3427 satis
1846 3363 1946 3425 sit
1967 3377 2160 3424 unum
2194 3367 2253 3419 te
