2381 3723
113 143 227 198 165
394 227 399 234 ι
727 134 1135 197 LIBRORUM
1179 136 1607 199 DUBIORUM.
2084 139 2210 204 355

889 286 1038 341 LOCI
1079 287 1448 340 COMMUNES.

891 405 1202 445 Anno-rum
1243 405 1444 448 nomm.

264 497 513 548 Incertum
551 503 631 547 est
662 495 984 558 Quinctiliani
1016 501 1337 550 testimonium
1359 500 1421 548 de
1437 501 1627 565 sylloge
1650 502 1866 550 locorum
1884 505 2207 557 communium.

115 568 273 618 Imnzo
318 558 622 630 παράδοξα
671 567 990 631 intelligenda
1039 568 1268 619 Gesnero
1282 606 1296 630 ,
1349 566 1667 634 Spaldinyio,
1720 567 1907 621 Orellio
1959 571 2206 627 videntur.

115 637 289 687 Haud
314 645 528 697 temere,
576 642 637 686 ut
666 635 908 687 arbitror.

264 730 568 792 Communes,
613 730 713 783 loci
754 732 866 782 sive
912 734 999 797 qui
1037 741 1154 784 sunt
1197 734 1251 784 in
1287 735 1413 786 vitia
1455 735 1662 796 directi,
1711 736 1889 801 quales
1925 736 2141 803 legimus
2179 754 2209 788 a

116 805 366 856 Cicerone
416 801 727 866 compositos
742 838 758 863 ,
818 816 909 852 seu
957 804 1141 866 quibus
1188 804 1514 867 quaestiones
1560 805 1867 871 generaliter
1912 813 2206 870 tractantur,

115 873 302 937 quales
339 878 455 923 sunt
493 871 617 920 editi
643 869 885 930 a-Quinto
908 886 1108 938 quoque
1128 872 1413 924 Hortensio,
1476 872 1995 939 [Quinctilinnus
2030 875 2121 926 lib.
2139 876 2203 925 11.

116 957 238 1008 cap.
264 941 315 994 1.
357 941 410 1003 s.
440 937 545 1005 ιι.]

539 1172 974 1250 SCRIPTA
1045 1173 1793 1253 ›SUPPOSITIOIA

805 1392 1519 1456 PSEUDOSALLUSTn

514 1511 578 1554 m
619 1511 684 1555 m,
725 1505 979 1556 Tutum
1025 1511 1362 1557 clemonem
1405 1511 1809 1556 nncLAmAno.

249 1630 294 1689 1.
358 1632 411 1689 1.
503 1630 778 1691 Graviter
823 1638 882 1691 et
930 1633 1131 1706 iniquo
1175 1634 1374 1693 animo
1420 1633 1738 1695 maledicta
1788 1639 1892 1694 tua
1940 1640 2201 1708 paterer,

120 1713 205 1774 M.
255 1713 437 1787 Tulli,
478 1717 535 1775 si
561 1721 618 1776 te
645 1717 859 1776 scirem
894 1716 1116 1776 iudicio
1143 1719 1336 1791 mayis
1369 1734 1547 1792 quam
1582 1718 1785 1779 morbo
1816 1719 2005 1778 animi
2022 1724 2204 1792 petu-

119 1801 313 1859 lantia
341 1800 457 1860 ista
487 1802 589 1861 uti.
676 1799 801 1860 Sed
827 1815 1005 1876 quum
1027 1802 1090 1860 in
1110 1807 1166 1863 te
1184 1818 1375 1878 neque
1393 1803 1626 1863 modum
1653 1818 1843 1878 neque
1862 1801 2202 1864 modestiam

120 1887 308 1944 ullam
335 1886 770 1958 animadverto,
812 1887 1140 1961 respondeo
1168 1887 1298 1958 tibi,
1344 1890 1408 1947 ut
1422 1932 1436 1959 ,
1478 1889 1536 1947 si
1563 1903 1742 1961 quam
1774 1889 1930 1946 male
1952 1887 2204 1947 dicendo

120 1971 472 2044 voluptatem
514 1971 749 2045 cepisti,
792 1985 927 2029 eam
964 1972 1122 2030 male
1148 1971 1450 2031 audiendo
1476 1973 1730 2031 amittas.
1825 1969 1937 2030 Ubi
1959 1985 2200 2044 querar,

122 2069 269 2127 quos
307 2055 639 2130 implorem,
691 2061 898 2128 patms
939 2057 1288 2129 conscripti,
1331 2055 1519 2129 diripi
1545 2070 1674 2114 rem
1688 2053 1996 2129 publicam
2027 2058 2204 2128 atque

123 2137 520 2199 audacissimo
571 2140 784 2213 cuique
839 2155 966 2199 esse
999 2140 1299 2213 perfidiae
1321 2134 1355 2198 ?
1418 2137 1605 2214 Apud
1639 2140 1928 2213 populum
1968 2137 2203 2197 Roma-

120 2237 264 2281 num
277 2268 292 2294 ,
340 2225 446 2297 qui
487 2225 572 2282 ita
604 2223 1015 2296 laraitionibus
1053 2229 1371 2298 corruptus
1400 2231 1510 2295 est,
1535 2225 1641 2287 'uti
1664 2239 1791 2284 sese
1822 2238 1898 2282 ac
1920 2221 2203 2294 fortunas

120 2321 264 2365 suas
290 2309 526 2367 venales
553 2306 793 2379 habeat,
837 2323 921 2367 an
961 2308 1132 2382 apud
1167 2323 1295 2380 vos,
1323 2314 1537 2383 patres
1562 2308 1909 2382 conscripti,
1952 2320 2202 2381 quorum

122 2392 446 2451 auctoritas
481 2393 818 2466 turpissimo
852 2393 1064 2466 cuique
1101 2399 1160 2452 et
1183 2395 1632 2453 sceleratissimo
1662 2392 1919 2453 ludibrio
1950 2396 2064 2461 est,
2103 2389 2206 2449 ubi

123 2474 213 2533 M.
255 2473 482 2535 Pullius
528 2478 712 2550 leptis,
738 2477 992 2536 .iudicia
1026 2479 1244 2551 populi
1280 2476 1541 2536 Romani
1579 2476 1876 2549 defendit,
1922 2481 2097 2557 atque
2140 2476 2201 2534 in

122 2559 234 2618 hoc
273 2560 484 2619 ordine
511 2562 595 2619 ita
622 2559 992 2631 moderatur,
1034 2562 1214 2634 quasi
1235 2576 1389 2620 unus
1415 2562 1681 2633 reliquus
1708 2577 1790 2620 ex
1812 2560 2059 2633 familia
2088 2560 2206 2617 viri

120 2645 465 2715 clarissimi,
508 2643 800 2718 Scipionis
834 2643 1146 2716 Africani,
1188 2659 1268 2704 ac
1294 2659 1413 2704 non
1442 2645 1794 2718 reperticius
1809 2689 1823 2715 ,
1875 2645 2094 2703 ascitus
2127 2657 2204 2699 ac

120 2729 327 2804 paullo
365 2733 504 2787 ante
538 2729 747 2787 insitus
787 2728 928 2788 huic
964 2728 1102 2788 urbi
1138 2724 1328 2789 civis?
1412 2724 1470 2785 2.
1529 2725 1625 2785 An
1666 2740 1831 2798 vera,
1889 2725 1976 2784 Μ.
2027 2724 2199 2794 Tulli,

120 2812 294 2886 facta
323 2827 401 2873 ac
427 2811 590 2872 dicta
616 2819 722 2871 tua
753 2812 1004 2872 obscura
1030 2809 1212 2873 sunt?
1255 2828 1335 2871 an
1371 2827 1488 2872 non
1517 2812 1603 2870 ita
1630 2825 1671 2869 a
1694 2811 1957 2885 pueritia
1986 2810 2199 2875 vixisti,

126 2903 192 2956 ut
215 2897 366 2957 nihil
392 2898 754 2971 flaaitiosum
785 2899 1028 2972 corpori
1047 2903 1144 2957 tuo
1158 2902 1408 2972 putares
1430 2895 1591 2971 quod
1609 2894 1796 2956 alicui
1811 2887 2202 2955 collibuisset?

124 2981 219 3039 An
247 2982 468 3041 scilicet
508 2983 681 3040 istam
714 2982 1160 3041 immoderatam
1198 2980 1583 3055 eloquentiam
1617 2978 1788 3054 apud
1814 2977 1903 3038 M.
1933 2978 2201 3038 Pisonem

122 3081 241 3125 non
279 3066 610 3140 pudicitiae
656 3068 892 3126 iactura
935 3061 1354 3141 perdidicisti?
1419 3063 1633 3149 Itaque
1679 3065 1914 3122 minime
1960 3063 2200 3120 miran-

125 3150 264 3209 dum
306 3156 420 3221 est,
473 3153 529 3209 si
556 3166 701 3210 eam
725 3151 1022 3224 flaqitiose
1059 3149 1355 3221 venditas,
1398 3163 1577 3223 quam
1623 3148 1959 3222 turpissime
1992 3159 2199 3219 para-

123 3236 214 3294 sti.
296 3233 371 3293 11.
442 3234 687 3307 Verum,
731 3240 799 3293 ut
834 3236 1076 3309 opinor,
1113 3234 1399 3309 splendor
1445 3233 1791 3293 domesticus
1830 3230 1935 3290 tibi
1974 3230 2202 3290 animos

125 3320 292 3392 tollit,
330 3333 491 3378 uxor
515 3321 818 3393 sacr-ilcan
847 3334 924 3379 ac
938 3320 1232 3394 periuriis
1252 3317 1539 3390 delibuta,
1565 3318 1697 3390 filia
1736 3317 1945 3374 matris
1977 3316 2195 3390 pellex,

125 3402 228 3463 tibi
260 3404 579 3464 iucundior
623 3410 801 3478 atque
837 3403 1239 3478 obsequentior
1268 3418 1447 3477 quam
1469 3403 1861 3543 parensspssar
1886 3402 1989 3458 est.
2068 3395 2193 3454 Do-

2207 3598 2291 3632 j
