2381 3723
0 1083 34 1100 ἔ
0 881 35 1049 itu-¹22
10 696 32 852 caza„

0 1160 35 1211 31

0 1453 8 1467 ·
0 1299 15 1410 ’τιν
0 1232 6 1252 v

18 1230 37 1379 ⁸5⁴4ss

200 99 324 162 228
982 100 1481 161 FRAGMENTA.
2200 109 2278 164 38

201 252 330 313 Iulii
371 259 476 312 aut
515 268 753 313 summo
799 251 1042 326 ingenio
1089 251 1399 327 praeditus
1428 252 1508 312 M.
1551 250 1857 312 Antonius
1904 250 2104 327 potuit
2143 251 2269 311 imi-

200 336 354 396 tari?
399 350 779 417 [Asconius]
866 334 924 394 3.
967 334 1165 407 Quid?
1220 334 1279 394 in
1330 334 1614 395 omnibus
1644 334 2051 395 monumentis
2085 336 2273 395 Grae·

202 420 360 493 ciae,
393 437 551 494 quae
576 429 720 481 sunt
746 410 953 479 verbis
983 416 1293 480 ornatiora
1326 435 1507 493 quam
1539 418 1750 491 rebus,
1784 417 1921 492 quis
1943 417 2268 490 invenitur,

202 520 384 580 quum
419 504 495 563 ab
525 503 715 564 Aiace
747 501 1091 576 fabulisque
1122 500 1517 573 discesseriS,
1555 500 1658 578 qui
1691 508 1891 562 tamen
1926 501 2116 576 ipse

366 615 736 688 anominiae
763 615 987 695 dolore,
1026 620 1093 673 ut
1123 614 1206 672 ait
1234 618 1419 688 poeta
1436 661 1449 687 ,
1491 617 1674 675 victor
1701 616 1953 674 insolens

414 741 728 757 ........
758 715 820 786 ,se
847 701 1059 758 victum
1088 714 1205 758 non
1226 702 1421 774 potuit
1440 702 1586 773 pati,

202 816 445 885 praeter
498 807 937 869 Atheniensem
1004 808 1501 882 Themistoclem,
1582 807 1687 884 qui
1743 824 1813 868 se
1874 806 2010 884 ipse
2073 815 2268 868 morte

204 890 498 953 multavit.
586 892 645 950 4.
688 893 773 951 At
796 891 1073 953 Graeculi
1099 891 1343 968 quidem
1376 894 1564 953 multa
1589 893 1853 967 fingunt,
1910 892 2071 967 apud
2107 907 2265 965 quos

203 976 385 1036 etiam
439 975 889 1037 Cleombrotum
944 975 1398 1038 Ambraciotam
1458 977 1658 1036 ferunt
1717 992 1788 1036 se
1842 992 1918 1035 ex
1970 973 2264 1034 altissimo

203 1056 650 1135 praecipitasse
678 1076 883 1133 muro,
932 1077 1053 1120 non
1088 1076 1210 1135 quo
1242 1058 1587 1119 acerbitatis
1630 1057 1977 1135 accepisset
2019 1056 2267 1132 aliquid,

204 1143 348 1217 sed,
400 1150 468 1204 ut
498 1140 677 1203 video
719 1142 1009 1219 scripturn
1046 1144 1211 1217 apud
1244 1144 1545 1216 GraecOS,
1593 1160 1779 1218 quum
1812 1140 2030 1203 summi
2076 1141 2268 1217 philo-

129 1280 137 1286 .
204 1226 386 1302 sophi
414 1225 684 1288 Platonis
725 1228 990 1301 graviter
1020 1234 1082 1287 et
1123 1234 1335 1287 ornate
1369 1226 1661 1302 scriptum
1688 1224 1906 1303 librum
1953 1226 2030 1284 de
2071 1233 2267 1286 morte

203 1309 487 1386 legisset,
516 1310 578 1369 in
611 1327 768 1385 quo,
799 1318 868 1370 ut
900 1310 1146 1386 opinor,
1189 1310 1479 1371 Socrates
1510 1310 1610 1371 illo
1642 1309 1778 1384 ipso
1817 1309 1942 1384 die,
1979 1309 2100 1383 quo‘
2139 1314 2270 1367 erat

204 1394 261 1454 ei
289 1393 705 1465 moriundum,
739 1396 1040 1468 permulta
1069 1393 1369 1468 disputat,
1404 1394 1561 1453 hanc
1594 1410 1737 1454 esse
1765 1400 2053 1465 mortem,
2086 1408 2267 1467 quam

207 1493 322 1537 nos
351 1476 535 1535 vitam
570 1482 952 1551 pu'taremuS,
1002 1494 1185 1551 quum
1229 1493 1491 1550 corpore
1521 1476 1758 1538 animus
1800 1484 2107 1551 tamquam
2142 1492 2247 1535 car

207 1575 347 1618 cere
384 1567 634 1632 saeptus
666 1566 1003 1632 teneretur,
1048 1560 1232 1621 vitam
1262 1568 1463 1621 autem
1496 1577 1639 1621 esse
1670 1577 1835 1633 eam,
1888 1577 2075 1635 quum
2107 1558 2267 1618 idem

207 1642 441 1702 animus
489 1641 699 1703 vinclis
751 1643 1030 1719 corporis
1075 1643 1368 1705 liberatus
1424 1643 1482 1703 in
1531 1661 1668 1704 eum
1714 1661 1785 1704 se
1821 1646 2050 1715 locum,
2102 1642 2268 1701 unde

207 1731 375 1786 esset
405 1732 606 1799 ortus,
657 1726 1011 1788 rettulisset.
1098 1728 1206 1787 IV.
1247 1728 1306 1787 5.
1393 1729 1544 1788 Num
1589 1727 1769 1803 igitur
1793 1726 1911 1787 ista
1938 1735 2044 1787 tua
2074 1725 2268 1785 Sarda

204 1808 614 1886 Pythagoram
647 1816 751 1871 aut
780 1811 1081 1872 Platonem
1110 1818 1289 1873 norat
1318 1818 1423 1873 aut
1444 1812 1712 1887 legerat?
1784 1810 1886 1887 qui
1921 1818 2114 1871 tamen
2151 1808 2269 1885 ipsi

208 1901 459 1954 mortem
488 1893 570 1955 ita
595 1895 875 1969 laudant,
924 1902 994 1955 ut
1024 1897 1236 1971 fugere
1281 1895 1463 1958 vitam
1503 1902 1708 1955 vetent
1750 1903 1933 1970 atque
1962 1894 2018 1953 id
2056 1899 2267 1954 contra

208 1978 427 2039 foedus
452 1974 584 2040 fieri
607 1978 812 2040 dicant
833 1981 1156 2055 legemque
1180 1986 1452 2040 naturae.
1527 1978 1718 2039 Aliam
1746 1978 1988 2055 quidem
2019 1993 2268 2037 causam

209 2060 420 2122 mortis
450 2061 831 2123 voluntariae
864 2065 1085 2123 nullam
1111 2064 1390 2139 profecto
1419 2062 1639 2124 iustam
1671 2061 2008 2137 reperietis.
2065 2066 2270 2135 Atque

209 2146 324 2204 hoc
359 2143 458 2204 ille
490 2145 657 2204 vidit.
731 2148 878 2205 Nam
909 2146 1050 2207 iecit
1091 2148 1355 2222 quodam
1407 2149 1548 2208 loco
1592 2144 1715 2206 vita
1756 2145 1914 2206 illam
1959 2144 2272 2205 mulierem

206 2227 455 2302 spoliari
479 2243 660 2301 quam
691 2229 983 2303 pudicitia
1012 2231 1318 2291 maluisse.
1406 2232 1465 2292 6.
1512 2230 1634 2290 Sed
1671 2224 1892 2305 refugit
1924 2228 2124 2290 statim
2157 2243 2272 2286 nec
2317 2267 2326 2275 -

207 2310 284 2368 de
316 2310 604 2384 pudicitia
641 2312 816 2385 plura
847 2312 1026 2386 dixit,
1070 2313 1332 2385 veritus,
1379 2315 1597 2386 credo,
1637 2330 1714 2373 ne
1759 2330 1938 2387 quem
1979 2308 2271 2372 irridendi

207 2391 385 2453 nobis
418 2393 592 2453 daret
620 2400 680 2453 et
710 2394 953 2454 iocandi
986 2397 1212 2456 locum
1289 2398 1541 2458 Constat
1572 2395 1732 2456 enim
1763 2398 1923 2457 illam
1950 2410 2137 2471 quum
2169 2393 2271 2453 de-

206 2474 506 2536 formitate
547 2493 784 2538 summa
823 2478 1012 2540 fuisse
1042 2487 1169 2540 tum
1210 2479 1389 2540 etiam
1424 2488 1762 2541 senectute.
1837 2481 1967 2555 Qua
2012 2495 2081 2538 re
2113 2492 2272 2552 quae

206 2565 437 2634 potest,
494 2561 773 2635 quamvis
813 2565 980 2624 salsa
1032 2563 1148 2624 ista
1194 2563 1391 2624 Sarda
1430 2562 1640 2637 fuerit,
1692 2565 1813 2624 ulla
1864 2562 2124 2623 libidinis
2167 2567 2275 2621 aut

210 2642 429 2705 amoris
462 2661 605 2706 esse
637 2645 954 2722 suspicio?

326 2759 403 2816 V.
451 2758 510 2817 7.
596 2761 692 2819 Ac
739 2776 815 2819 ne
871 2757 1216 2831 existimeS,
1266 2757 1485 2832 Triari,
1540 2759 1707 2834 quod
1754 2758 2025 2819 adferam
2074 2756 2133 2816 in
2190 2757 2274 2817 di-

207 2839 403 2898 cendo
435 2856 532 2899 me
563 2841 796 2916 fingere
826 2841 1028 2918 ipsum
1077 2849 1139 2902 et
1182 2859 1306 2902 non
1348 2859 1385 2902 a
1426 2860 1534 2903 reo
1576 2858 1822 2903 causam
1867 2856 2273 2916 cognoscere,

206 2921 524 2996 explicabo
577 2923 682 2984 tibi
725 2943 884 3000 quae
931 2925 1155 2986 fuerint
1195 2925 1519 3000 opiniones
1547 2925 1607 2986 in
1640 2924 1920 2986 Sardinia
1973 2925 2050 2984 de
2094 2923 2273 2985 istius

206 3004 473 3069 mulieris
501 3014 729 3068 morte:
799 3026 939 3069 nam
973 3009 1219 3069 fuerunt
1245 3011 1431 3070 duae:
1488 3027 1611 3085 quo
1653 3008 1831 3070 etiam
1864 3006 2101 3069 facilius
2128 3009 2197 3067 hi
2218 3013 2279 3067 et

201 3087 423 3151 Scauri
460 3093 849 3154 innocentiam
891 3102 948 3153 et
993 3096 1221 3153 testium
1268 3100 1500 3154 ntorum
1554 3095 1875 3154 audaciam
1923 3107 2278 3166 coynoscere

195 3175 427 3266 possint
460 3181 519 3233 et
549 3191 750 3235 eoram
765 3222 779 3249 ,
831 3193 985 3251 quae
1006 3177 1182 3250 facta
1208 3183 1346 3237 sunt
1357 3223 1371 3250 ,
1417 3179 1845 3251 indiqnitatem.
1934 3173 1993 3234 8.
2035 3174 2277 3235 Surdae

205 3348 326 3403 que
372 3333 712 3411 improbam
760 3348 1043 3415 matrem,
1100 3342 1309 3403 infami
1350 3306 1612 3403 ac’noto
1651 3307 1949 3404 adulterio
2004 3341 2123 3401 iam
2168 3339 2280 3400 diu
