2381 3723
205 137 307 195 197
819 122 985 185 CAP.
1019 133 1177 204 155—
1192 130 1291 186 17.-
1318 133 1371 193 S.
1404 134 1472 187 55
1484 158 1563 167 -—
1578 133 1666 188 63.
2156 130 2273 195 387

201 296 387 357 quum
416 276 758 340 incidentes
792 274 1171 337 calamitates
1202 282 1264 335 et
1283 274 1483 337 morbi
1513 276 1708 338 vitam¹
1727 278 1883 339 adeo
1917 283 2280 356 perturbent

195 363 649 439 sollicitamque
681 361 975 432 habeant,
1024 366 1094 421 ut
1126 358 1487 435 longissima
1530 361 1826 424 videatur.
1917 362 2017 424 60.
2063 366 2277 441 Itaque

192 456 458 510 mortem
504 444 848 524 perfugium
903 458 1047 503 esse
1087 459 1499 506 aerumnosae
1548 444 1714 505 vitae
1762 446 2041 516 dubitare
2091 467 2273 511 nemo

189 538 421 609 potest.
494 528 743 591 Nec-his
775 534 1102 588 contentus
1138 526 1309 587 addit
1335 526 1726 601 etiamillud,
1781 531 1937 592 deos
1967 531 2275 594 immorta-

190 619 316 690 les,
368 632 556 691 quum
609 611 921 674 hominum
954 610 1180 686 vitam,
1240 628 1398 685 quae
1442 612 1599 673 adeo
1644 613 1867 675 misera
1910 614 2017 689 sit,
2068 618 2272 679 multis

190 701 500 761 bonorum
541 692 970 771 integumentis
1011 696 1292 756 velarunt
1324 702 1387 755 et
1408 704 1811 772 operuerunt,
1860 698 2085 768 fecisse
2119 719 2270 777 quo-

192 786 336 844 dam
364 783 563 843 modo
604 778 1009 852 invidentiuS,
1062 795 1140 839 ne
1181 777 1394 840 mortis
1437 779 1835 855 suavitatem,
1884 793 2118 859 quanta
2153 794 2268 857 est,

192 866 361 929 omni
382 883 464 928 ex
493 865 1196 943 partedegustaremuS.
1259 862 1696 939 Amphiaraum
1740 866 1981 928 fabulae
2018 877 2270 929 narrant

193 951 324 1012 lovi
363 957 552 1026 atque
601 946 870 1025 Apollini
920 946 1113 1007 fuisse
1165 945 1546 1008 carissimum
1604 964 1808 1023 neque
1848 958 2049 1012 tamen
2098 952 2267 1013 illum

191 1033 429 1095 senium
482 1031 776 1109 attigisse.
864 1032 1051 1091 XVII.
1108 1030 1209 1092 61.
1283 1030 1390 1091 Ex
1440 1047 1563 1106 quo
1618 1032 1765 1108 quid
1820 1034 1994 1095 aliud
2048 1036 2264 1099 coniici

186 1125 400 1195 potest
451 1134 635 1194 quam
678 1114 889 1176 mortis
933 1112 1303 1175 celeritatem
1347 1113 1616 1182 divinum
1659 1132 1880 1179 munus
1928 1124 1990 1179 et
2028 1121 2262 1180 lucrum

187 1218 334 1262 esse
367 1201 738 1261 maximum?
806 1200 1021 1274 ltaque
1053 1197 1273 1259 scitum
1297 1205 1399 1259 est
1424 1197 1575 1259 illud
1603 1200 1937 1262 comicum:

356 1326 509 1386 Nam
536 1340 706 1400 quem
734 1330 928 1385 tuetur
951 1330 1126 1399 atque
1156 1324 1353 1397 ditiqit
1379 1325 1542 1397 deuS,

356 1410 595 1485 Iuvenis
620 1423 959 1494 supremum
987 1410 1190 1467 mortis
1220 1410 1407 1468 intrat
1430 1410 1687 1468 limitem.

180 1533 498 1599 Neminem
530 1533 721 1608 enim,
753 1549 935 1609 quem
967 1534 1291 1595 dilexerint
1312 1534 1403 1608 di,
1437 1534 1750 1611 patiuntur
1780 1550 1923 1596 esse
1947 1534 2259 1597 miserum.

183 1621 320 1696 Qua
362 1634 430 1680 re
477 1618 658 1679 vitam
697 1618 802 1678 -eis
831 1616 1210 1679 miseriarum
1243 1620 1486 1695 pienam
1522 1618 1791 1680 adimant
1839 1636 2101 1684 necesse
2143 1627 2258 1680 est.

181 1703 285 1766 62.
332 1701 486 1779 Quid
516 1708 720 1762 autem
753 1700 1111 1777 contingere
1149 1701 1378 1764 homini
1407 1710 1527 1764 tam
1562 1708 1798 1779 gratum
1824 1704 2259 1780 potestf-quod

179 1804 320 1848 eum
352 1799 572 1863 magno
612 1801 804 1861 opere
830 1785 890 1845 in
922 1785 1048 1846 vita
1080 1784 1380 1848 retineat?
1443 1788 1782 1863 Voluptas,
1813 1788 2032 1861 credo,
2073 1787 2257 1861 quam

177 1889 259 1933 ex
286 1870 540 1933 alicuius
571 1869 704 1932 Sive
739 1870 885 1932 artis
917 1870 1049 1932 Sive
1087 1871 1405 1932 doctrinae
1434 1871 1795 1932 tractatione
1825 1871 2105 1947 percipit.
2172 1875 2260 1931 At

176 1955 463 2017 doctrina
512 1954 982 2016 aemulationem
1037 1955 1305 2016 omnium
1358 1972 1558 2016 rerum
1607 1955 2132 2027 molestissimam,
2202 1954 2256 2015 Si

175 2039 447 2116 quaeris,
502 2038 681 2099 etiam
732 2039 1011 2100 dolorem
1062 2038 1237 2115 parit.
1320 2040 1451 2100 Non
1506 2046 1625 2099 tam
1672 2037 1832 2098 enim
1879 2039 2255 2098 delectamur

172 2122 407 2200 aliquid
469 2122 778 2184 discentes
836 2138 1018 2198 quam
1069 2123 1349 2198 angimur
1404 2125 1590 2183 multo
1647 2123 1822 2198 plura
1876 2138 1949 2183 ac
2000 2121 2250 2192 maiora,

173 2224 339 2282 quae
373 2206 532 2268 Scire
563 2209 892 2281 vellemuS,
924 2206 1169 2281 penitus
1208 2207 1584 2282 ignorantes.
1662 2208 1847 2268 Artes
1880 2222 2061 2279 vero,
2095 2222 2250 2281 quas

169 2290 487 2352 tenuiores
518 2297 806 2364 tractant,
853 2290 996 2367 quid
1038 2291 1268 2352 habent
1292 2290 1625 2368 voluptatis
1669 2298 1775 2350 aut
1811 2289 1956 2366 quid
1989 2305 2111 2350 non
2142 2304 2252 2366 po·

169 2374 295 2437 tius
332 2374 746 2436 molestiarum
785 2382 848 2434 et
876 2375 1216 2437 maeroris?
1287 2374 1725 2450 Quanta-inter
1772 2391 1914 2448 eoS,
1970 2372 2074 2450 qui
2114 2373 2249 2433 illas

170 2464 492 2532 exercent,
550 2457 838 2535 perfidia,
894 2467 1187 2536 quantum
1242 2459 1481 2532 odium,
1538 2467 1764 2535 quanta
1814 2458 2076 2520 invidia!
2143 2466 2251 2518 aut

171 2543 314 2620 quis
346 2550 443 2604 est
479 2560 596 2604 sua
624 2548 794 2604 sorte
826 2551 1153 2605 contentus
1194 2550 1257 2604 et
1298 2558 1422 2603 non
1464 2543 1697 2604 alienae
1745 2542 1878 2605 Sive
1909 2542 2249 2607 industriae

168 2629 305 2688 sive
335 2629 617 2688 fortunae
644 2629 1010 2699 aemulator,
1057 2644 1238 2699 osor,
1285 2628 1634 2687 detractor?
1720 2627 1821 2688 63.
1869 2626 1973 2686 Sin
2008 2625 2247 2684 civilem

167 2711 352 2772 vitam
381 2709 705 2788 quisquam
728 2710 962 2787 afvpetit
983 2718 1045 2771 et
1069 2711 1128 2771 in
1160 2709 1547 2786 reipublicae
1568 2711 1705 2770 luce
1727 2707 1939 2769 vivere
1971 2709 2246 2782 pulcrum

162 2802 372 2872 putat,
444 2794 498 2856 iS
529 2811 599 2855 se
643 2794 865 2870 exigua
909 2811 982 2855 ac
1016 2810 1216 2871 paene
1256 2796 1422 2855 nulla
1449 2792 1705 2854 honoris
1746 2791 1958 2868 specie
1989 2807 2244 2867 magnas

165 2894 533 2956 comparare
574 2878 950 2940 calamitates
998 2886 1167 2940 certo
1220 2877 1394 2939 Sciat.
1485 2878 1718 2953 Quotus
1764 2875 1925 2937 enim
1982 2876 2243 2953 quisque

166 2969 268 3024 est
303 2962 402 3023 cui
443 2980 566 3025 non
610 2962 858 3040 publica
896 2962 1339 3024 administratio
1379 2965 1479 3023 vel
1519 2961 1813 3021 maeroris
1849 2962 1944 3021 vel
1972 2959 2242 3021 iacturae

165 3053 401 3107 tantum
438 3047 735 3121 attulerit,
781 3053 1075 3123 quantum
1108 3046 1313 3108 verbis
1345 3045 1656 3123 explicare
1692 3046 1796 3104 vix
1833 3044 2057 3119 queat?
2128 3044 2240 3113 Ac,

162 3129 218 3190 si
252 3131 332 3190 de
363 3138 496 3191 toto
525 3130 690 3191 vitae
724 3146 909 3191 cursu
938 3129 1209 3191 iudicare
1237 3147 1387 3191 vere
1415 3131 1728 3201 volumuS‚
1778 3127 2006 3188 exitum
2038 3125 2239 3187 videa-

161 3228 323 3275 mus.
393 3215 513 3276 Ubi
556 3212 768 3289 optimi
807 3213 894 3275 rei
936 3213 1217 3292 publicae
1261 3208 1817 3284 administratoreS,
1877 3227 1990 3272 seu
2030 3210 2237 3271 verius

160 3304 486 3373 parentes,
517 3297 856 3371 MiltiadeS,
898 3297 1243 3375 EphialteS‚
1279 3298 1477 3372 Cimo,
1510 3294 1980 3366 ThemistocleS,
2021 3290 2236 3354 Aristi-

160 3381 316 3444 des?
390 3383 692 3457 Quantum
724 3382 840 3443 illis
872 3382 1058 3457 fides,
1098 3380 1352 3455 caritaS,
1385 3380 1728 3458 integritaS‚
1763 3375 2106 3440 constantia
2135 3391 2234 3450 pe-

1695 3462 1826 3521 25*

2165 3574 2221 3606 Δ
