2381 3723
198 121 268 176 85
980 107 1483 168 FRAGMENTA.
2147 104 2269 168 275

197 280 333 324 rum
371 278 530 338 quae
563 277 751 322 causa
781 259 1123 321 collocandi
1167 258 1348 319 fuerit
1390 274 1673 334 quaeque
1712 273 1923 319 eorum
1967 256 2046 317 sit
2087 258 2272 318 collo·

199 345 358 408 catio
411 345 471 404 in
504 360 851 405 sermonem
891 342 1073 403 alium
1105 343 1512 402 differendum
1547 348 1670 414 est,
1722 357 1800 400 ne
1835 341 1896 401 in
1942 356 2049 413 eo,
2104 341 2272 417 quod

197 427 622 505 attingendum
649 426 786 500 suit,
825 444 1007 504 quam
1037 427 1095 486 in
1130 443 1239 499 eo,
1270 425 1443 487 cuius
1477 441 1663 486 causa
1692 423 1753 484 id
1782 423 2111 500 attigimus,
2144 426 2272 484 lon-

199 512 333 590 gior
365 519 635 589 ponatur
671 510 885 571 oratio.
955 511 1211 586 Quando
1261 509 1444 584 igitur
1492 526 1679 569 unum
1728 509 2022 585 quodque
2061 524 2271 569 eorum

201 597 474 658 siderum
506 612 754 656 cursum
785 596 1080 655 decorum
1116 601 1216 655 est
1242 594 1567 668 adeptum,
1614 609 1693 653 ex
1731 591 1955 668 quibus
1989 597 2120 651 erat
2150 608 2273 650 mo·

176 687 302 740 ¹tus
330 678 626 755 temporis
669 677 1160 753 consignanduS‚
1208 676 1633 752 colligatisque
1665 675 2030 752 corporibus
2065 675 2273 736 vincu-

201 764 274 823 lis
325 762 682 823 animalibus
736 763 935 839 [tum]
980 761 1305 822 animantia
1348 769 1482 821 orta
1532 767 1706 834 sunt,
1771 776 1969 837 eaque
2016 758 2273 834 imperio

203 863 425 924 parere
453 845 830 918 didicerunt,
884 852 1030 925 tunc
1060 863 1139 906 ex
1169 845 1419 905 alterins
1463 851 1718 905 naturae
1764 842 2037 905 motione
2078 850 2274 903 trans-

203 946 389 990 versa
450 929 508 990 in
577 928 854 990 eiusdem
923 936 1176 989 naturae
1241 936 1467 989 motum
1532 927 1903 988 incurrentia
1967 927 2023 986 in
2078 942 2275 1001 eaque

181 1012 516 1074 haerentia
567 1020 753 1088 atque
800 1012 1119 1088 impedita,
1185 1029 1371 1088 quum
1421 1011 1537 1072 alia
1600 1009 1888 1071 maiorem
1948 1012 2280 1071 lustrarent

206 1097 448 1170 orbem,
480 1096 598 1157 alia
627 1096 921 1157 miuorem
941 1143 956 1169 ,
994 1095 1230 1156 tardius
1263 1113 1421 1173 quae
1455 1095 1776 1167 maiorem,
1826 1093 2084 1157 celerius
2119 1110 2277 1169 quae

206 1179 523 1254 minorem,
549 1187 718 1258 motu
746 1179 929 1241 unius
964 1180 1368 1256 eiusdemque
1399 1186 1653 1240 naturae
1696 1194 1855 1253 quae
1885 1176 2278 1253 velocissime

205 1264 640 1338 movebantur,
696 1281 770 1324 ea
800 1263 1108 1324 celeritate
1141 1261 1300 1323 vinei
1342 1281 1379 1324 a
1421 1261 1792 1324 tardioribus
1823 1270 1909 1334 et,
1957 1278 2141 1338 quum
2179 1277 2279 1320 su-

208 1347 540 1423 perabant,
595 1347 871 1422 superari
906 1347 1289 1408 videbantur.
1367 1346 1593 1409 Omnes
1626 1345 1784 1407 enim
1837 1347 2023 1407 orbes
2065 1361 2279 1417 corum

208 1431 385 1508 quasi
430 1431 643 1493 helicis
685 1429 1019 1493 inflexione
1058 1431 1371 1492 vertebat:
1427 1447 1608 1507 quam
1650 1429 1925 1490 bifariam
1977 1427 2280 1491 contrarie

205 1515 386 1576 simul
421 1515 818 1591 procedentia
855 1514 1233 1588 efficiebant,
1286 1521 1381 1588 ut,
1438 1516 1603 1590 quod
1648 1521 1819 1575 essct
1849 1512 2279 1583 tardissimum,

207 1599 269 1659 id
321 1597 662 1674 proximum
719 1599 895 1659 fieret
944 1597 1284 1660 celerrimo.
1373 1602 1581 1675 Atque
1635 1605 1703 1659 ut
1768 1604 1939 1660 esset
1994 1612 2281 1658 mensura

210 1683 516 1757 quaedam
557 1682 846 1754 evidenS‚
908 1699 1067 1757 quae
1116 1681 1174 1742 in
1229 1681 1360 1759 istis
1411 1691 1552 1745 octo
1598 1681 1883 1744 cursibus
1937 1680 2280 1743 celeritates

210 1765 652 1843 tarditatesque
688 1766 1059 1838 declararet,
1112 1767 1265 1826 deus
1310 1766 1445 1842 ipse
1485 1766 1692 1827 Solem
1740 1766 1916 1842 quasi
1949 1768 2152 1828 lumen
2182 1781 2279 1825 ac·

210 1848 416 1910 cendit
437 1848 514 1909 ad
546 1850 888 1912 secundum
918 1868 1108 1927 supra
1124 1857 1354 1922 terram
1381 1848 1690 1924 ambitum,
1721 1857 1997 1926 utquam
2021 1849 2281 1911 maxime

210 1935 446 1993 caelum
480 1933 763 1995 omnibus
807 1935 1142 1995 colluceret
1181 1933 1678 2009 animantesque‚
1729 1933 1951 2009 quibus
1981 1933 2077 1995 ius
2111 1940 2283 1994 esset

211 2016 455 2087 doceri,
490 2017 569 2077 ab
597 2018 872 2079 eiusdem
901 2026 1075 2078 motu
1110 2024 1174 2077 et
1201 2018 1279 2078 ab
1311 2019 1475 2091 eius,
1516 2017 1685 2091 quod
1713 2016 1911 2078 simile
1942 2025 2140 2090 esset,
2175 2034 2280 2076 nu-

210 2116 519 2161 merorum
544 2109 817 2162 naturam
852 2102 1096 2176 vimque
1127 2108 1598 2180 cognoscerent.
1671 2101 1808 2161 Nox
1845 2099 2026 2176 igitur
2055 2107 2116 2160 ct
2148 2099 2280 2160 dies

210 2184 291 2243 ad
309 2184 473 2244 hunc
502 2187 751 2246 modum
782 2191 843 2246 et
867 2186 946 2245 ob
972 2185 1082 2245 has
1114 2193 1405 2260 generata
1438 2197 1661 2246 causas
1691 2201 1878 2244 unum
1904 2183 2282 2245 circumitum

210 2266 378 2328 orbis
411 2267 600 2328 efficit
627 2267 1150 2345 sapientissimum
1188 2277 1376 2345 atque
1416 2268 1741 2345 optimum,
1792 2267 2023 2330 mensis
2058 2275 2280 2339 autem,

212 2352 459 2427 quando
510 2352 712 2426 Luna,
774 2354 1029 2413 lustrato
1079 2370 1196 2413 suo
1253 2369 1469 2426 cursu,
1529 2353 1739 2415 Solem
1789 2358 2127 2414 consecuta
2166 2358 2281 2424 est,

209 2451 442 2507 annuS,
498 2433 604 2496 ubi
638 2434 746 2497 Sol
795 2453 972 2498 suum
1017 2443 1211 2497 totum
1252 2435 1517 2498 confecit
1559 2444 1621 2498 et
1660 2436 2012 2513 peragravit
2047 2437 2280 2499 orbem.

212 2518 607 2580 Caeterorum
668 2527 869 2580 autem
931 2520 1201 2581 siderum
1260 2519 1524 2581 ambitus
1586 2520 1943 2595 ignorantes
2002 2520 2282 2592 homines

207 2607 456 2677 praeter
505 2604 836 2664 admodum
888 2619 1124 2680 paucos
1178 2619 1384 2678 neque
1424 2601 1671 2663 nomine
1721 2604 2033 2679 appellant
2081 2619 2284 2678 neque

207 2684 368 2745 inter
390 2702 462 2747 se
484 2703 739 2748 numero
766 2686 1256 2755 commetiuntur.
1331 2688 1545 2761 Itaque
1567 2685 1851 2747 nesciunt
1868 2685 1987 2747 hos
2011 2686 2282 2756 siderum

210 2784 457 2830 errores
505 2769 569 2831 id
612 2770 812 2848 ipsum
846 2787 1020 2844 esse,
1071 2772 1250 2848 quod·
1277 2769 1391 2831 rite
1430 2768 1650 2830 dicitur
1690 2777 1965 2845 tempuS,
2023 2769 2280 2830 multitu-

212 2851 353 2911 dine
382 2851 642 2927 infinita‚
686 2854 980 2915 varietate
1009 2852 1347 2914 admirabili
1373 2853 1716 2928 praeditos
1778 2855 1874 2912 Ac
1911 2860 2112 2913 tamen
2136 2852 2282 2913 illud

208 2935 481 3011 perspici
533 2944 595 2997 et
645 2937 895 3020 intelligi
939 2944 1175 3014 potest,
1232 2938 1518 2999 absoluto
1573 2938 2280 3012 perfectoque-numero

213 3022 505 3095 temporis
543 3022 893 3083 absolutum
923 3024 1402 3098 perfectumque·
1422 3037 1649 3081 annum
1679 3027 1825 3090 tunc
1857 3020 2149 3096 compleri
2181 3022 2282 3080 de·

209 3100 423 3177 nique,
481 3121 667 3179 quum
712 3122 783 3167 se
840 3113 982 3167 octo
1032 3104 1293 3182 ambitus
1348 3102 1643 3170 confectis
1686 3104 1816 3165 suis
1870 3103 2151 3164 cursibus
2204 3104 2281 3161 ad

207 3183 373 3246 idem
407 3197 590 3262 caput
643 3192 1006 3252 rettulerunt
1048 3204 1363 3264 quumque
1418 3205 1530 3249 eos
1574 3202 1937 3264 permensus
1984 3194 2080 3247 est
2119 3186 2282 3248 idem

207 3277 270 3330 et
297 3287 550 3347 semper
584 3272 679 3335 sui
704 3272 914 3336 similis
948 3270 1137 3333 orbis.
1209 3273 1335 3333 Has
1366 3270 1546 3347 igitur
1577 3272 1656 3334 ob
1694 3284 1915 3332 causas
1947 3278 2089 3332 nata
2116 3280 2283 3331 astra

206 3362 380 3427 sunt,
418 3371 578 3432 quae
608 3374 722 3431 per
765 3358 999 3418 caelum
1039 3353 1421 3433 penetrantia
1464 3354 1768 3498 solstitiali
1783 3370 1879 3499 8εὲ
1921 3361 1983 3415 et
2023 3351 2280 3415 brumali
