2381 3723
123 121 239 185 154
599 119 929 189 LAELIUS
959 120 1063 181 DE
1090 117 1448 180 AMICITIA
1480 118 1707 179 LIBER
2118 129 2190 185 38

118 274 277 335 enim
304 289 705 350 generorum,
759 268 1119 346 praesertim
1151 269 1212 330 in
1245 287 1314 332 re
1349 271 1543 345 bona,
1601 288 1788 346 quum
1818 270 2065 333 difficile
2096 278 2189 333 est

120 370 240 420 tum
274 374 352 418 ne
394 372 658 435 aequum
692 355 937 430 quidem
971 353 1296 416 obsistere.

244 441 621 519 Saepissime
652 437 836 515 igitur
866 437 1010 499 mihi
1035 439 1115 498 de
1145 437 1406 498 amicitia
1437 437 1726 514 cogitanti
1759 438 2020 501 maxime
2044 438 2188 500 illud

120 526 635 588 considerandum
684 520 881 581 videri
931 525 1121 595 solet,
1174 529 1376 582 utrum
1424 528 1681 600 propter
1721 521 2187 585 imbecillitatem

120 617 304 686 atque
346 608 613 685 inopiam
656 605 1004 667 desiderata
1054 605 1134 666 sit
1168 604 1456 680 amicitia,
1506 613 1575 668 ut
1624 607 1842 668 dandis
1893 605 2189 682 recipien-

121 693 341 769 disque
373 691 633 765 meritiS,
676 691 843 766 quod
883 689 1149 765 quisque
1179 690 1379 751 minus
1420 707 1536 767 per
1565 707 1636 752 se
1669 690 1806 768 ipse
1834 704 2081 768 posset,
2128 688 2191 750 id

119 777 432 852 acciperet
459 777 534 837 ab
566 775 683 836 alio
717 772 1116 850 vicissimque
1146 775 1451 848 redderet,
1480 791 1558 834 an
1592 782 1762 836 esset
1792 775 1914 836 hoe
1946 773 2194 850 quidem

123 859 437 936 proprium
489 857 824 932 amicitiae,
883 859 997 925 sed
1039 857 1347 933 antiquior
1385 865 1450 920 et
1490 858 1763 934 pulcrior
1805 867 1868 921 et
1914 858 2110 935 magis
2159 875 2196 918 a

122 951 336 1004 natura
386 942 523 1021 ipsa
587 944 861 1020 profecta
920 940 1037 1002 alia
1104 958 1313 1004 causa.
1405 944 1600 1004 Amor
1663 942 1854 1018 enim,
1937 959 2014 1005 ex
2067 959 2193 1018 quo

121 1026 380 1088 amicitia
421 1028 731 1090 nominata
762 1033 887 1099 est,
948 1024 1237 1102 princeps
1277 1027 1479 1087 estad
1513 1025 2005 1089 benevolentiam
2051 1041 2195 1086 eon·

120 1111 508 1187 iungendam.
582 1111 731 1174 Nam
763 1109 1051 1172 utilitates
1085 1109 1332 1186 quidem
1364 1109 1542 1172 etiam
1571 1111 1647 1171 ab
1680 1109 1752 1172 iis
1777 1109 2197 1187 percipiuntur

124 1212 343 1271 saepe,
403 1195 506 1272 qui
558 1193 948 1258 simulatione
992 1192 1292 1297 amicitiae
1336 1196 1622 1256 coluntur
1670 1202 1734 1256 et
1785 1195 2195 1257 observantur

125 1278 419 1353 temporis
449 1297 667 1353 eausa,
704 1278 763 1339 in
798 1276 1058 1343 amiciua
1091 1285 1292 1339 autem
1325 1277 1468 1343 nibil
1504 1278 1739 1352 fictum,
1779 1277 1921 1339 nihil
1953 1278 2195 1339 simula·

125 1381 246 1425 cum
280 1370 371 1439 et,
420 1363 718 1439 quidquid
738 1370 866 1435 est,
909 1360 973 1422 id
986 1371 1050 1427 et
1068 1378 1284 1426 verum
1314 1370 1377 1424 et
1399 1362 1829 1425 voluntarium.
1903 1362 2004 1425 27.
2040 1362 2194 1436 Qua·

124 1453 377 1523 propter
398 1464 435 1506 a
456 1455 673 1509 natura
701 1444 846 1507 mihi
873 1445 1116 1508 videtur
1143 1444 1352 1522 potius
1378 1463 1559 1522 quarn
1595 1448 1670 1509 ab
1701 1445 2035 1524 indigentia
2059 1452 2199 1519 orta

128 1528 415 1603 amicitia,
488 1528 899 1606 applicatione
960 1528 1153 1605 magis
1220 1529 1402 1591 animi
1466 1536 1606 1592 cum
1669 1532 1941 1607 quodam
2003 1546 2195 1590 sensu

122 1612 363 1673 amandi
420 1630 601 1689 quam
646 1611 1017 1688 cogitatione
1072 1621 1365 1689 quantum
1408 1612 1512 1675 illa
1560 1631 1663 1676 res
1705 1612 1976 1675 utilitatis
2026 1621 2197 1674 esset

122 1695 419 1756 habitura.
489 1697 666 1770 Quod
712 1695 957 1772 quidem
1013 1697 1201 1773 quale
1227 1697 1308 1760 sit
1359 1697 1538 1760 etiam
1586 1698 1646 1759 in
1688 1697 1902 1760 bestiis
1946 1695 2187 1774 quibus·

128 1781 260 1840 :lam
310 1778 709 1841 animadverti
751 1787 987 1855 potest,
1043 1797 1203 1856 quae
1252 1798 1331 1843 ex
1379 1799 1448 1845 se
1497 1789 1676 1844 natos
1728 1782 1813 1844 ita
1858 1788 2064 1851 amant
2113 1780 2190 1840 ad

124 1864 436 1939 quoddam
467 1874 709 1943 tempus
743 1872 805 1925 et
831 1865 907 1925 ab
939 1864 1027 1926 eis
1059 1865 1142 1926 ita
1172 1874 1482 1941 amantur,
1514 1875 1581 1929 ut
1608 1865 1785 1928 facile
1818 1884 2026 1928 earum
2054 1882 2187 1926 sen-

123 1965 229 2009 sus
262 1957 575 2026 appareat.
651 1950 826 2026 Quod
869 1947 927 2009 in
970 1948 1217 2011 homine
1260 1954 1451 2016 multo
1499 1958 1595 2012 est
1639 1951 2014 2024 evidentius,
2075 1947 2194 2026 pri·

123 2050 285 2093 mum
317 2049 395 2094 ex
429 2050 504 2094 ea
535 2032 820 2108 caritate,
848 2049 1008 2109 quae
1047 2040 1143 2096 est
1171 2034 1329 2096 inter
1357 2043 1537 2097 natos
1577 2042 1641 2096 et
1676 2043 1996 2112 parentes,
2031 2049 2190 2110 quae

124 2115 319 2176 dirimi
359 2116 476 2178 nisi
500 2116 845 2180 detestabili
886 2118 1122 2179 scelere
1154 2135 1282 2182 non
1303 2127 1508 2182 potest
1532 2163 1546 2177 .
1573 2117 1796 2184 deinde
1819 2136 2008 2195 quum
2035 2115 2192 2178 simi·

128 2199 194 2258 lis
238 2216 463 2260 sensus
511 2211 744 2261 exstitit
783 2217 1041 2275 amomS,
1100 2219 1152 2263 si
1198 2212 1460 2280 aliquem
1507 2215 1671 2264 nacti
1715 2221 1960 2277 sumus,
2019 2198 2192 2264 cuius

125 2298 261 2342 cum
292 2281 567 2344 moribus
591 2292 652 2344 et
675 2291 891 2344 natura
914 2301 1358 2361 congruamuS,
1392 2288 1560 2362 quod
1589 2305 1647 2347 m
1681 2303 1756 2349 eo
1790 2304 1966 2363 quast
1989 2287 2194 2345 lumen

124 2363 373 2440 aliquod
405 2365 722 2441 probitatis
748 2375 809 2427 et
848 2367 1083 2430 virtutis
1111 2368 1469 2445 perspicere
1498 2370 1835 2432 videamur.
1905 2368 2007 2434 28.
2037 2367 2193 2430 Nihil

124 2456 220 2508 est
250 2448 408 2508 enim
445 2447 665 2510 virtute
701 2450 1049 2526 amabilius,
1082 2451 1229 2514 nihil
1261 2455 1427 2529 quod
1461 2453 1654 2532 magis
1684 2452 1927 2514 adliciat
1955 2457 2029 2511 ad
2064 2451 2194 2512 dili-

126 2533 419 2606 gendum:
463 2532 692 2610 quippe
718 2552 903 2611 quum
935 2543 1192 2613 propter
1216 2536 1495 2598 virtutem
1521 2546 1583 2599 et
1617 2538 1981 2613 probitatem
2013 2552 2191 2598 etiam

125 2631 265 2689 eos,
331 2633 490 2692 quos
543 2634 875 2695 numquam
923 2619 1217 2692 vidimus,
1277 2622 1545 2696 quodam
1601 2624 1788 2684 modo
1850 2622 2190 2697 diligamus.

125 2699 268 2771 Quis
300 2707 395 2761 est
438 2700 541 2777 qui
572 2701 633 2762 C.
676 2701 967 2776 Fabricii,
1022 2704 1121 2763 Μ’.
1167 2704 1324 2766 Curii
1364 2723 1487 2765 non
1529 2721 1666 2767 curn
1711 2705 1958 2767 caritate
1990 2705 2194 2777 aliqua

122 2784 423 2844 benevola
455 2785 805 2847 memoriam
840 2796 1123 2864 usurpet,
1158 2805 1318 2863 quos
1356 2806 1687 2865 numquam
1722 2787 1982 2851 viderit?
2047 2788 2192 2863 Quis

122 2873 323 2925 autem
350 2876 447 2929 est
475 2869 578 2944 qui
611 2869 1002 2946 Tarquinium
1033 2871 1413 2947 Superbum,
1462 2872 1566 2948 qui
1601 2873 1709 2950 Sp.
1744 2872 2051 2945 Cassium,
2084 2871 2173 2948 Sp

122 2950 403 3010 Maelium
449 2968 573 3012 non
606 2954 841 3015 oderit?
913 2957 1068 3017 Cum·
1112 2956 1357 3017 duobus
1414 2956 1674 3019 ducibus
1711 2958 1789 3018 de
1833 2957 2091 3033 imperio
2136 2954 2196 3015 in

122 3031 291 3093 Italia
307 3042 405 3095 est
427 3035 802 3099 decertatum
820 3085 834 3112 ,
864 3040 1102 3115 Pyrrho
1128 3046 1192 3099 et
1210 3039 1575 3102 Hannibale:
1626 3041 1703 3101 ab
1723 3043 1914 3103 altero
1943 3046 2199 3116 propter

125 3116 487 3189 probitatem
524 3118 655 3181 eius
689 3138 811 3182 non
843 3121 1021 3183 nimis
1052 3121 1287 3183 alienos
1319 3124 1556 3186 animos
1587 3124 1907 3197 habemus,
1939 3125 2199 3183 alterum

124 3207 377 3274 propter
404 3201 825 3263 crudelitatem
855 3223 1102 3281 semper
1128 3206 1284 3267 haec
1324 3206 1536 3269 civitas
1573 3207 1790 3270 oderit.

163 3359 175 3372 θ
246 3283 345 3341 ΙΧ.
391 3283 494 3346 29.
585 3286 760 3361 Quod
796 3285 850 3352 si
896 3295 1062 3351 tanta
1091 3289 1185 3352 vis
1219 3290 1541 3367 probitatis
1570 3299 1701 3367 est,
1746 3299 1815 3354 ut
1844 3308 1978 3352 eam
2009 3291 2109 3351 vel
2136 3289 2196 3350 in

125 3377 246 3435 ets,
280 3380 438 3438 quos
468 3384 799 3445 numquam
829 3370 1128 3436 vidimuS.
1165 3377 1291 3449 vel,
1340 3375 1508 3452 quod
1539 3376 1733 3439 maius
1766 3384 1892 3448 est,
1923 3374 1982 3435 in
2014 3374 2199 3434 hoste
