2381 3723
0 1143 35 1476 ¹-·2?!!‘'33!

223 95 353 159 224
944 147 947 152 .
1013 90 1517 153 FRAGMENTA.
2234 98 2311 155 34

227 262 360 299 mam
395 248 633 298 fiduciam
666 248 718 297 in
761 246 957 312 paterni
990 244 1212 294 nominis
1249 244 1525 309 dignitate,
1578 257 1816 308 magnam
1855 243 1908 291 in
1947 241 2035 292 Cn.
2072 243 2309 308 Pompeii

228 316 400 382 Magni
436 316 728 381 reponebat.
803 314 1032 365 Habebat
1067 312 1204 363 enim
1249 311 1437 368 fllium,
1492 310 1764 362 liberorum
1804 309 1893 363 Cn.
1932 311 2165 376 Pompeii
2202 312 2311 362 fra-

228 393 377 435 trem:
416 399 532 433 nam
559 383 806 443 Tertiam,
856 380 1133 433 Scaevolae
1167 380 1351 441 filiam,
1404 380 1667 430 dimissam
1706 395 1737 429 a
1772 379 2014 444 Pompeio
2041 379 2096 429 in
2131 382 2303 431 matri·

225 454 455 503 monium
492 453 723 503 duxerat.
799 450 865 500 M.
906 450 1144 501 Catonem
1185 456 1382 509 autem,
1421 449 1507 511 qui
1543 449 1597 499 id
1632 449 1909 509 iudicium,
1965 456 2023 497 ut
2055 449 2306 509 diximus,

227 514 522 582 exercebat,
578 521 832 571 metuebat
864 519 1137 570 admodum
1175 525 1384 583 propter
1418 517 1724 576 amicitiam,
1773 531 1902 581 quae
1935 525 2042 567 erat
2077 517 2156 567 illi
2189 534 2307 569 cum

227 589 457 640 Triario:
511 603 629 638 nam
668 588 914 639 Flaminia
948 587 1135 637 Triarii
1175 593 1336 636 mater
1384 594 1433 636 et
1483 586 1595 650 ipse
1629 586 1855 635 Triarius
1892 599 2118 635 sororem
2156 587 2307 638 Cato·

227 658 308 706 nis
341 656 639 719 Serviliam,
701 671 831 720 quae
876 663 1035 705 mater
1081 655 1147 708 M.
1189 653 1331 705 Bruti
1378 653 1500 715 fuit,
1554 653 1872 704 familiariter
1908 654 2183 721 diligebat:
2244 670 2307 706 ea

230 739 382 791 porro
430 725 568 791 apud
618 725 856 779 Catonem
913 732 1190 775 maternam
1246 723 1501 773 obtinebat
1554 724 1916 774 auctoritatem.
1992 723 2094 774 Sed
2141 725 2194 774 in
2243 740 2306 775 eo

231 794 422 846 iudicio
457 808 620 857 neque
655 794 928 858 Pompeius
976 807 1286 859 propensum
1338 791 1643 842 adiutorium
1674 792 1910 857 praebuit
1939 819 2007 829 -
2037 792 2308 843 videbatur

229 865 364 912 enim
400 863 539 928 apud
565 863 789 912 animum
832 864 940 912 eius
974 876 1074 914 non
1105 862 1273 911 minus
1304 857 1598 912 offensionis
1628 861 1959 921 contraxisse,
1998 862 2135 925 quod
2170 861 2308 911 iudi-

231 932 366 981 cium
401 933 512 981 eius
547 932 600 981 in
629 932 849 981 Muciam
899 930 1108 980 crimine
1143 929 1493 995 impudicitiae
1531 929 1594 979 ab
1630 944 1690 981 eo
1726 929 1993 981 dimissam
2029 930 2191 980 levius
2228 930 2307 980 fe-

228 1001 362 1051 cisse
396 999 798 1061 existimaretur,
837 1014 993 1062 quum
1016 1013 1128 1049 eam
1164 999 1278 1063 ipse
1296 999 1593 1065 probasset,
1630 1012 1780 1062 quam
1806 1000 2000 1064 gratiae
2022 1000 2305 1062 acquisisse

230 1068 619 1119 necessitudinis
655 1070 794 1128 iure,
844 1068 980 1131 quod
1008 1082 1074 1116 ex
1111 1069 1290 1116 eadem
1327 1073 1534 1129 uterque
1569 1067 1757 1117 liberos
1792 1067 2001 1118 haberet
2033 1095 2105 1104 —
2139 1082 2305 1132 neque

231 1135 352 1188 Cato
389 1137 454 1186 ab
488 1137 740 1200 aequitate
778 1151 867 1195 ea,
911 1150 1041 1201 quae
1077 1144 1125 1185 et
1160 1137 1318 1185 vitam
1354 1135 1464 1184 eins
1500 1142 1550 1185 et
1594 1136 1946 1202 magistratum
1976 1137 2119 1186 illum
2155 1137 2306 1186 dece-

228 1205 344 1267 bat,
391 1221 643 1270 quoquam
682 1205 906 1256 deflexit.
977 1206 1097 1255 Post
1146 1205 1280 1255 diem
1326 1214 1493 1253 autem
1532 1212 1786 1270 quartam,
1837 1220 1987 1267 quam
2019 1205 2307 1272 postulatus

137 1281 144 1287 “
232 1278 338 1324 erat
362 1272 602 1335 Scaurus,
633 1274 848 1324 Faustus
865 1272 1008 1324 Sulla
1025 1282 1129 1323 tum
1151 1281 1417 1337 quaestor,
1455 1272 1590 1323 filius
1610 1272 1781 1323 Sullae
1799 1273 1981 1324 Felicis
1996 1311 2009 1335 ,
2049 1274 2205 1324 frater
2241 1289 2308 1324 ex

230 1342 406 1392 eadem
424 1350 584 1393 matre
602 1341 782 1392 Scauri
812 1376 997 1392 ......
1026 1355 1206 1392 servus
1227 1342 1337 1391 eius
1375 1340 1669 1391 vulneratus
1703 1342 1932 1407 prosiluit
1952 1359 2018 1393 ex
2037 1343 2231 1393 lecticis
2256 1350 2309 1392 et

230 1417 437 1473 questus
483 1418 560 1460 est
577 1447 591 1471 ,
648 1424 742 1475 pro
788 1411 1087 1475 interempto
1118 1424 1234 1459 esse
1267 1410 1680 1473 competitoribus
1721 1410 1898 1461 Scauri
1944 1419 1995 1462 et
2044 1411 2305 1461 ambulare

230 1493 344 1528 cum
382 1479 617 1528 trecentis
655 1481 890 1541 armatis,
926 1493 1110 1541 seque,
1148 1480 1194 1529 si
1232 1492 1438 1528 necesse
1474 1487 1632 1540 esset,
1670 1482 1774 1530 vim
1799 1480 1854 1529 vi
1889 1481 2228 1545 repulsurum.

366 1545 710 1597 Defendcrunt
742 1546 986 1597 Scaurum
1021 1562 1114 1596 sex
1148 1547 1373 1611 patroni,
1415 1561 1570 1610 quum
1598 1548 1662 1598 ad
1695 1549 1749 1598 id
1782 1555 1982 1614 tempus
2014 1557 2128 1601 r'aro
2164 1550 2305 1612 quis·-

229 1628 381 1676 quam
431 1614 662 1679 pluribus
716 1629 867 1678 quam
915 1623 1148 1678 quattuor
1199 1622 1449 1675 uteretur,
1509 1631 1569 1666 ac
1615 1626 1733 1681 post
1779 1618 1911 1668 bella
1960 1618 2133 1669 civilia
2190 1625 2306 1666 ante

230 1680 394 1748 legem
442 1683 623 1732 Iuliam
660 1684 728 1733 ad
771 1684 1033 1735 duodenos
1078 1691 1317 1748 patronos
1365 1694 1442 1734 est
1491 1693 1806 1750 perventum.
1881 1687 2102 1737 Fuerunt
2136 1695 2306 1736 autem

233 1750 285 1801 hi
328 1766 422 1801 sex
468 1754 524 1802 P.
566 1752 776 1803 Clodius
812 1751 1054 1814 Pulcher,
1111 1752 1177 1805 M.
1218 1753 1520 1813 Marcellus,
1580 1754 1645 1803 Μ.
1694 1753 1948 1817 Calidius,
2001 1756 2067 1811 Μ.
2109 1754 2303 1818 Cicero,

235 1819 300 1869 Μ.
333 1820 572 1872 Messalla
607 1820 790 1888 Niger,
829 1821 888 1882 Q.
925 1821 1239 1876 Hortensius.
1311 1822 1429 1888 Ipse
1464 1837 1664 1887 quoque
1700 1821 1920 1875 Scaurus
1956 1824 2088 1877 dixit
2123 1838 2215 1890 pro
2250 1838 2306 1874 se

231 1903 292 1939 ac
337 1904 522 1957 magno
570 1905 724 1957 opere
771 1892 967 1942 iudices
1012 1891 1168 1941 movit
1204 1900 1254 1941 et
1306 1891 1541 1954 squalore
1582 1899 1630 1943 et
1675 1892 1897 1944 lacrimis
1930 1903 1978 1945 et
2029 1894 2307 1944 aedilitatis

231 1957 422 2076 effusade
456 1961 700 2010 memoria
728 1974 789 2011 ac
825 1960 1001 2011 favore
1032 1960 1271 2025 populari
1313 1975 1373 2009 ac
1406 1961 1678 2026 praecipue
1713 1969 1953 2028 paternae
1991 1962 2305 2013 auctoritatis

236 2040 375 2076 .ecor
412 2029 597 2083 atione.

355 2203 400 2261 1.
447 2202 581 2260 1.a.=
660 2201 923 2263 Maxime
955 2202 1065 2265 fuit
1105 2203 1441 2278 optandum
1475 2203 1556 2263 Μ.
1605 2202 1869 2275 Scauro,
1923 2202 2187 2275 iudiceS,
2240 2212 2308 2263 ut

235 2286 401 2345 nullo
439 2290 734 2360 suscepto
768 2285 1128 2361 cuiusquam
1172 2284 1315 2346 odio
1353 2284 1486 2345 sine
1524 2286 1872 2347 offensione
1915 2302 1989 2347 ac
2023 2287 2306 2348 molestia

234 2411 249 2427 .
277 2412 291 2426 .
320 2411 333 2424 .
365 2366 683 2427 retineret:
741 2366 801 2427 id
847 2369 1020 2446 quod
1056 2366 1391 2445 praecipue
1428 2386 1677 2446 semper
1723 2367 1985 2442 studuit,
2038 2369 2306 2446 genem,

233 2448 523 2522 familiae,
586 2449 851 2512 nominis
908 2451 1283 2528 dignitatem.
1365 2454 1579 2514 Verum
1621 2462 1844 2527 tamen,
1902 2458 2177 2529 quoniam
2220 2457 2307 2514 ita

234 2537 366 2594 tulit
395 2550 571 2595 casus
598 2534 848 2608 infestus
862 2583 877 2610 ‚
927 2552 1043 2596 non
1074 2537 1475 2597 recusandum
1520 2538 1634 2598 sibi
1675 2539 2004 2598 arbitratur
2044 2554 2157 2613 quo
2185 2541 2307 2598 mi-

231 2634 345 2678 nus
381 2619 589 2679 eadem
634 2619 889 2693 fortuna
925 2626 1129 2680 utatur
1178 2636 1299 2694 qua
1337 2627 1549 2695 pater:
1592 2625 1697 2696 qui
1732 2639 1910 2697 saepe
1949 2639 2192 2683 numero
2229 2623 2308 2682 ab

230 2703 480 2763 {nima-is
509 2703 597 2763 ad
617 2719 840 2763 causae
877 2704 1187 2764 dictionem
1219 2710 1456 2764 vocatas
1482 2712 1585 2764 est.
1648 2719 1756 2785 [Sic
1791 2721 1919 2772 haec
1951 2722 2209 2772 constituit
2249 2721 2303 2776 C.

232 2783 508 2835 Beierus
537 2802 601 2835 ex
627 2787 976 2852 Augustini
997 2787 1159 2852 princ.
1187 2787 1316 2839 rhet.
1342 2801 1395 2852 p.
1426 2786 1546 2840 328.
1578 2788 1799 2856 Gapper.
1825 2800 1959 2841 etex
1979 2792 2306 2841 Arusiano

234 2851 476 2904 Messio
522 2869 572 2918 p.
616 2854 732 2906 260.
780 2854 1014 2905 Lindem.
1062 2854 1198 2908 conf.
1241 2854 1468 2906 Cicero
1505 2871 1597 2922 pro
1628 2858 1683 2911 P.
1726 2857 1868 2909 Sulla
1903 2874 2017 2925 cap.
2057 2861 2107 2912 1.
2179 2861 2306 2910 Va-

234 2918 443 2971 lerius
479 2921 787 2972 Maximus
823 2922 912 2973 lib.
948 2925 1035 2973 111.
1068 2938 1183 2988 cap.
1214 2925 1264 2976 7.
1304 2937 1354 2976 v,
1393 2924 1464 2990 7.]

448 3060 650 3098 mrmm
697 3060 1094 3113 ExPOSmOMS,
1139 3063 1296 3102 cmca
1337 3064 1554 3105 VERSUM
1593 3066 1634 3104 A
1673 3066 1841 3105 ano
1885 3066 2079 3119 XXXX„

276 3141 425 3188 emm
464 3143 826 3184 ENUMERARBT
864 3145 1092 3199 lumem,
1137 3145 1282 3194 QUAE.
1325 3147 1503 3187 PATER
1546 3149 1784 3189 SCAURUS
1823 3149 2101 3190 Expnnws
2147 3150 2262 3192 EST.

364 3237 391 3291 1
404 3240 484 3293 .b.
528 3236 850 3311 [Summum
900 3244 1138 3300 nostrae
1184 3241 1435 3301 civitatis
1474 3243 1664 3303 viram
1714 3243 1929 3311 scimus
1968 3248 2310 3304 accusatum

235 3328 274 3370 a
297 3314 383 3372 M.
406 3316 615 3377 Bruto.
684 3319 945 3380 Exstant
967 3325 1259 3384 orationes
1274 3370 1289 3398 ,
1317 3325 1628 3399 exquibus
1648 3327 1898 3401 intellioi
1913 3332 2104 3402 potest
2120 3330 2309 3387 multa
