2381 3723
170 106 296 169 358
622 106 699 167 IN
730 107 791 168 C.
825 106 1318 168 SALLUSTIUM
1347 106 1797 169 RESPONSlO.
2163 118 2269 173 168

171 278 313 321 num
349 259 554 320 dicere
585 260 680 320 cui
711 276 835 321 non
869 258 946 318 ab
974 256 1143 320 initio
1175 258 1474 334 pueritiae
1504 259 1670 320 omni
1699 274 1929 334 genere
1959 260 2267 323 facinoris

170 352 342 405 aetas
381 351 487 404 tua
530 342 938 420 respondeat,
992 347 1062 402 ut
1109 342 1309 403 omnis
1357 343 1552 403 oratio
1600 341 1876 403 moribus
1922 355 2264 406 consonet.

168 430 380 504 Neque
424 429 581 488 enim
627 426 730 502 qui
768 426 852 486 ita
896 425 1073 500 vivit,
1125 435 1200 487 ut·
1236 433 1334 501 tu,
1386 425 1562 487 aliter
1596 442 1670 486 ac
1714 434 1779 487 tu
1819 426 1986 501 loqui
2027 435 2265 502 potest,

168 528 373 587 neque
405 511 507 585 qui
540 518 660 571 tam
691 511 858 571 illoto
895 526 1182 571 sermone
1213 509 1402 570 utitur
1432 509 1553 570 vita
1583 508 1903 571 honestior
1933 518 2054 571 est.
2123 511 2261 585 Quo

168 611 264 653 me
297 602 557 667 vertam,
604 601 810 668 patres
839 593 1205 669 conscripti,
1249 594 1415 654 unde
1443 592 1678 654 initium
1709 596 1992 654 sumam?
2056 596 2261 656 Maius

170 678 329 738 enim
374 678 519 737 mihi
563 675 806 738 dicendi
852 693 1012 739 onus
1054 677 1416 753 imponitur,
1458 694 1582 751 quo
1626 677 1833 738 notior
1863 684 1961 738 est
1987 685 2260 754 uterque

167 767 479 834 nostrum,
528 762 696 837 quod
735 759 790 821 si
824 768 927 822 aut
967 762 1046 821 de
1093 777 1228 820 mea
1270 761 1394 821 vita
1434 767 1622 836 atque
1652 761 1889 822 actibus
1925 760 2066 821 huic
2104 777 2259 823 con·

167 843 442 907 viciatori
482 845 900 920 respondero,
954 843 1184 904 invidia
1224 844 1493 920 gloriam·
1525 852 1973 919 consequetur,
2020 853 2161 919 aut,
2207 845 2257 906 si

167 927 348 990 huius
397 930 581 1001 facta,
626 945 860 1003 mores,
903 944 1145 1000 omnem
1180 934 1443 989 aetatem
1472 929 1824 1001 nudaver0,
1872 928 1928 989 in
1968 929 2134 989 idem
2173 932 2255 988 vi-

168 1014 316 1074 tium
360 1012 621 1073 incidam
675 1011 1096 1089 procacitatis,
1160 1013 1331 1087 quod
1382 1012 1522 1072 huic
1570 1011 1812 1072 obiici0.
1901 1013 1970 1072 ld
2029 1029 2148 1074 vos
2204 1014 2253 1073 si

169 1100 325 1160 forte
354 1095 760 1170 offendimini,
793 1096 1009 1157 iustius
1042 1095 1395 1179 huic‘quam
1427 1094 1570 1156 mihi
1592 1111 1964 1158 suscensere
1985 1096 2250 1169 debetiS,

170 1181 273 1257 qui
311 1179 542 1241 initium
587 1180 942 1242 introduxit.
1031 1179 1088 1239 2.
1146 1180 1279 1256 Ego
1323 1180 1484 1240 dabo
1523 1196 1776 1255 operam
1818 1186 1974 1240 utet
2002 1196 2118 1255 pro
2157 1197 2251 1240 me

166 1265 416 1325 minimo
451 1280 590 1326 cum
620 1263 865 1326 fastidio
894 1266 1309 1339 respondeam
1338 1262 1481 1324 etin
1504 1263 1668 1325 hunc
1691 1263 1935 1324 minime
1958 1263 2247 1325 mentitus

167 1366 309 1409 esse
342 1348 571 1409 videar.
662 1348 804 1408 Scio
847 1364 973 1421 me,
1031 1358 1237 1424 patres
1284 1346 1644 1423 conscripti,
1698 1346 1757 1407 in
1803 1348 2245 1422 respondendo

167 1450 287 1493 non
321 1433 548 1492 habere
581 1448 864 1506 magnam
895 1432 1450 1509 exspectationem,
1490 1433 1657 1506 quod
1687 1431 1918 1492 nullum
1950 1448 2069 1493 vos
2096 1432 2247 1493 scia-

165 1517 242 1576 tis
277 1532 504 1576 novum
537 1515 763 1575 crimen
796 1514 855 1574 in
891 1515 1255 1576 Sallustium
1276 1515 1628 1588 audituroS,
1664 1515 1783 1575 sed
1807 1514 2010 1576 omnia
2036 1523 2248 1576 vetera

164 1599 626 1672 recognituros,
686 1596 822 1673 quis
873 1606 935 1657 et
979 1615 1149 1659 meae
1192 1604 1255 1659 et
1296 1606 1542 1661 vestrae
1583 1597 1699 1658 iam
1732 1604 1796 1658 et
1832 1597 2028 1673 ipsius
2051 1615 2243 1659 *aures

166 1684 384 1742 calent.
472 1682 703 1746 Verum
748 1698 823 1742 eo
869 1680 1062 1757 magis
1105 1682 1322 1743 ‘odisse
1363 1682 1603 1743 debetis
1646 1681 1985 1755 hominem,
2030 1684 2137 1758 qui
2171 1699 2244 1742 ne

163 1765 461 1842 incipiens
493 1765 740 1842 quidem
770 1782 1033 1842 peccare
1063 1766 1326 1826 minimis
1359 1766 1546 1827 rebus
1580 1765 1790 1842 posuit
1809 1765 2239 1834 rudimentum,

165 1851 278 1912 sed
320 1849 403 1912 ita
444 1849 765 1927 ingressus
809 1857 934 1924 est,
979 1858 1046 1911 ut
1076 1864 1292 1926 'neque
1333 1850 1411 1911 ab
1457 1847 1575 1913 alio
1608 1848 1770 1910 vinci
1807 1849 2007 1925 possit
2037 1867 2240 1927 neque

165 1937 301 2011 ipse
341 1951 411 1998 se
457 1934 704 1997 omnino
750 1934 988 2010 reliqua
1026 1942 1228 1996 aetate
1268 1936 1621 2010 praeterire.
1722 1934 1781 1994 3.
1840 1935 2056 2009 ltaque
2103 1934 2242 1994 nihil

166 2019 327 2078 aliud
353 2020 560 2080 studet
578 2019 693 2080 nisi
715 2019 802 2079 uti
826 2020 1159 2080 lutulentus
1180 2036 1293 2080 sus
1308 2035 1454 2079 >cum
1480 2016 1705 2094 quovis
1730 2018 2011 2078 volutari.
2093 2018 2241 2079 Lon-

164 2119 240 2178 ge
272 2120 420 2163 vero
450 2103 672 2163 fallitur
694 2101 1001 2177 opinione.
1064 2103 1198 2163 Non
1224 2103 1384 2163 enim
1408 2101 1783 2179 procacitate
1809 2100 2055 2177 linguae
2086 2103 2242 2162 vitae

165 2187 386 2247 sordes
432 2187 747 2257 eluuntur,
808 2187 922 2247 sed
971 2193 1071 2247 est
1115 2188 1417 2263 quaedam
1464 2185 1794 2259 calumnia,
1845 2201 2030 2260 quam
2080 2202 2239 2246 unus

168 2269 429 2344 quisque
462 2277 739 2329 nostrum
769 2275 1034 2329 testante
1066 2269 1269 2330 animo
1294 2287 1410 2331 suo
1446 2272 1591 2342 sert,
1638 2270 1718 2330 de
1742 2285 1849 2342 eo,
1889 2268 1994 2343 qui
2019 2270 2238 2331 falsum

164 2352 393 2412 crimen
423 2351 604 2413 bonis
630 2351 915 2412 obiectat.
985 2353 1163 2428 Quod
1194 2352 1248 2412 si
1273 2353 1394 2413 vita
1417 2353 1593 2415 istius
1620 2352 1975 2413 memoriam
2003 2354 2237 2424 vicerit,

161 2436 355 2507 illam,
402 2442 611 2511 patres
655 2435 1016 2512 conscripti,
1066 2452 1186 2497 non
1222 2453 1299 2497 ex
1346 2436 1655 2509 oratione,
1711 2435 1824 2497 sed
1856 2452 1936 2496 ex
1964 2438 2238 2517 moribus
2337 2424 2343 2459 ³

162 2518 291 2579 suis
324 2526 608 2594 spectare
639 2519 896 2580 debetis.
985 2522 1109 2580 lam
1142 2521 1303 2582 dabo
1339 2537 1588 2597 operam
1622 2535 1803 2596 quam
1833 2521 2101 2581 maxime
2132 2537 2239 2598 po-

160 2610 294 2664 tero
329 2610 395 2663 ut
421 2604 612 2663 breve
640 2602 706 2663 id
738 2603 973 2664 faciam.
1044 2604 1259 2678 Neque
1292 2604 1447 2665 haec
1476 2603 1787 2665 altercatio
1819 2612 2035 2665 nostra
2057 2605 2238 2667 vobis

160 2685 387 2748 inutilis
419 2686 562 2760 erit,
609 2694 814 2763 patres
845 2687 1198 2763 conscripti.
1267 2688 1636 2763 Plerumque
1665 2687 1825 2748 enim
1858 2702 1962 2747 res
1993 2689 2241 2765 publica

160 2770 414 2846 privatis
467 2769 690 2831 crescit
738 2769 1094 2844 inimicitiis,
1164 2770 1268 2831 ubi
1316 2788 1496 2833 nemo
1552 2770 1702 2831 civis
1760 2768 1957 2846 qualis
2017 2771 2098 2832 sit
2149 2771 2227 2832 vil

160 2861 367 2928 potest
402 2855 610 2913 latere.
1431 2908 1436 2911 γ

284 2938 358 2996 11.
405 2939 464 2996 4.
532 2935 794 2998 Primum
826 2937 1036 3013 igitur,
1085 2937 1373 3013 quoniam
1399 2937 1666 2999 omnium
1692 2936 1956 2999 maiores
1981 2936 2234 3013 Crispus

160 3020 486 3082 Sallustius
512 3021 592 3081 ad
617 3039 803 3082 unum
833 3020 1180 3097 exemplum
1210 3027 1271 3081 et
1285 3023 1564 3097 ¹regulam
1591 3021 1858 3097 quaerit,
1889 3021 2071 3082 velim
2097 3020 2232 3080 mihi

159 3104 535 3181 respondeat
564 3122 708 3164 num
743 3104 887 3180 quid
916 3104 1007 3177 hi,
1055 3122 1216 3180 quos
1244 3105 1495 3185 protulit
1519 3104 1842 3179 Scipiones
1868 3114 1931 3164 et
1951 3105 2231 3166 Metellos

157 3189 258 3245 vel
294 3187 548 3260 Fabios,
592 3194 735 3249 ante
774 3187 996 3249 fuerint
1022 3198 1129 3249 aut
1162 3188 1469 3264 opinionis
1505 3195 1611 3249 aut
1637 3187 1870 3264 gloriae
1900 3203 2085 3262 quam
2123 3204 2231 3248 eos

158 3284 260 3328 res
308 3277 522 3342 gestae
576 3286 730 3330 suae
766 3278 831 3330 et
874 3271 997 3331 vita
1039 3271 1542 3334 innocentissime
1583 3279 1723 3333 acta
1765 3271 2229 3332 commendavit.

161 3347 337 3416 Quod
378 3350 431 3408 si
469 3352 590 3411 hoc
631 3353 741 3413 ruit
776 3353 892 3414 illis
926 3354 1154 3416 initium
1200 3355 1461 3416 nominis
1492 3362 1554 3416 et
1583 3354 1922 3433 dignitatis,
1967 3370 2079 3415 cur
2109 3370 2228 3415 non
