2381 3723
149 101 274 164 294
933 98 1434 158 FRAGMENTA.
2113 106 2212 158 104

267 253 327 311 4.
370 253 436 311 In
488 249 898 311 Tusculanum
956 248 1098 307 mihi
1153 247 1598 310 nunciabantur
1648 246 1990 324 gladiatorii
2034 245 2214 307 sibili.

148 334 514 401 [Charisius
548 335 636 384 lib.
676 336 715 387 1.
755 349 809 399 Ρ.
839 332 953 398 61.]

338 447 664 506 LIBRORUM
691 447 775 504 DE
806 446 1036 506 GLORIA
1061 447 1441 504 FRAGMENTA
1475 447 1657 505 SEDIS
1687 446 2017 507 INCERTAE.

276 557 330 615 1.
378 556 424 616 Ο
469 555 756 616 miserum
788 559 886 616 vel
917 557 1123 633 potius
1155 564 1490 633 amentem,
1530 559 1610 619 de
1640 572 1763 634 quo
1795 542 2056 618 neeesse
2086 531 2218 613 erat

147 638 323 716 peius
370 638 719 699 existimare
763 656 902 712 θος,
949 647 987 711 †
1040 643 1208 717 quod
1253 650 1462 717 erunt,
1518 659 1699 718 quam
1750 657 1895 712 e08,
1930 635 2048 715 .qui
2092 653 2214 697 non

148 722 421 871 ploggrle.
503 734 568 801 [e
614 737 954 789 Ciceronis
990 738 1080 792 nb.
1131 740 1197 791 ae
1234 740 1425 805 gloria,
1468 748 1524 788 ut
1558 740 1627 789 uit
1665 737 2009 788 Diomedes
2042 738 2133 790 nb.
2171 740 2212 787 1.

144 821 197 871 p.
339 843 350 855 .

273 873 332 933 2.
380 874 606 934 Caesar
641 892 826 951 quum
877 875 1179 951 quosdam
1232 892 1452 936 ornare
1495 873 1716 946 voluit,
1762 891 1888 935 non
1930 872 2067 934 illos
2110 873 2216 933 ho-

148 958 438 1030 nestavit,
494 958 606 1018 sed
664 967 1019 1019 ornamenta
1068 957 1207 1033 ipsa
1263 958 1548 1034 turpavit.
1648 971 2119 1038 [Hieronymus
2152 972 2217 1020 ud

146 1041 524 1092 pammachium
562 1057 716 1107 super
752 1043 890 1092 obitu
920 1041 1180 1092 Paullinae
1218 1041 1350 1108 ΟΡΡ.
1382 1041 1439 1095 T.
1478 1043 1517 1095 1.
1555 1059 1608 1109 p.
1650 1039 1827 1108 1065.]

561 1179 695 1230 vn.
730 1176 1235 1230 COMMENTARIUS
1273 1178 1357 1228 DE
1391 1178 1805 1231 VIRTUTIBUS.

276 1275 329 1333 1.
374 1273 526 1334 Illud
560 1273 907 1349 neutiquam
923 1253 1291 1350 probantes.
1381 1289 1640 1356 [cicero
1679 1292 1732 1339 in
1769 1291 2127 1340 commentario
2153 1289 2216 1338 de

146 1358 441 1415 virtutibus,
478 1368 532 1406 ut
566 1359 637 1406 ait
668 1357 1007 1408 Charisius
1047 1357 1134 1411 lib.
1172 1360 1235 1409 11.
1277 1374 1329 1424 p.
1370 1355 1512 1425 186]
2095 1354 2102 1363 ⁴

270 1424 327 1484 2.
372 1426 664 1486 Memoria
688 1429 1142 1501 praeteritorum
1162 1434 1251 1487 est
1262 1473 1277 1500 ‚
1307 1443 1425 1488 non
1447 1430 1848 1502 praesentium
1861 1448 1880 1484 .·
1912 1441 2054 1485 nam
2074 1427 2217 1499 qui-

146 1512 285 1569 dam
299 1555 313 1582 ‚
346 1526 523 1587 quum
554 1510 629 1569 de
669 1511 974 1570 virtutibus
1000 1517 1247 1583 afferent
1258 1556 1272 1583 ‚
1315 1513 1379 1569 in
1408 1512 1613 1585 quibus
1644 1516 1733 1570 est
1754 1513 1930 1570 etiam
1975 1508 2216 1579 Tullius,

146 1596 207 1652 in
236 1595 354 1652 tria
382 1595 496 1651 ista
525 1592 906 1667 prudentiam
935 1594 1289 1653 diviserunt:
1323 1593 1709 1666 memoriam,
1741 1590 2216 1668 intelligentiam,

146 1674 606 1751 providentiam,
695 1691 1133 1758 [Augustinus
1180 1693 1244 1743 de
1278 1693 1419 1744 Tria.
1453 1693 1542 1742 nb.
1583 1694 1718 1743 X1v.
1758 1709 1873 1759 cap.
1919 1693 1998 1744 11.
2035 1693 2089 1755 s.
2133 1691 2214 1741 14.

142 1758 196 1891 ἔ.
235 1760 332 1879 {gb
395 1796 406 1808 .
443 1758 563 1811 433.
605 1759 749 1809 Tom.
789 1761 925 1813 VIII.
964 1776 1016 1826 Ρ.
1049 1761 1168 1814 957.
1211 1761 1342 1812 conf.
1385 1761 1490 1815 Cic.
1518 1762 1581 1812 de
1617 1765 1721 1816 inv,
1761 1762 1849 1812 lib.
1879 1763 1943 1815 11.
1982 1775 2096 1827 cap.
2127 1759 2214 1811 53.

270 1896 328 1957 3.
377 1898 673 1971 Quattuor
703 1898 988 1973 virtutes,
1025 1898 1377 1974 prudentia,
1416 1898 1671 1970 iustitia,
1709 1897 2031 1968 fortitudo,
2062 1901 2214 1955 tem-

143 1980 419 2054 perantia
434 2027 448 2052 ,
479 1983 555 2042 de
581 1984 786 2057 quibus
806 1985 1146 2059 plenissime
1171 1986 1236 2042 in
1263 1984 1596 2056 officiorum
1627 1984 1792 2043 libris
1827 1981 2049 2041 mins
2078 1980 2216 2039 dis-

137 2071 336 2140 putat,
366 2067 625 2126 scribens
649 2069 960 2140 proprium
987 2082 1215 2142 quoque
1249 2068 1324 2127 de
1356 2073 1633 2141 quattuor
1655 2067 1961 2152 virtuttpus
1979 2064 2216 2124 librum,

145 2145 526 2264 {gierolsslygn
541 2161 613 2262 11135
648 2148 1001 2280 indZJachariae
1026 2150 1304 2215 prophetae
1328 2148 1695 2199 Commentario
1732 2150 1774 2199 1.
1803 2150 1853 2198 2.
1892 2147 2024 2213 ΟΡΡ.
2063 2146 2213 2195 Tum.

217 2249 229 2262 .
267 2229 320 2279 p.
500 2250 510 2260 .
595 2228 684 2264 ene
727 2256 738 2268 .
1616 2251 1620 2254 Α

193 2350 357 2401 vlu.
400 2348 856 2401 COMMENTARII
898 2354 980 2403 DE
1018 2352 1407 2406 CONSULATU
1443 2353 1563 2405 SUO
1602 2352 1858 2406 GRAECE'
1894 2352 2161 2403 SCRIPTI.

279 2444 377 2511 [De
412 2446 495 2498 hia
533 2449 651 2499 vide
690 2448 818 2498 infra
856 2453 1037 2515 poema
1073 2452 1236 2502 eiusd.
1277 2447 1603 2517 argumenti.]

593 2586 698 2637 11.
741 2587 908 2638 cmo
945 2588 1094 2640 sm:
1134 2569 1405 2640 LAUS'M.
1448 2587 1743 2639 cA‘roms.

980 2705 1367 2746 ARGUMENTUM.

276 2780 343 2829 M.
382 2779 539 2829 Tullii
575 2780 834 2831 Ciceronis
869 2780 1043 2831 Catoni
1090 2798 1132 2833 s,
1175 2760 1465 2834 laudationi*
1491 2783 1558 2833 M.
1595 2783 1759 2832 Porcii
1796 2779 1998 2831 Catonis
2051 2797 2215 2847 oppo-

139 2848 239 2896 suit
286 2846 341 2897 C.
395 2846 577 2898 Caesar
624 2850 1001 2908 Anticatonem‚
1051 2852 1137 2912 qui
1181 2853 1603 2916 vituperationem
1656 2850 1859 2902 Catonis
1903 2851 2212 2910 continebat,

138 2914 256 2965 vide
294 2915 396 2967 Cio.
439 2916 504 2966 ad
542 2918 762 2967 Atticum
800 2917 890 2967 lib.
928 2917 1040 2968 XII.
1078 2934 1163 2984 ep.
1202 2921 1287 2971 40.
1319 2922 1370 2984 S.
1411 2922 1460 2971 1.

268 3012 324 3071 1.
364 3014 456 3075 De
483 3017 653 3074 euius
691 3015 803 3086 (M.
845 3016 1105 3089 Οαίοηίε,
1137 3020 1242 3091 qui
1264 3018 1409 3077 bello
1435 3019 1597 3077 civili
1640 3014 1840 3076 Uticae
1864 3030 2065 3074 necem
2101 3016 2220 3075 sibi

130 3097 338 3168 eladio
368 3114 549 3157 manu
577 3114 687 3158 sua
719 3102 1020 3171 conscivit)
1046 3102 1169 3160 vita
1211 3102 1359 3161 liber
1384 3107 1472 3160 est
1502 3100 1587 3159 M.
1623 3100 1917 3160 Ciceronis
1930 3142 1946 3170 ,
1975 3101 2082 3173 qm·
2109 3101 2213 3157 in-

138 3179 412 3237 scribitur
448 3180 543 3239 La
559 3198 599 3239 u
614 3198 644 3240 s
689 3181 866 3240 Cato
882 3180 1001 3242 nis
1020 3228 1036 3255 ,
1071 3201 1241 3258 quem
1279 3188 1341 3243 in
1372 3184 1576 3243 eodem
1614 3184 1765 3244 libro
1805 3183 1962 3242 idem
2009 3182 2214 3242 Cicero

131 3267 507 3406 pronei’gotgg
528 3263 899 3411 ζαίεέεΙαίείι
923 3267 1010 3324 Μ.
1048 3268 1282 3329 Catonis
1308 3268 1586 3327 Censorii.
1633 3280 1918 3347 [Gellius
1954 3278 2043 3332 lib.
2071 3279 2207 3332 xm.

141 3352 250 3402 cap.
363 3378 374 3390 .
512 3383 521 3394 .
584 3348 633 3407 §-
714 3384 723 3394 .
