2381 3723
118 155 188 229 4³1
293 172 311 190 ³
734 163 1189 226 CAP.15-17.
1236 171 1585 231 §.54—61.
1664 235 1680 250 ν
2071 163 2190 225 163

119 314 272 391 quid
302 312 361 373 in
392 323 615 374 terram
649 313 881 374 defluat
913 320 1020 392 aut
1052 331 1130 373 ne
1170 316 1310 389 plus
1342 329 1543 388 aequo
1577 314 1724 389 quid
1766 314 1825 374 in
1870 313 2188 376 amicitiam

119 395 537 471 congeratur,
603 396 704 457 59.
774 396 1013 458 Tertius
1077 413 1224 457 vero
1286 395 1386 456 ille
1454 395 1592 455 finis
1661 397 2055 469 deterrimus,
2125 407 2191 458 ut
2277 415 2284 422 ·

121 480 333 556 quanti
376 480 640 555 quisque
683 480 917 556 seipse
961 479 1167 552 l'aciat,
1221 478 1371 539 tanti
1419 479 1525 539 fiat
1566 480 1643 540 ab
1686 479 1915 542 amicis.
1991 480 2192 557 Saepe

120 562 282 623 enim
316 561 377 623 in
411 563 775 639 quibusdam
807 571 914 624 aut
943 563 1180 623 animus
1214 559 1508 624 absentior
1541 571 1636 624 est
1674 573 1776 625 aut
1806 581 1952 641 spes
1984 563 2190 640 ampli-

119 645 403 707 ficandae
450 650 729 708 fortunae
764 646 1040 707 ‘Gi-actior.
1117 648 1251 707 Non
1290 652 1386 706 est
1416 645 1599 721 igitur
1626 646 1802 707 amici
1835 649 2013 707 talem
2047 663 2187 707 esse

117 730 177 790 in
210 746 389 803 eum,
424 730 619 805 qualis
653 730 750 790 illc
777 730 838 790 in
871 746 942 791 se
973 738 1098 804 est,
1139 732 1249 791 sed
1287 729 1491 803 potius
1527 730 1671 791 eniti
1706 739 1768 791 et
1802 731 2079 803 efficere,
2123 737 2188 790 ut

118 812 301 874 amici
342 812 640 873 iacentem
681 812 946 874 animum
988 814 1214 873 excitet
1245 813 1618 889 inducatque
1664 831 1839 891 spem
1880 814 2186 890 cogitatio-

17 925 21 942 ·
118 913 388 973 nemque
416 897 746 957 meliorem.
817 896 994 957 Alius
1036 897 1217 971 igitur
1249 896 1385 957 finis
1423 913 1607 957 verae
1637 896 2183 958 amicitiae‘consti-

120 981 387 1042 tuendus
439 988 563 1054 est,
621 980 675 1041 si
727 978 898 1056 prius
947 980 1095 1056 quid
1157 979 1418 1040 maxime
1475 981 1931 1055 reprehendere
1979 979 2185 1055 Scipio

119 1064 342 1125 solitus
373 1062 450 1123 sit
480 1062 751 1124 edixero.
822 1065 1095 1139 Negabat
1125 1065 1304 1124 ullam
1345 1080 1560 1124 vocem
1605 1060 2002 1124 inimiciorem
2045 1062 2186 1122 ami-

118 1147 300 1209 citiae
340 1145 619 1222 potuisse
662 1146 917 1223 reperiri
961 1163 1142 1221 quam
1186 1145 1350 1219 eiuS,
1411 1145 1514 1222 qui
1560 1144 1820 1207 dixisset
1859 1144 1943 1206 ita
1982 1162 2187 1206 amare

121 1236 444 1307 oportere,
488 1237 558 1291 ut
585 1230 639 1291 si
667 1228 996 1305 aliquando
1029 1238 1201 1292 esset
1232 1247 1487 1305 osuruS,
1528 1246 1644 1290 nec
1668 1227 1820 1290 vero
1857 1245 1928 1290 se
1964 1226 2185 1289 adduci

119 1330 343 1390 posse,
398 1320 466 1374 ut
498 1314 618 1374 hoc
648 1329 830 1390 quem
859 1314 935 1374 ad
966 1315 1216 1375 modum
1247 1320 1590 1389 putaretur,
1644 1329 1682 1372 a
1708 1311 1924 1374 Biante
1958 1311 2184 1372 dictum

119 1414 266 1459 esse
322 1397 631 1469 crederet,
693 1396 797 1473 qui
844 1397 1092 1473 sapiens
1143 1395 1387 1458 habitus
1439 1402 1609 1458 esset
1645 1413 1804 1457 unus
1846 1412 1880 1455 e
1928 1402 2184 1470 septem,

119 1479 339 1557 impuri
381 1479 699 1541 cuiusdam
752 1488 856 1541 aut
897 1479 1200 1542 ambitiosi
1238 1487 1343 1540 aut
1386 1477 1590 1542 omnia
1636 1481 1716 1539 ad
1757 1496 1931 1540 suam
1973 1486 2187 1555 poten-

119 1564 266 1625 tiam
297 1563 648 1625 revocantis
682 1580 826 1625 esse
849 1563 1231 1625 sententiam.
1305 1564 1581 1639 Quonam
1613 1562 1772 1623 enim
1803 1563 1988 1624 modo
2024 1561 2185 1638 quis-

121 1664 305 1723 quam
337 1646 568 1708 amicus
594 1663 736 1709 esse
773 1647 1000 1724 poterit
1028 1646 1188 1720 eiuS,
1224 1646 1322 1708 cui
1348 1664 1417 1709 se
1448 1646 1683 1724 putabit
1714 1645 2021 1707 inimicum
2044 1663 2186 1706 esse

122 1732 356 1806 posse?
429 1730 581 1806 Quin
618 1730 798 1791 etiam
831 1745 1089 1806 necesse
1116 1730 1231 1791 erit
1262 1747 1489 1808 cupere
1520 1738 1581 1792 et
1612 1738 1856 1806 optare,
1903 1737 1973 1791 ut
2004 1746 2186 1805 quam

121 1811 488 1891 saepissime
540 1822 757 1890 peccet
804 1813 1069 1887 amicuS,
1136 1831 1258 1890 quo
1310 1817 1517 1892 plures
1560 1815 1663 1875 det
1712 1812 1827 1875 sibi
1875 1819 2185 1889 tamquam

122 1915 308 1959 ansas
334 1899 415 1957 ad
448 1898 1054 1973 reprehendendum:
1099 1915 1342 1960 rursum
1376 1904 1575 1958 autem
1618 1903 1787 1957 recte
1816 1896 1992 1957 factis
2025 1911 2186 1956 com·

121 1981 447 2056 modisque
499 1980 832 2044 amicorum
885 1997 1146 2043 necesse
1199 1981 1315 2042 erit
1364 1979 1535 2056 angi,
1599 1980 1840 2051 dolere,
1893 1976 2185 2038 invidere.

121 2066 223 2127 60.
267 2066 398 2140 Qua
426 2082 496 2125 re
530 2065 652 2125 hoc
682 2066 926 2141 quidem
961 2073 1386 2141 praeceptum,
1450 2061 1889 2137 cuiuscumque
1929 2067 2055 2149 est,
2108 2061 2187 2120 ad

121 2148 450 2209 tollendam
484 2147 800 2208 amicitiam
833 2151 1025 2210 valet:
1071 2147 1219 2208 illud
1269 2147 1474 2224 potius
1524 2144 2022 2222 praecipiendum
2059 2142 2185 2216 fuit,

124 2238 188 2291 ut
214 2247 350 2291 eam
381 2231 747 2307 diligentiam
771 2232 1200 2293 adhiberemus
1230 2230 1290 2290 in
1320 2228 1597 2291 amicitiis
1630 2225 2091 2305 comparandis,
2122 2232 2188 2287 ut

123 2331 209 2375 ne·
229 2315 476 2390 quando
507 2331 712 2376 amare
739 2315 1149 2391 inciperemus
1179 2319 1352 2389 eum‘,
1396 2330 1577 2391 quem
1615 2313 1943 2389 aliquando
1978 2309 2189 2372 odisse

123 2413 475 2474 possemus.
547 2397 700 2473 Quin
731 2398 911 2460 etiam
952 2397 1008 2462 si
1037 2398 1236 2459 minus
1280 2398 1490 2460 felices
1522 2397 1581 2458 in
1612 2396 1938 2473 deligendo
1973 2395 2187 2456 fuisse—

124 2499 290 2563 mus,
327 2482 646 2542 ferendum
682 2482 745 2542 id
779 2481 985 2559 Scipio
1018 2481 1223 2558 potius
1258 2499 1440 2558 quam
1472 2479 1912 2542 inimicitiarum
1944 2487 2186 2553 tempus

123 2565 514 2640 cogitandum
549 2566 818 2643 putabat.

245 2649 431 2709 Xvu.
478 2649 579 2710 61.
665 2648 774 2709 His
807 2648 988 2724 igitur
1007 2648 1230 2709 finibus
1259 2647 1554 2709 utendum
1578 2644 1871 2716 arbitror,
1903 2650 1971 2704 ut
2000 2659 2187 2718 quum

121 2731 428 2792 emendati
470 2749 674 2794 mores
724 2731 1057 2793 amicorum
1106 2732 1229 2793 sint
1268 2738 1393 2792 tum
1439 2729 1518 2811 sit
1568 2727 1725 2787 inter
1764 2743 1875 2787 eos
1919 2724 2185 2787 omnium

119 2831 357 2889 rerum,
405 2815 830 2889 consiliorum,
872 2816 1252 2877 voluntatum
1295 2813 1429 2876 sine
1473 2813 1598 2874 ulla
1627 2808 1994 2888 exceptione
2026 2825 2185 2870 com-

120 2898 381 2960 munitas
401 2945 416 2972 ,
457 2907 557 2972 ut,
603 2899 782 2960 etiam
813 2897 866 2959 si
911 2915 1032 2974 qua
1061 2900 1304 2960 fortuna
1331 2894 1626 2958 acciderit
1658 2902 1728 2956 ut
1760 2893 1960 2957 minus
1988 2893 2189 2955 iustae

123 2983 454 3045 amicorum
483 2985 832 3044 voluntates
865 2981 1251 3042 adiuvandae
1278 2979 1430 3053 sint,
1482 2979 1542 3040 in
1587 2979 1809 3055 quibus
1842 2996 2054 3041 eorum
2084 2983 2189 3036 aut

126 3073 306 3142 caput
343 3076 560 3142 agatur
600 3073 704 3127 aut
753 3067 940 3138 fama,
996 3064 1422 3126 declinandum
1473 3063 1552 3123 de
1573 3062 1677 3124 via
1723 3063 1831 3137 sit,
1882 3062 2066 3122 modo
2109 3074 2186 3117 ne

125 3165 356 3210 summa
407 3149 723 3226 turpitudo
780 3154 1104 3224 sequatur:
1171 3155 1267 3210 est
1316 3146 1473 3208 enim
1528 3153 1830 3223 quatenus
1890 3140 2185 3204 amicitiae

122 3233 245 3294 dari
274 3233 458 3294 venia
493 3234 708 3308 possit.
781 3234 908 3292 Nec
952 3248 1101 3292 vero
1139 3231 1507 3307 negligenda
1548 3237 1642 3291 est
1681 3232 1866 3299 fama,
1920 3241 2034 3287 nec
2063 3241 2184 3285 mee

121 3315 327 3377 diocre
358 3319 546 3377 telum
580 3319 660 3378 ad
687 3332 789 3377 res
821 3316 1125 3391 gerendas
1158 3313 1505 3376 existimare
1538 3318 1785 3388 oportet
1812 3310 2180 3371 benevolen

120 3399 258 3461 tiam
289 3398 546 3476 civium,
596 3416 780 3479 quam
807 3396 1113 3462 blanditiis
1154 3406 1217 3459 et
1251 3391 1966 3539 adsentandolrioiligere
2004 3400 2182 3466 turpe
