2381 3723
108 124 225 189 116
453 126 554 186 DE
591 125 908 186 OFFICIIS
951 125 1096 184 LIB.
1129 126 1227 183 111.
1276 124 1444 183 CAP.
1473 131 1561 186 33⁸
1607 132 1657 193 s.
1696 134 1815 186 121.

231 274 367 337 121.
409 277 616 337 Habes
647 292 683 335 a
716 282 889 352 patre
916 291 1168 348 munus,
1201 275 1407 336 Marce
1436 274 1547 348 fili,
1592 292 1727 335 mea
1758 275 2004 350 quidem
2033 290 2171 333 sen-

103 358 295 421 tentia
319 376 633 436 magnum,
678 360 789 420 sed
815 360 1070 435 perinde
1104 359 1249 432 erit,
1282 365 1352 420 ut
1384 359 1718 435 acceperis.
1793 359 2173 433 Quamquam

101 444 163 504 hi
193 442 299 505 tibi
328 451 458 505 tres
489 442 623 504 libri
645 440 803 503 inter
826 442 1091 519 Cratippi
1122 440 1595 505 commentarios
1627 450 1932 518 tamquam
1964 440 2169 516 hospi-

103 533 200 587 tes
240 535 421 588 erunt
471 525 833 603 recipiendi,
892 527 1033 600 sed,
1080 533 1174 597 ut,
1231 525 1285 588 si
1332 526 1471 602 ipse
1523 525 1831 588 venissem
1873 526 2170 597 Athenas,

103 611 274 684 quod
316 609 562 686 quidem
615 616 785 670 esset
826 611 1089 681 tactum,
1138 608 1258 672 nisi
1312 627 1410 670 me
1451 626 1488 670 e
1529 610 1731 672 medio
1774 627 1961 671 cursu
2006 611 2176 671 clara

102 706 261 753 voce
295 692 491 769 putria
526 700 915 768 revocasset,
956 693 1286 769 aliquando
1317 710 1417 754 me
1447 708 1698 770 quoque
1730 693 2008 769 audires,
2058 693 2164 787 sic,

103 775 391 849 quoniam
432 775 526 836 his
567 776 980 839 voluminibus
1022 779 1101 838 ad
1141 785 1204 839 te
1244 779 1521 853 profecta
1558 796 1686 840 vox
1718 786 1815 840 est
1853 796 2018 854 mea,
2069 774 2146 838 tri

100 857 255 920 bues
285 858 382 921 his
411 859 709 937 temporis
742 869 1034 937 quantum
1062 861 1325 937 poteris,
1370 861 1602 938 poteris
1634 870 1835 924 autem
1874 870 2168 939 quantum

98 942 295 1002 voleS.
368 944 562 1019 Quum
591 961 742 1006 vero
784 944 1139 1007 intellexero
1179 953 1242 1006 te
1272 947 1393 1008 hoc
1436 944 1727 1008 scientiae
1762 963 1997 1023 genere
2021 963 2139 1024 gau

98 1023 277 1099 dere,
309 1033 437 1088 tum
467 1035 528 1088 et
555 1044 853 1105 praesens
882 1038 1082 1101 tecum
1112 1030 1505 1127 propediem,
1541 1037 1609 1091 ut
1638 1047 1855 1108 spero,
1887 1040 1976 1105 et,
2021 1033 2166 1092 dum

98 1106 332 1183 aberis,
364 1110 592 1173 absens
625 1113 865 1188 loquar.
938 1114 1091 1174 Vale
1121 1113 1330 1191 igitur,
1368 1113 1448 1174 mi
1480 1113 1720 1189 Cicero,
1766 1115 1998 1191 tibique
2028 1130 2143 1193 per

97 1192 294 1253 suade
315 1210 461 1257 esse
486 1202 550 1256 te
581 1194 824 1272 quidem
849 1196 994 1258 mihi
1016 1196 1426 1273 carissimum,
1457 1199 1571 1261 sed
1600 1201 1789 1261 multo
1815 1201 1947 1261 sore
1971 1195 2167 1260 cario·

95 1289 256 1350 rem,
289 1275 342 1337 si
368 1276 592 1340 talibus
624 1280 1031 1343 monumentis
1059 1281 1535 1359 praeceptisque
1561 1283 1889 1345 laetabere·
