2381 3723
189 148 297 203 225
778 138 942 198 CAP.
972 146 1235 201 44—46.
1280 148 1333 209 §-
1369 149 1697 204 152—158.
2147 145 2272 208 415

193 289 373 365 Quod
416 288 467 349 si
512 289 667 351 deus
698 288 1149 351 immortalitate
1184 289 1429 365 fruitur,
1476 307 1585 352 cur
1612 308 1746 352 eam
1775 301 2043 369 partem,
2089 314 2269 393 quarn

191 391 270 434 ex
324 390 395 434 se
439 372 578 449 ipso
630 373 924 471 sumpsit,
972 375 1291 438 mortalem
1337 390 1479 438 esse
1524 374 1705 436 velit?
1793 376 1943 451 Quin
1979 378 2099 440 hoc
2130 382 2269 457 ipso

189 455 566 532 singularem
598 463 659 517 et
687 457 966 518 eximiam
992 456 1257 517 divinam
1290 474 1434 518 esse
1456 457 1577 518 vim
1602 458 1991 523 indicandum
2015 463 2269 538 putavit,

191 542 378 617 quod
407 558 534 602 non
574 542 776 602 solum
817 540 953 617 ipse
992 540 1353 603 immortalis
1402 541 1508 613 sit,
1566 544 1682 604 sed
1725 543 1902 604 etiam
1935 563 2095 622 quos
2127 548 2272 608 velit

189 640 346 687 suae
375 630 631 685 naturae
663 632 988 701 compotes
1020 631 1081 685 et
1109 626 1293 701 plane
1317 624 1693 688 immortales
1724 628 1967 691 efficiat.
2030 630 2269 707 Corpus

189 715 398 770 autem
443 707 640 769 voluit
691 724 835 770 esse
866 710 1166 781 mortale,
1229 725 1344 768 nec
1382 708 1718 785 immerito,
1771 730 1959 788 quum
2008 730 2042 774 e
2082 722 2268 789 terra,

189 792 368 853 cuius
411 792 730 853 mutationi
770 792 1051 853 subiecta
1093 800 1312 854 natura
1352 800 1478 866 est,
1536 793 1772 860 initium
1817 797 2060 858 duxerit
2100 805 2163 861 et
2206 799 2268 864 in

188 892 324 937 eam
369 874 570 952 ipsam
612 876 776 937 vitae
808 892 995 938 cursu
1027 878 1311 939 confecto
1342 876 1512 938 abire
1542 878 1783 940 debeat.
1872 879 1998 941 Sed
2027 884 2267 946 animus

187 960 508 1035 profectus
552 976 590 1019 a
636 961 755 1022 deo
796 962 1032 1022 caelum
1058 959 1265 1036 ,ipsum
1294 960 1555 1037 appetit:
1596 979 1738 1024 nam
1771 962 1833 1023 in
1869 981 2007 1025 eum
2044 967 2267 1041 locum,

185 1043 355 1103 unde
404 1042 720 1118 discessit,
776 1061 1025 1121 semper
1066 1051 1240 1120 optat
1275 1044 1498 1106 redire.
1588 1048 1778 1107 Terra
1806 1053 2042 1122 autem,
2086 1050 2139 1111 si
2170 1067 2265 1112 cui

186 1128 569 1203 appetenda,
614 1127 863 1205 corpori
905 1127 1024 1190 soli
1066 1137 1181 1190 est.
1276 1128 1413 1190 156.
1458 1132 1540 1189 At
1579 1146 1729 1191 vero
1767 1129 1982 1192 animis
2016 1139 2266 1194 aeterna

188 1210 343 1272 caeli
380 1212 569 1273 sedes
602 1213 957 1288 quaerenda
988 1228 1186 1287 eaque
1220 1212 1474 1290 propria
1500 1212 1744 1275 illorum
1775 1215 2005 1292 patria,
2049 1216 2104 1278 si
2137 1217 2266 1291 qui-

188 1296 329 1355 dem
369 1294 710 1357 animorum
756 1297 919 1362 nulla
957 1296 1018 1357 in
1060 1296 1247 1359 terris
1286 1296 1461 1372 origo
1501 1296 1763 1360 inveniri
1794 1305 2023 1376 potest.
2110 1300 2264 1361 Nihil

186 1378 346 1439 enim
397 1386 494 1440 est
533 1379 592 1439 in
641 1379 857 1442 animis
901 1380 1149 1442 mixtum
1198 1389 1382 1456 atque
1424 1390 1779 1443 concretum
1825 1390 1930 1444 aut
1970 1385 2139 1460 quod
2184 1400 2265 1444 ex

181 1470 350 1523 terra
382 1470 587 1524 natum
618 1471 805 1540 atque
835 1465 1045 1526 fictum
1079 1480 1223 1525 esse
1255 1464 1557 1526 videatur.
1643 1466 1795 1527 Nihil
1829 1484 1907 1527 ne
1937 1473 2044 1534 aut
2074 1465 2264 1529 humi-

185 1547 335 1606 dum
375 1546 619 1622 quidem
661 1554 767 1610 aut
810 1548 1016 1610 flabile
1059 1554 1166 1610 aut
1205 1548 1471 1624 igneum.
1559 1548 1669 1610 His
1720 1550 1979 1611 enimin
2028 1551 2264 1613 naturis

183 1629 333 1689 nihil
380 1628 542 1693 inest
603 1632 772 1707 quod
812 1632 933 1693 vim
980 1632 1312 1694 memoriae
1339 1680 1354 1705 ,
1408 1631 1630 1695 mentis
1656 1681 1671 1708 ,
1730 1634 2117 1711 cogitationis
2160 1636 2262 1695 ha·

183 1714 358 1786 beat,
402 1715 567 1790 quod
600 1721 662 1776 et
686 1716 1018 1792 praeterita
1050 1722 1257 1778 teneat
1286 1724 1346 1777 et
1380 1720 1584 1779 futura
1611 1719 1972 1793 praevideat
2005 1727 2065 1780 et
2095 1735 2259 1780 com-

180 1796 369 1874 plecti
420 1797 641 1875 possit
673 1800 1044 1876 praesentia.
1147 1801 1316 1876 Quae
1368 1804 1506 1864 sola
1560 1801 1765 1870 divina
1818 1808 1963 1863 sunt
2009 1819 2125 1864 nee
2172 1802 2261 1860 in-

180 1880 468 1942 venietur
508 1901 796 1960 umquam
839 1886 1007 1945 unde
1051 1886 1130 1945 ad
1174 1886 1485 1959 hominem
1526 1885 1739 1946 venire
1777 1885 2025 1961 possint
2065 1885 2181 1945 nisi
2225 1901 2263 1944 a

179 1967 326 2026 deo,
434 1967 640 2027 XLVI.
691 1969 828 2031 157.
920 1967 1259 2044 Singularis
1313 1977 1410 2030 est
1463 1967 1645 2043 igitur
1692 1969 1993 2042 quaedam
2049 1975 2263 2028 natura

178 2057 370 2125 atque
409 2050 502 2112 vis
557 2051 738 2112 animi
790 2050 1069 2113 seiuncta
1113 2053 1190 2113 ab
1238 2051 1332 2115 his
1386 2051 1624 2113 usitatis
1675 2050 1963 2125 notisque
2008 2051 2258 2112 naturis.

170 2135 273 2194 Ita
319 2134 616 2210 quidquid
658 2143 758 2197 est
795 2136 976 2211 illud,
1029 2137 1198 2212 quod
1231 2136 1420 2212 sapit,
1467 2135 1636 2211 quod
1668 2135 1825 2207 vult,
1873 2135 2041 2210 quod
2075 2135 2259 2210 viget,

178 2219 452 2279 caeleste
483 2226 546 2280 et
573 2217 842 2281 divinum
880 2228 976 2280 est
1009 2220 1088 2281 ob
1117 2236 1378 2294 eamque
1404 2236 1535 2285 rem
1558 2225 1875 2283 aeternum
1899 2218 1979 2279 sit
1999 2233 2260 2279 necesse

179 2308 299 2362 est.
387 2304 511 2364 Nec
543 2321 690 2364 vero
722 2304 876 2365 deus
908 2303 1076 2380 ipse,
1124 2303 1228 2378 qui
1251 2303 1603 2379 intelligitur
1625 2319 1663 2363 a
1686 2301 1895 2376 nobiS,
1928 2301 2045 2363 alio
2072 2301 2256 2363 modo

176 2384 434 2462 intelligi
482 2394 693 2463 potest
731 2386 848 2449 nisi
886 2404 1061 2449 mens
1103 2389 1311 2450 soluta
1355 2390 1659 2464 quaedam
1691 2392 1752 2447 et
1785 2387 2007 2459 libera,
2053 2401 2257 2460 segre-

176 2475 326 2543 gata
353 2471 428 2531 ab
463 2472 627 2533 omni
655 2470 1054 2533 concretione
1076 2470 1348 2540 mortali,
1392 2471 1597 2533 omnia
1619 2469 1891 2532 sentiens
1917 2476 1978 2531 et
1999 2485 2257 2530 movens

174 2551 442 2630 ipsaque
483 2555 763 2631 praedita
803 2562 975 2617 motu
1015 2554 1411 2630 sempiterno.
1518 2553 1654 2614 158.
1713 2556 1929 2629 Itaque
1979 2553 2259 2614 eamdem

176 2637 601 2700 aeternitatem
641 2639 856 2701 animis
899 2655 1151 2714 quoque
1197 2636 1428 2700 nostris
1474 2652 1553 2698 ex
1594 2653 1665 2696 se
1705 2637 1843 2712 ipsa
1883 2636 2115 2698 exortis
2152 2636 2257 2694 im-

174 2720 448 2818 partivit.
547 2724 821 2798 Quorum
868 2739 945 2782 ex
1006 2721 1479 2797 cogitationibus
1533 2727 1719 2794 atque
1769 2720 2060 2795 operibus
2113 2717 2258 2779 nihil

174 2802 345 2865 aliud
389 2805 507 2867 nisi
550 2807 793 2869 divinos
837 2822 980 2867 esse
1011 2806 1148 2869 illos
1179 2813 1242 2868 et
1271 2804 1682 2881 sempiternos
1720 2803 2010 2877 colligere
2037 2819 2257 2878 possu-

174 2905 336 2949 mus.
423 2892 575 2951 Nam
631 2889 686 2953 si
743 2889 1162 2952 aedificiorum
1208 2887 1684 2986 magnitudinem
1727 2893 1912 2962 atque
1953 2893 2256 2957 ornatum,

173 2971 229 3032 si
272 2981 672 3035 monumenta
710 2974 1074 3048 litterarum,
1125 2973 1177 3037 si
1223 2971 1519 3050 pecuniae
1556 2971 1679 3032 vim
1706 2963 2018 3031 infinitam
2061 2969 2123 3029 in
2153 2985 2255 3028 res

171 3056 442 3118 maxime
474 3058 728 3120 stabiles
753 3065 814 3119 et
837 3058 1227 3120 admirandas
1252 3056 1541 3130 effusam,
1573 3055 1628 3117 si
1652 3053 2047 3130 plurimarum
2071 3050 2255 3112 maxi-

171 3157 540 3218 marumque
571 3159 776 3204 rerum
807 3142 1201 3218 adeptionem
1226 3141 1498 3218 cogitare
1521 3138 1929 3209 voluerimus,
1972 3138 2253 3213 profecto

168 3223 589 3301 intelligemus
637 3227 792 3288 haec
829 3243 1162 3301 numquam
1199 3228 1498 3287 facturum
1530 3223 1721 3285 fuisse
1751 3221 2093 3295 hominem,
2139 3217 2255 3279 nisi

173 3308 634 3371 diuturnitatem
673 3309 967 3407 temporis
1006 3309 1332 3386 ipsamque
1363 3307 1783 3370 aeternitatem
1817 3305 2139 3380 plurimum
2176 3302 2254 3360 ad

170 3409 246 3454 se
271 3393 588 3471 pertinere
615 3394 1010 3456 existimaret.
1099 3395 1225 3457 Iam
1255 3393 1390 3469 ipsa
1414 3391 1648 3469 gloriae
1675 3388 1979 3468 cupiditas
1998 3434 2013 3462 ‚
2060 3388 2247 3446 hono-
