2381 3723
155 153 230 209 33
940 147 1440 209 FRAGMENTA.
2103 151 2224 215 223

431 298 511 349 15.
589 296 766 355 QUUM
811 296 1158 357 QUAESTOR
1195 273 1517 351 LILYBAEO
1554 301 1970 370 DECEDERET.

164 397 167 400 ,
298 390 557 525 [Ηαδὸὲίὸ]
574 400 651 442 est
701 395 864 444 oratio
911 394 978 448 l..
1027 394 1225 444 Licinio
1271 396 1484 481 Lucullo
1533 396 1612 445 M.
1667 398 1841 448 Aurei.
1897 400 2043 451 Cotta
2093 414 2223 455 coss.

153 477 207 515 a.
244 478 293 510 u.
327 476 371 510 e.
518 501 528 512 .

286 558 341 617 1.
390 556 567 633 Quod
618 575 744 618 non
788 558 1131 619 detrectare
1177 556 1477 633 militiam,
1536 561 1647 621 sed
1695 563 2026 622 defendere
2082 580 2223 640 pro-

154 640 414 701 vinciam
464 639 731 702 iudicata
790 650 905 703 est·
996 656 1394 723 [Arusianus
1428 659 1475 707 Μ
1494 659 1712 711 essius
1755 661 1990 725 Exempl.
2042 660 2223 710 elocut.

152 739 205 790 p.
243 724 361 776 226.
399 723 653 790 Lindem.]

689 863 767 914 16.
839 860 965 912 PRO
998 861 1066 915 M.
1104 862 1377 914 AEMILIO
1413 863 1685 916 SGAURO.
1783 892 1794 898 ·

293 958 434 1025 [Cum
467 964 814 1024 supplementis
864 962 982 1012 Car.
1033 960 1205 1017 Beier.
1222 999 1238 1025 ,
1298 965 1383 1027 qui
1413 964 1462 1012 in
1492 961 1569 1012 Ιιίε
1622 964 1975 1012 concinnandis
2015 974 2221 1027 praeter

149 1027 363 1079 Asconii
410 1032 780 1081 enarrationem
829 1031 1118 1097 fraymenta
1175 1046 1246 1081 ex
1302 1032 1448 1083 codd.
1499 1031 1806 1093 palimpsest.
1880 1032 2112 1083 Ambra-⁹.
2175 1042 2224 1083 et

159 1094 365 1147 Taurin.
402 1096 641 1149 adhibere
671 1101 863 1162 potuit,
902 1114 930 1149 e
965 1098 1140 1163 quibus
1172 1102 1422 1165 longiores
1454 1101 1589 1149 locos
1618 1098 1831 1162 petivit]

493 1242 568 1284 DE
610 1241 730 1286 flac
773 1242 1076 1287 ΟΒΑΤΙΟΝΕ
1117 1242 1410 1288 Ascomus
1453 1242 1610 1284 HAEC
1653 1242 1877 1286 HABET:

291 1321 431 1371 Hanc
467 1335 666 1384 quoque
701 1324 977 1374 orationem
1016 1324 1209 1374 eisdem
1251 1323 1544 1375 consulibus
1578 1323 1735 1384 dixit,
1785 1324 1968 1386 quibus
2004 1339 2095 1391 pro
2120 1328 2197 1376 Va
2274 1356 2278 1360 ·

147 1389 307 1449 tinio,
343 1389 405 1443 L.
439 1389 659 1441 Domitio
696 1392 996 1443 Aenobarbo
1032 1400 1082 1442 et
1117 1393 1289 1459 Appio
1327 1392 1538 1444 Claudio
1571 1392 1751 1442 Pulcro
1789 1406 1920 1446 coss,
1982 1392 2220 1445 Summus

148 1457 329 1508 iudicii
365 1459 478 1508 dies
511 1458 608 1508 tuit
641 1474 691 1512 a.
731 1461 781 1513 d.
823 1462 932 1511 1111.
971 1460 1142 1512 Nonas
1168 1460 1449 1526 Septembr.
1487 1459 1557 1527 [a.
1595 1476 1645 1510 u.
1686 1477 1727 1511 c.
1769 1460 1913 1526 700]

843 1590 1214 1631 Antium-:Mun
1255 1592 1361 1634 HOC
1399 1591 1498 1631 Es'r
1512 1595 1525 1628 2

290 1678 355 1727 Μ.
396 1677 651 1742 Scaurus,
693 1680 759 1728 Μ.
784 1680 961 1733 Scauri
995 1684 1157 1746 filius,
1197 1686 1284 1747 qui
1319 1683 1558 1750 princeps
1593 1687 1798 1731 senatus
1829 1680 1951 1742 fuit,
1988 1682 2220 1732 vitricum

148 1748 328 1797 habuit
360 1745 580 1798 Sullam:
637 1761 735 1811 quo
771 1751 963 1801 victore
999 1761 1047 1802 et
1076 1753 1312 1803 munifico
1363 1754 1414 1801 in
1451 1751 1618 1801 socios
1667 1749 1908 1800 victoriae
1955 1749 2027 1800 ita
2065 1752 2221 1802 absti-

147 1831 277 1867 nens
314 1815 436 1877 ruit,
487 1824 540 1866 ut
570 1817 699 1867 nihil
735 1832 898 1882 neque
931 1821 1111 1872 donari
1155 1823 1257 1874 sibi
1290 1821 1505 1872 voluerit
1539 1833 1703 1882 neque
1739 1818 1801 1868 ab
1836 1817 1981 1869 hasta
2019 1820 2216 1872 emerit.

147 1885 473 1935 Aedilitatem
516 1899 714 1936 summa
757 1890 1131 1954 magnificentia
1177 1893 1365 1956 gessit,
1428 1890 1576 1938 adeo·
1601 1894 1656 1936 ut
1701 1889 1753 1936 in
1806 1887 1916 1936 eius
1960 1887 2219 1953 impensas

148 1968 278 2018 opes
311 1967 430 2003 suas
466 1955 804 2020 absumpserit
839 1972 1179 2023 magnumque
1215 1974 1304 2010 aes
1331 1955 1901 2008 alienumcontraxerit.
1974 1955 2050 2003 Ex
2074 1970 2220 2019 prae-

134 2032 264 2079 ,tura
294 2023 605 2086 provinciam
644 2021 932 2076 Sardiniam
963 2027 1205 2088 obtinuit,
1243 2028 1296 2076 in
1332 2041 1431 2089 qua
1467 2039 1629 2087 neque
1665 2023 1792 2073 satis
1829 2022 2138 2072 abstinenter
2164 2040 2218 2073 se

146 2091 374 2155 gessisse
411 2093 726 2142 existimatus
770 2101 846 2144 est
881 2102 931 2144 et
973 2095 1124 2146 valde
1159 2097 1488 2160 adroganter:
1549 2092 1686 2154 quod
1736 2105 1898 2156 genus
1932 2104 2129 2141 morum
2167 2093 2218 2141 in

148 2174 210 2209 eo
248 2166 511 2223 paternum
547 2161 837 2223 videbatur,
877 2178 1031 2226 quum
1068 2171 1266 2214 caetera
1302 2162 1551 2212 industria
1577 2173 1895 2222 nequaquam
1936 2168 2069 2208 esset
2104 2176 2216 2226 par.

146 2227 268 2277 Erat
310 2236 478 2278 tamen
525 2228 796 2292 aliquando
845 2232 975 2281 inter
1026 2240 1267 2297 patronos
1323 2244 1607 2282 causarum.
1682 2226 1783 2278 Sed
1834 2235 2099 2292 postquam
2156 2244 2219 2279 ex

145 2295 410 2362 provincia
446 2298 692 2362 redierat,
744 2299 942 2350 dixerat
974 2316 1068 2367 pro
1101 2301 1156 2352 C.
1199 2301 1415 2359 Catone,
1464 2300 1610 2362 isque
1647 2306 1754 2346 erat
1784 2296 2046 2348 absolutus
2074 2313 2123 2350 a.
2165 2297 2214 2346 d.

146 2364 230 2414 111.
249 2362 419 2415 Nonas
438 2365 638 2425 Quinct.
711 2368 844 2432 lpse,
884 2384 1037 2432 quum
1069 2369 1136 2421 ad
1171 2368 1462 2419 consulatus
1500 2367 1791 2432 petitionem
1825 2380 1874 2417 a.
1903 2367 1953 2416 d.
1989 2367 2074 2416 111.
2106 2366 2216 2415 Kal.

145 2432 345 2492 Quinct.
396 2433 607 2484 Romam
661 2436 909 2497 redisset,
967 2438 1292 2501 querentibus
1349 2438 1414 2488 de
1472 2450 1557 2487 eo·
1575 2434 1779 2497 Sardis,
1834 2449 1865 2484 a
1916 2433 1972 2488 P.
2013 2435 2219 2485 Valerio
2291 2440 2302 2453 ’
2380 2424 2381 2431 ’

144 2501 372 2565 Triario,
427 2503 746 2555 adolescente
794 2514 968 2570 parato
1023 2508 1090 2556 ad
1135 2507 1408 2557 dicendum
1457 2512 1505 2556 et
1550 2510 1698 2553 notae
1752 2502 2057 2567 industriae,
2114 2503 2219 2553 filio

146 2570 289 2631 eiua,
322 2571 409 2634 qui
445 2573 497 2621 in
531 2571 766 2623 Sardinia
803 2582 973 2625 contra
1007 2576 1075 2625 M.
1113 2574 1366 2640 Lepidum
1403 2586 1544 2622 arma
1581 2570 1763 2620 tulerat
1793 2578 1843 2620 et
1877 2578 1993 2636 post
2027 2572 2079 2621 in
2101 2574 2222 2622 Asia

142 2639 404 2702 Pontoque
440 2639 636 2706 legatus
670 2641 730 2691 L.
766 2642 965 2693 Luculli
995 2643 1185 2702 suerat,
1236 2657 1389 2706 quum
1427 2642 1471 2691 is
1514 2637 1705 2689 bellum
1744 2646 1917 2688 contra
1955 2638 2219 2688 Mithrida-

142 2715 247 2757 tem
286 2716 509 2773 gereret,
568 2710 854 2775 postulatus
899 2719 976 2763 est
1019 2713 1156 2777 apud
1193 2711 1262 2764 M.
1301 2711 1539 2761 Catonem
1586 2712 1868 2771 praetorem
1916 2708 2216 2770 repetunda·

143 2790 289 2838 rum,
343 2783 400 2826 ut
433 2776 485 2826 in
523 2779 935 2846 actisscriptum
972 2788 1076 2841 est,
1130 2780 1381 2846 postridie
1422 2777 1592 2827 Nonas
1641 2774 1880 2833 Quinctil.
1928 2782 2043 2838 post
2083 2774 2219 2823 diem

143 2845 376 2902 tertium,
408 2860 557 2908 quam
589 2845 646 2899 0.
682 2848 805 2899 Cato
840 2858 948 2899 erat
979 2848 1259 2899 absolutus.
1333 2845 1751 2908 subscripserunt
1770 2842 1967 2895 Triario
1990 2843 2040 2891 in
2062 2842 2217 2893 Scau-

141 2927 254 2961 rum
287 2911 345 2964 L.
396 2915 582 2964 Marius
618 2916 675 2965 L.
716 2916 802 2973 F..
857 2917 922 2968 M.
963 2925 1012 2967 et
1059 2916 1117 2975 Q.
1154 2916 1366 2966 Pacuvii
1414 2915 1622 2973 fratres,
1668 2912 1967 2977 cognomine
2002 2911 2217 2975 Claudii,

143 2982 233 3043 qni
265 2981 644 3044 inquisitionem
682 2984 736 3034 in
771 2984 1061 3036 Sardiniam
1106 2986 1326 3048 itemque
1362 2984 1416 3033 in
1455 2981 1708 3034 Corsicam
1752 2979 1946 3032 insulas
1984 2981 2094 3030 dies
2130 2981 2221 3029 tri-

143 3064 296 3099 cenos
346 3060 647 3116 acceperunt
698 3067 863 3116 neque
912 3053 1128 3118 profecti
1178 3062 1296 3103 sunt
1359 3057 1426 3103 ad
1482 3049 1853 3113 inquirendum.
1930 3048 2085 3099 Cuius
2148 3049 2219 3098 rei

140 3117 276 3167 hanc
308 3133 513 3170 causam
549 3121 855 3184 reddebant,
894 3123 1029 3186 quod
1063 3124 1257 3172 interea
1292 3121 1498 3172 comitia
1534 3119 1821 3170 consularia
1856 3116 2022 3167 futura
2053 3124 2219 3165 erant:

142 3188 322 3236 timere
355 3202 476 3253 ergo
513 3204 571 3240 se
624 3204 689 3241 ne
724 3189 946 3241 Scaurus
995 3205 1056 3240 ea
1102 3191 1350 3256 pecunia,
1407 3203 1560 3252 quam
1596 3188 1659 3238 ab
1708 3186 1861 3237 sociis
1905 3183 2219 3245 abstulisset,

142 3263 330 3305 emeret
382 3258 696 3308 consulatum
750 3266 826 3320 et,
885 3260 1017 3309 sicut
1066 3267 1213 3324 pater
1248 3259 1357 3308 eius
1406 3257 1639 3315 fecisset,
1695 3261 1810 3304 ante
1860 3267 2009 3317 quam
2060 3253 2124 3304 de
2162 3268 2220 3302 eo

140 3324 360 3374 iudicari
403 3334 609 3390 posset,
671 3330 1022 3393 magistratum
1090 3327 1241 3376 iniret
1293 3339 1352 3377 ac
1387 3341 1564 3377 rursus
1606 3330 1719 3373 ante
1757 3322 1886 3373 alias
1932 3322 2220 3387 provincias

140 3392 386 3456 spoliaret
413 3408 560 3456 quam
582 3397 830 3446 rationem
851 3397 1037 3462 prioris
1057 3395 1508 3446 administrationis
1536 3392 1781 3443 redderet.
1840 3389 2061 3442 Scaurus
2082 3403 2217 3440 sum—
