2381 3723
162 126 233 181 41
949 119 1101 179 FRA
1111 120 1424 180 GMENTA
1436 165 1450 180 .
2114 122 2233 186 231

164 285 237 328 se
288 268 469 331 dicet.
500 303 583 315 —-
614 268 758 344 Quis
810 268 872 328 id
915 269 1068 331 scit?
1140 272 1286 345 Quis
1339 272 1624 333 iudicabit
1674 292 1795 334 non
1852 274 2042 337 fuisse
2098 291 2235 335 cau-

162 354 339 412 sam?
368 386 453 398 ——
481 354 695 428 Finget
730 353 940 414 fuisse.
962 390 1048 400 —-
1068 356 1184 429 Qui
1219 357 1564 417 refellemus
1595 357 1880 430 potuisse
1910 374 2032 419 non
2068 359 2233 429 dare,

164 436 219 495 si
252 414 801 499 noluisset?-Vi
833 446 1111 514 ereptum
1168 449 1309 499 esse
1363 439 1542 500 dicet.
1632 442 1797 513 Quae
1850 449 2057 516 potest
2113 444 2233 502 elo-

164 519 417 593 quentia
459 521 830 596 disputaudo
875 520 1064 595 ignoti
1101 522 1363 582 hominis
1396 523 1829 599 impudentiam
1876 526 2232 603 confutare?

162 604 239 661 X.
286 601 385 662 20.
472 606 601 666 Non
641 620 816 679 agam
860 603 1041 679 igitur
1082 621 1219 665 cum
1264 606 1377 666 ista
1408 605 1739 668 Sardorum
1774 597 2232 704 conspIratione

162 694 396 746 etcum
428 703 732 764 expresso
780 696 841 747 et
874 695 1092 749 coacto
1141 688 1590 765 sollicitatoque
1624 691 1888 765 periurio
1935 691 2231 751 subtiliter

164 786 370 845 neque
411 787 526 832 acu
575 772 872 847 quaedam
917 774 1235 836 enucleata
1276 782 1630 854 argumenta
1661 775 2058 849 conquiram,
2121 775 2230 835 sed

164 861 385 914 contra
438 854 729 931 impetum
761 854 1014 920 istorum
1057 854 1287 930 impetu
1324 873 1439 931 ego
1476 865 1690 922 nostro
1739 875 2097 920 concurram
2149 866 2232 917 at·

167 951 290 1011 que
323 936 667 1013 confligam.
743 940 874 999 Non
907 947 1003 1000 est
1035 957 1193 1001 unus
1225 941 1367 1000 mihi
1412 939 1673 1015 quisque
1715 957 1790 1001 ex
1828 941 2066 1018 illorum
2101 941 2232 1001 acie

166 1022 622 1095 protrahendus
646 1039 847 1096 neque
867 1039 1005 1083 cum
1024 1022 1277 1097 singulis
1299 1024 1731 1083 decertandum
1755 1032 1938 1099 atque
1960 1039 2232 1100 pugnan-

168 1104 341 1164 dum:
382 1111 510 1165 tota
541 1114 636 1167 est
660 1105 823 1166 acies
845 1106 946 1186 illa
969 1124 1089 1168 uno
1123 1107 1350 1181 impetu
1375 1107 1843 1182 prosternenda.

299 1187 395 1247 21.
440 1190 551 1251 Est
591 1190 746 1249 enim
790 1205 974 1252 unum
1018 1190 1344 1249 maximum
1384 1190 1573 1251 totius
1614 1189 1928 1250 Sardiniae
1972 1191 2232 1250 frumen-

169 1270 386 1330 tarium
421 1272 679 1348 crimen,
729 1274 804 1333 de
840 1292 960 1348 quo
995 1273 1260 1334 Triarius
1295 1290 1509 1335 omnes
1542 1274 1773 1335 Sardos
1817 1272 2232 1349 interrogavit,

171 1356 338 1430 quod
377 1355 577 1431 genus
600 1374 723 1418 uno
758 1357 1085 1418 testimonii
1127 1358 1377 1418 foedere
1407 1367 1470 1418 et
1504 1373 1810 1434 consensu
1840 1356 2106 1418 omnium
2140 1363 2235 1415 est

170 1439 618 1500 confirmatum.
698 1441 869 1522 Quod
920 1457 1035 1516 ego
1083 1441 1307 1502 crimen
1352 1449 1490 1501 ante
1539 1458 1719 1516 quam
1772 1440 2032 1516 attingo,
2086 1445 2230 1534 peto

168 1539 207 1581 a
256 1522 460 1597 vobis,
491 1524 781 1596 iudices,
841 1532 908 1583 ut
948 1541 1043 1584 me
1091 1524 1281 1585 totius
1334 1532 1582 1585 nostrae
1626 1524 2001 1585 defensionis
2058 1521 2234 1598 quasi

173 1607 471 1682 quaedam
519 1608 719 1667 iacere
757 1608 1147 1668 fundamenta
1192 1605 1517 1683 patiamini.
1598 1609 1764 1682 Quae
1815 1607 1864 1669 si
1911 1616 2116 1679 erunt,
2168 1613 2236 1665 ut

171 1706 308 1751 mea
338 1691 579 1752 ratioet
611 1691 896 1766 cogitatio
927 1692 1069 1763 sert,
1090 1691 1304 1767 =posita
1328 1699 1389 1751 et
1420 1692 1777 1764 constituta,
1811 1693 2033 1752 nullam
2059 1706 2234 1750 accu-

172 1773 428 1835 sationis
462 1783 691 1851 partem
725 1775 1168 1851 pertimescam.
1260 1774 1359 1835 22.
1403 1775 1630 1834 Dicam,
1661 1775 1817 1836 enim
1866 1775 2126 1854 primum
2156 1774 2234 1832 de

169 1857 310 1932 ipso
336 1875 560 1933 genere
590 1857 998 1921 accusationis
1015 1908 1029 1933 ,
1063 1868 1281 1935 postea
1307 1860 1384 1919 de
1408 1858 1619 1920 Sardis
1639 1906 1652 1930 ‚
1684 1866 1809 1927 tum
1835 1857 2013 1919 etiam
2038 1873 2232 1933 pauca

171 1942 254 2000 de
289 1942 551 2004 Scauro:
597 1944 817 2018 quibus
850 1943 1034 2004 rebus
1066 1943 1384 2018 explicatis
1408 1949 1534 2002 tum
1560 1943 1820 2016 denique
1847 1942 1922 2000 ad
1955 1942 2073 2001 hoc
2097 1941 2234 2000 hor·

170 2024 346 2085 ribile
377 2033 436 2086 et
468 2027 927 2088 formidulosum
960 2025 1416 2087 frumentarium
1458 2025 1683 2085 crimen
1718 2025 2025 2084 accedam.

300 2110 400 2170 XI.
436 2109 533 2171 23.
620 2111 797 2186 'Quod
838 2119 936 2171 est
982 2108 1160 2184 igitur
1215 2111 1332 2170 hoc
1371 2107 1813 2179 accusationiS,
1863 2105 2081 2177 Triari,
2130 2121 2233 2179 ge-

171 2193 333 2251 nus?
404 2192 695 2266 Primum,
744 2201 813 2254 ut
842 2192 1194 2269 inquisitum
1227 2210 1349 2254 non
1375 2192 1538 2251 ieriS.
1611 2193 1778 2266 Quae
1821 2190 1930 2251 fuit
1957 2190 2074 2250 ista
2114 2196 2234 2248 tam

172 2278 384 2346 t'eroX,
446 2284 564 2335 tam
623 2280 942 2351 explorata
994 2275 1174 2337 huius
1228 2274 1611 2352 opprimendi
1675 2274 1942 2339 fiducia?
1991 2271 2236 2336 ,Pueris

171 2357 354 2417 nobis
398 2360 892 2422 audissevideor
928 2361 992 2420 L.
1037 2359 1308 2431 Aelium,
1355 2359 1693 2422 libertinum
1739 2358 2041 2421 hominem
2088 2357 2237 2416 litte·

172 2448 371 2501 ratum
400 2458 477 2503 ac
508 2446 800 2519 facetum,
853 2461 1041 2520 quum
1080 2444 1480 2505 ulcisceretur
1510 2444 1753 2519 patroni
1793 2441 2075 2514 iniurias,
2131 2456 2238 2498 no·

171 2541 313 2584 men
355 2526 422 2600 Q.
453 2527 773 2599 Muttonis,
827 2527 1089 2589 hominis
1131 2526 1568 2598 sordidissimi,
1624 2526 1939 2587 detulisse.
2013 2530 2072 2585 A
2115 2540 2235 2598 quo

174 2624 362 2682 quum
392 2619 798 2686 ,quaereretur
842 2627 1025 2686 quam
1057 2609 1428 2686 provinciam
1463 2615 1567 2668 aut
1598 2626 1778 2683 quam
1805 2608 1963 2667 diem
1992 2607 2238 2667 testium

172 2694 546 2768 postularet,
586 2694 798 2755 horam
833 2694 948 2755 sibi
979 2700 1292 2767 octavam,
1326 2693 1468 2754 dum
1499 2690 1558 2750 in
1593 2693 1726 2752 foro
1759 2689 2014 2751 bovario
2046 2687 2239 2763 inqui-

170 2781 363 2848 reret,
389 2777 741 2853 postulavit.
829 2777 928 2839 24.
973 2780 1108 2840 Hoc
1133 2786 1193 2838 tu
1219 2778 1379 2837 idem
1406 2774 1505 2836 tibi
1529 2774 1588 2835 in
1615 2775 1696 2837 M.
1720 2771 1977 2833 Aemilio
2004 2770 2244 2851 Scauro,

172 2861 399 2934 putasti
440 2878 584 2924 esse
627 2861 1013 2923 faciendum?
1046 2893 1128 2903 ——
1164 2862 1380 2921 Delata
1422 2856 1609 2929 enim,
1662 2856 1884 2932 inquit,
1934 2870 2119 2916 causa
2163 2853 2240 2912 ad

172 2959 276 3002 me
304 2943 534 3005 Romae
566 2951 682 3006 est.
710 2979 797 2990 ——-
826 2946 1020 3019 Quid?
1049 2947 1125 3004 ad
1158 2960 1256 3005 me
1274 2942 1459 3005 Siculi
1492 2958 1694 3002 nonne
1726 2944 1959 3002 Romae
1992 2953 2240 2999 causam

172 3024 417 3088 Siciliae
450 3029 836 3089 detulerunt?
904 3028 1095 3125 Atqui
1134 3028 1412 3087 homines
1451 3026 1789 3101 prudentes
1823 3030 2067 3093 natura,
2122 3022 2240 3080 cal-

173 3109 278 3168 lidi
310 3127 456 3182 usu,
507 3113 699 3173 docti
686 3130 785 3173 ma
814 3112 1054 3174 eruditi.
1124 3112 1349 3171 Tamen
1386 3125 1503 3184 ego
1537 3107 1676 3168 mihi
1718 3104 2071 3183 provinciae
2104 3119 2242 3162 cau-

170 3209 308 3252 sam
348 3193 407 3254 in
450 3195 769 3271 provincia
807 3195 943 3272 ipsa
979 3194 1475 3270 cognoscendam
1522 3200 1584 3253 et
1625 3190 1979 3250 discendam
2011 3185 2239 3263 putavi.

171 3275 278 3336 25.
321 3281 419 3339 An
452 3296 570 3355 ego
617 3284 899 3356 querelas
943 3285 1128 3354 atque
1158 3275 1407 3338 iniurias
1448 3283 1755 3336 aratorum
1808 3289 1928 3333 non
1972 3270 2030 3331 in
2069 3285 2243 3344 sege-

169 3360 336 3421 tibus
404 3362 556 3438 ips1s
616 3364 905 3439 arvisque
972 3363 1457 3461 cognoscerem!
1542 3355 1897 3432 peragravi,
1973 3355 2242 3429 inquam,
