2381 3723
586 153 728 211 LIB.
764 153 862 211 111.
911 151 1079 210 ΟΑΡ.
1109 161 1374 214 30—32.
1419 161 1470 220 s.
1504 161 1831 215 loe—114.
2119 154 2240 217 113

170 321 345 376 rum,
390 301 494 377 qui
522 305 683 363 nulla
713 303 790 362 de
826 319 893 361 re
924 300 1270 377 diligentius
1306 320 1488 378 quam
1520 304 1597 363 de
1634 301 1766 364 iure
1803 302 2063 377 iurando
2095 303 2242 365 iudi·

171 385 420 449 cabant.
513 385 649 445 112.
698 386 765 446 L.
809 385 1033 446 Manlio
1076 389 1151 445 Α.
1186 387 1282 458 F.'‚
1337 403 1523 462 quum
1568 387 1828 448 dIctator
1867 386 2111 460 suisset,
2160 389 2268 448 M..

170 467 554 546 Pomponius
588 467 864 535 tribunus
907 468 1102 544 plebis
1145 468 1306 529 diem
1345 469 1529 543 dixit,
1562 470 1732 545 quod
1757 469 1810 530 is
1845 486 2083 546 paucos
2128 467 2242 531 sibi

173 554 308 614 dies
332 553 414 612 ad
433 551 795 613 dictaturam
819 553 1150 628 gerendam
1182 550 1553 614 addidissetz
1597 551 2025 615 olintinabatur
2043 551 2241 626 etiam,

175 637 358 714 quod
390 637 459 695 T.
502 634 721 708 filium,
780 634 884 710 qui
933 646 1154 714 postea
1201 643 1298 696 est
1345 638 1693 711 Torquatus
1735 639 2109 714 appellatus»,
2163 636 2241 697 ab

173 718 526 782 hominibus
552 721 894 794 relegasset
921 728 980 789 et
1012 718 1136 787 ruri
1166 720 1439 780 habitare
1472 718 1780 793 iussisset.
1854 720 2033 795 Quod
2056 737 2242 797 quum

171 801 520 864 audivisset
552 803 917 863 adolescens
951 802 1110 863 lilius
1143 803 1454 877 negotium
1487 803 1759 864 exhiberi
1793 804 1948 879 patri
1965 852 1978 877 ,
2034 820 2243 865 accur-

175 885 337 948 risse
365 887 630 947 Romam²
653 892 717 946 et
757 901 897 945 cum
936 885 1130 960 prima
1164 887 1304 946 luce
1340 886 1660 960 Pomponii
1705 888 1950 948 domum
1994 886 2241 949 venisse

174 970 414 1031 dicitur.
502 969 611 1033 Cui
651 985 837 1045 quum
879 976 1048 1030 esset
1088 968 1469 1042 nunciatum,
1526 969 1630 1045 qui
1679 969 1842 1031 illum
1883 971 2098 1034 iratum
2138 971 2238 1031 ad-

176 1058 441 1114 laun-um
477 1053 564 1113 ad*
597 1068 668 1113 se
708 1052 936 1128 aliquid
970 1059 1184 1113 eontra
1226 1060 1462 1128 patrem
1503 1053 1925 1126 arbitraretur,
1975 1051 2243 1115 surrexit

178 1155 214 1199 e
264 1137 489 1198 lectulo
548 1135 925 1211 remotisque
980 1135 1223 1197 arbitris
1286 1136 1365 1205 ad
1425 1152 1495 1196 se
1553 1136 2012 1197 adolescentem
2064 1134 2239 1198 iussit

177 1220 416 1281 venire.·
480 1222 564 1283 At
585 1218 714 1291 ille,
744 1226 814 1279 ut
838 1219 1157 1294 ingressus
1187 1222 1317 1292 es't,
1347 1218 1666 1280 confestim
1691 1218 1955 1295 gladium
1985 1217 2241 1279 destrin-

179 1304 269 1364 xit
285 1302 628 1377 iuravitque
659 1318 729 1362 se
768 1303 935 1363 illum
976 1302 1177 1364 statim
1218 1285 1703 1376 interfefiturum,
1756 1301 1873 1365 nisi
1910 1302 2005 1363 ius
2044 1300 2242 1363 iuran-

179 1389 323 1451 dum
356 1386 473 1449 sibi
502 1387 779 1451 dedisset
804 1403 873 1447 se
904 1392 1139 1462 patrem
1169 1385 1424 1448 missum
1448 1403 1591 1448 esse
1622 1388 1941 1448 *facturum
2020 1383 2242 1449 Iuravit

178 1473 302 1532 hoc
352 1480 589 1532 terrore
631 1476 883 1531 coactus
923 1468 1328 1546 Pomponium
1383 1487 1512 1531 rem
1555 1471 1643 1531 ad*
1683 1472 1980 1547 populum
2010 1466 2238 1541 detulit,

182 1554 392 1618 docuit
421 1570 535 1616 cur
566 1553 682 1614 sibi
713 1568 901 1614 eausa
932 1551 1232 1615 desistere
1264 1569 1526 1616 necesse
1552 1560 1750 1627 esset,
1782 1553 2070 1615 Manlium
2101 1549 2239 1612 mis·

182 1656 318 1701 sum
358 1637 516 1698 fecit.
584 1637 841 1698 Tantum
863 1639 1260 1713 ¹temporibus
1300 1636 1415 1697 illis
1459 1636 1562 1698 ius‘
1608 1638 1929 1701 iurandum
1980 1635 2236 1696 valebat.

180 1726 386 1798 Atque
426 1720 528 1781 hic
564 1721 628 1780 T.
661 1720 920 1782 Manlius
957 1718 1012 1780 is
1053 1727 1177 1792 est,
1231 1719 1334 1796 qui
1374 1721 1452 1781 ad
1488 1721 1788 1782 Anienem
1824 1719 2001 1792 Galli,
2059 1734 2239 1794 quem

181 1806 256 1868 ab
287 1822 364 1867 eo
396 1811 774 1882 provocatus
803 1803 1143 1877 occiderat,
1194 1809 1414 1880 torque
1446 1804 1719 1866 detracto
1766 1818 2111 1881 cognomen
2154 1799 2239 1866 in·

181 1889 375 1951 venit:
421 1888 597 1950 cuius
639 1888 817 1949 tertio
862 1887 1187 1956 consulatu
1230 1888 1424 1948 Latini
1463 1889 1542 1948 ad
1579 1887 1859 1950 Veserim
1900 1888 2019 1947 fusi
2057 1892 2119 1946 et
2154 1885 2241 1943 su-

92 2003 98 2008 ·
182 1972 335 2050 gati,
384 1989 645 2049 magnus
686 1972 778 2032 vir
814 1970 875 2031 in
907 1969 1115 2047 pnimis
1159 1978 1222 2031 et
1267 1970 1370 2046 qui
1413 1970 1847 2045 perindulgens
1892 1967 1953 2028 in
1988 1974 2238 2043 patrem,

182 2058 343 2120 idem
373 2057 597 2117 acerbe
629 2072 887 2117 severus
915 2054 977 2115 in
1008 2053 1216 2114 filium.

305 2141 545 2201 XXXII.
605 2139 741 2200 113.
825 2138 985 2212 Sed,
1045 2145 1117 2198 ut
1162 2136 1508 2197 laudandus
1558 2136 1832 2211 Regulus
1879 2134 1939 2195 in
1996 2147 2243 2194 conser-

181 2224 385 2285 vando
426 2222 560 2285 iure
597 2222 888 2295 iurando,
939 2221 1031 2282 sic
1062 2221 1277 2280 decem
1305 2218 1419 2295 illi,
1472 2236 1633 2295 quos
1673 2225 1820 2295 post
1864 2218 2244 2279 Cannensem

181 2319 452 2385 pugnam
497 2306 733 2369 iuratos
784 2305 864 2365 ad
917 2311 1198 2366 senatum
1250 2302 1411 2364 misit
1461 2303 1760 2364 Hannibal
1809 2319 1880 2364 se
1928 2300 1991 2362 in
2016 2304 2245 2360 ‘castra

181 2391 488 2454 redituros
517 2407 623 2464 ea,
658 2406 918 2465 quorum
949 2395 1123 2449 erant
1146 2387 1323 2463 potiti
1349 2386 1567 2460 Poeni,
1614 2385 1730 2448 nisi
1761 2386 1839 2447 de
1872 2380 2243 2447 redimendis

181 2474 441 2552 captivis
471 2472 1000 2551 impetravissent,
1043 2472 1096 2548 si
1128 2489 1252 2534 non
1292 2468 1634 2543 redierunt,
1673 2468 2075 2546 vituperandi.
2154 2466 2245 2527 De

182 2559 409 2636 quibus
438 2575 562 2620 non
597 2574 813 2619 omnes
843 2573 966 2617 uno
998 2556 1218 2617 modo:
1261 2570 1404 2614 nam
1433 2552 1754 2630 Polybius,
1799 2554 2002 2613 bonus
2032 2554 2247 2642 auctor

178 2643 239 2704 in
287 2640 527 2719 primis,
579 2646 696 2702 ‘ex
746 2641 962 2702 decem
1016 2636 1442 2710 nobilissimis,
1500 2635 1603 2711 qui
1655 2642 1784 2695 tum
1833 2641 2007 2695 erant
2054 2630 2244 2701 missi,

179 2742 411 2788 novem
436 2723 799 2799 revertisse,
853 2740 893 2784 a
916 2729 1137 2783 senatu
1169 2738 1239 2782 re
1273 2738 1398 2782 non
1426 2719 1775 2796 impetrata:
1819 2733 2007 2782 unum
2034 2731 2114 2775 ex
2142 2713 2244 2778 de-

181 2827 348 2883 cem,
400 2808 507 2885 qui
540 2810 745 2885 paullo
779 2813 923 2883 post
951 2822 1133 2881 quam
1166 2812 1297 2865 erat
1325 2820 1617 2879 egressus
1660 2818 1696 2863 e
1725 2799 1940 2863 castris
1977 2796 2242 2893 redisse*

182 2893 365 2971 quasi
391 2892 618 2969 aliquid
642 2889 813 2952 esset
842 2889 1085 2963 oblituS,
1114 2890 1350 2949 Romae
1370 2886 1761 2948 remansisse.
1835 2884 2059 2956 Reditu
2088 2895 2257 2943 emm

178 2995 239 3039 m
292 2982 501 3038 castra
545 2974 861 3036 liberatum
912 2990 984 3033 se
1036 2988 1179 3033 esse
1228 2971 1361 3032 iure
1406 2969 1666 3031 iurando
1713 2967 2245 3047 interpretabatur,

177 3078 304 3123 non
333 3066 543 3121 recte:
604 3060 770 3120 (raus
820 3055 978 3118 enim
1020 3053 1356 3131 distringit,
1414 3070 1539 3114 non
1588 3052 1874 3115 dissolvit
1894 3046 2251 3143 periurium·

177 3145 320 3206 Fuit
374 3143 560 3219 igitur
623 3143 808 3204 stulta
855 3137 1152 3202 calliditas
1214 3153 1509 3213 perverse
1566 3136 1794 3199 imitata
1841 3135 2247 3211 prudentiam.

179 3230 398 3303 ltaque
427 3227 706 3288 decrevit
744 3231 1000 3287 senatus
1033 3229 1103 3283 ut
1145 3222 1246 3286 ille
1279 3227 1593 3282 veterator
1624 3229 1686 3282 et
1724 3219 1978 3280 callidus
2004 3214 2249 3275 vinetus

176 3312 259 3373 ad
290 3309 694 3373 Hannibalem
726 3310 1070 3369 duceretur.
1163 3306 1301 3365 114.
1345 3303 1470 3364 Sed
1497 3303 1643 3363 illud
1674 3301 2021 3362 maximum.
2092 3296 2248 3384 octo

179 3395 499 3457 hominum
548 3391 712 3454 milia
751 3393 999 3453 tenebat
1031 3388 1362 3461 Hannibal,
1415 3403 1538 3447 non
1583 3398 1744 3459 quos
1775 3382 1840 3441 in
1882 3379 2012 3439 acie
2057 3384 2254 3449 cepis?

266 3495 380 3540 c1c.
414 3480 518 3541 IV.
547 3486 602 3541 3.
1802 3461 1841 3522 8
