2381 3723
174 104 302 169 208
969 103 1466 162 FRAGMENTA.
2187 113 2255 168 ,Β

178 257 288 308 suis
306 256 566 322 perpetuis
587 256 666 304 ius
695 255 938 306 dicerent:
977 271 1106 318 quae
1125 271 1206 305 res
1229 263 1456 305 cunctam
1475 254 1688 319 gratiam
1710 253 1988 305 ambitiosis
2010 257 2254 319 praetori·

181 326 307 385 bus,
344 324 589 386 quivarie
621 326 700 373 ius
723 324 892 375 dicere
914 324 1160 383 solebant,
1200 325 1565 389 adsueverant,⁴
1590 321 1807 371 sustulit.
1886 323 2028 373 Alias
2051 340 2252 390 quoque

182 392 468 459 complures
520 392 660 457 leges
698 392 955 444 Cornelius
992 392 1362 459 promulgavit,
1420 391 1603 456 quibus
1639 390 1867 454 plerique
1914 392 2140 458 collegae
2177 396 2252 442 in-

179 469 546 525 tercesseruntz
601 475 693 525 per
733 476 857 523 quas
891 462 1235 512 contentiones
1282 469 1416 511 totus
1458 473 1619 525 prope
1659 459 1943 510 tribunatus
1990 462 2099 511 eius
2140 476 2253 526 per-

182 538 323 581 actus
355 538 448 583 est.
1124 561 1139 566 -·

320 597 559 662 Sequenti
606 599 789 649 deinde
842 613 972 649 anno
1016 599 1096 647 Μ’.
1137 599 1335 663 Lepido
1385 598 1441 648 L.
1491 598 1722 647 Volcatio
1771 612 1934 658 coss.,
1986 613 2084 660 quo
2122 614 2253 649 anno

182 675 387 733 praetor
411 667 585 718 Cicero
617 666 736 726 fuit,
773 681 913 717 reum
940 667 1229 718 Cornelium
1266 667 1365 716 duo
1400 666 1582 717 fratres
1618 664 1831 716 Cominii
1870 666 1983 732 lege
2019 665 2253 719 Cornelia

182 737 249 785 de
284 737 547 786 maiestate
577 734 818 786 fecerunt.
894 736 1082 785 Detulit
1117 750 1300 786 nomen
1337 735 1575 793 Publius,
1614 736 1914 799 subscripsit
1951 732 2119 786 Gaius,
2192 737 2255 786 Et

182 819 337 867 quum
381 803 435 856 P.
477 803 683 854 Cassius
727 810 931 869 praetor
967 805 1161 855 decimo
1202 806 1316 863 die,
1369 812 1425 853 ut
1467 817 1578 853 mos
1625 809 1727 860 est,
1775 803 1957 854 adesse
2003 805 2252 865 iussisset,

181 887 344 935 eoque
382 874 464 923 die
499 873 612 937 ipse
648 887 748 923 non
786 872 1058 936 adfuisset,
1095 873 1210 925 'seu
1252 880 1490 924 avocatus
1535 879 1742 937 propter
1783 872 1979 936 publici
2017 870 2254 923 frumenti

181 955 356 990 curam
392 956 482 991 seu
528 942 815 1007 gratificans
855 958 970 1006 reo,
1023 943 1352 992 circumventi
1390 948 1507 991 sunt
1542 948 1658 991 ante
1692 940 1911 990 tribunal
1960 941 2067 991 eius
2105 955 2255 991 accu-

183 1017 377 1060 satores
413 1024 443 1059 a
491 1012 623 1059 notis
659 1025 924 1076 operarum
962 1010 1203 1074 ducibus,
1254 1011 1325 1060 ita
1370 1017 1426 1059 ut
1466 1024 1601 1059 mors
1638 1010 1988 1074 intentaretur,
2051 1012 2096 1059 si
2132 1019 2254 1061 mox

182 1092 282 1127 non
321 1079 636 1129 desisterent.
712 1079 871 1140 Quam
906 1081 1180 1144 perniciem
1216 1080 1307 1129 vix
1343 1078 1628 1144 effugerunt
1654 1079 1935 1128 interventu
1971 1079 2252 1141 consulum,

181 1148 271 1208 qui
308 1147 541 1197 advocati
580 1163 667 1197 reo
697 1148 1076 1202 descenderant.
1151 1149 1213 1198 Et
1246 1162 1400 1210 quum
1430 1148 1489 1196 in
1540 1146 1701 1197 scalas
1751 1147 1998 1210 quasdam
2036 1146 2254 1199 Cominii
2301 1167 2308 1170 ’

182 1214 465 1281 fugissent,
521 1215 682 1267 clausi
735 1218 788 1268 in
828 1225 1024 1268 noctem
1074 1217 1146 1267 ibi
1198 1232 1253 1267 se
1272 1216 1685 1276 occultaverunt,
1744 1216 1929 1266 deinde
1980 1228 2073 1280 per
2122 1224 2253 1266 tecta

182 1284 462 1334 vicinarum
499 1285 700 1335 aedium
748 1286 1082 1351 profugerunt
1118 1302 1183 1335 ex
1218 1286 1358 1338 urbe.
1431 1276 1638 1336 Pos'tero
1675 1284 1788 1345 die,
1843 1299 1996 1347 quum
2034 1284 2089 1333 P.
2133 1284 2256 1334 Gas-

180 1353 290 1401 sius
325 1353 613 1404 adsedisset
648 1360 697 1402 et
736 1355 874 1404 citati
910 1361 1229 1405 accusatores
1273 1368 1373 1407 non
1414 1355 1675 1412 adessent,
1732 1360 2021 1417 exemptum
2070 1363 2254 1404 nomen

180 1427 259 1470 est
295 1421 358 1470 de
392 1422 495 1470 reis
531 1420 766 1472 Cornelii.
838 1422 1053 1473 Cominii
1088 1429 1256 1473 autem
1291 1436 1477 1489 magua
1514 1422 1726 1472 infamia
1756 1422 2097 1488 flagraverunt
2131 1437 2253 1473 ven·

182 1488 377 1538 didisse
412 1489 665 1539 silentium
702 1499 887 1556 mgna
921 1493 1152 1555 pecunia.

320 1570 571 1635 Sequente
618 1573 801 1623 deinde
850 1589 981 1625 anno
1031 1578 1088 1628 L.
1150 1575 1294 1625 Cotta
1348 1575 1407 1628 L.
1448 1575 1700 1638 Torquato
1749 1590 1910 1634 coss.,
1979 1590 2076 1639 quo
2129 1575 2254 1626 haec

183 1641 343 1690 oratio
398 1656 427 1690 a
474 1640 709 1692 Cicerone
762 1645 1015 1708 praetorio
1065 1645 1201 1695 dicta
1256 1651 1357 1704 est,
1424 1659 1576 1708 quum
1631 1645 1798 1710 prima
1854 1658 1973 1709 pars
2025 1643 2090 1697 M.
2146 1644 2254 1693 Ma·

181 1706 362 1774 uilius,
414 1710 500 1773 qui
550 1711 791 1760 iudicium
845 1726 936 1776 per
990 1727 1258 1777 operarum
1300 1714 1455 1763 duces
1508 1713 1824 1772 turbaverat,
1878 1712 2060 1763 deinde
2115 1712 2252 1777 quod

179 1790 247 1826 cx
283 1774 338 1826 S.
376 1775 429 1826 C.
469 1792 599 1829 anno
638 1793 725 1829 cos
737 1814 1026 1830 .........
1071 1782 1456 1847 praesidebant,
1515 1791 1563 1832 et
1606 1782 1795 1831 iudicio
1826 1796 1924 1832 non
1961 1781 2253 1846 respondis-

180 1852 257 1897 set
301 1881 622 1899 ..........
691 1856 843 1911 atque
899 1859 1032 1901 esset
1090 1850 1386 1911 damnatus,
1443 1853 1774 1901 recreavisset
1830 1887 2220 1900 ............
2236 1889 2250 1913 ,

180 1916 284 1964 iam
319 1925 527 1982 accepta
543 1920 759 1983 pecunia
796 1918 974 1971 tollere
1010 1922 1079 1970 ait
1106 1955 1465 1970 ...........
1496 1919 1781 1970 Cornelium
1819 1920 1932 1986 lege
1954 1920 2250 1970 maiestatis.

180 2023 281 2075 Res
318 2035 429 2078 acta
457 2038 533 2078 est
562 2046 747 2097 magna
781 2031 1158 2098 exspectatione
1196 2044 1385 2095 paucos
1422 2038 1536 2079 ante
1582 2046 1665 2081 me
1701 1999 1737 2097 ἓ
1746 2065 2036 2080 .........
2070 2028 2254 2078 Corne-

180 2090 304 2159 lius,
351 2100 658 2160 ‘perterritus
694 2101 888 2150 Manilii
923 2101 1064 2151 exitu
1090 2134 1381 2150 .........
1420 2100 1473 2148 in
1504 2099 1751 2150 iudicium
1788 2096 2046 2162 adhibuit,
2100 2106 2153 2147 ut
2188 2112 2253 2147 ne

179 2161 370 2213 clamor
407 2167 612 2228 quidem
650 2169 785 2218 ullus
816 2170 879 2219 ab
917 2169 1179 2220 advocatis
1215 2169 1324 2218 eius
1358 2169 1586 2218 oriretur.

316 2245 563 2298 Dixerunt
595 2251 647 2299 in
684 2266 799 2301 eum
845 2252 1018 2303 infesti
1049 2253 1337 2303 testimonia
1370 2253 1629 2321 principes
1675 2252 1926 2313 civitatis,
1968 2251 2053 2315 qui
2089 2251 2254 2316 pluri-

178 2328 318 2363 mum
354 2319 404 2364 in
440 2324 618 2367 senatu
653 2326 905 2382 poterant,
945 2323 1005 2380 Q.
1044 2321 1370 2386 Hortensius,
1413 2322 1471 2382 Q.
1499 2320 1732 2381 Catulus,
1771 2319 1831 2378 Q.
1855 2319 2085 2369 Metellus
2111 2319 2252 2380 Pius,

175 2380 244 2431 Μ.
280 2380 551 2446 Lucullus,
607 2387 692 2440 Μ’.
733 2387 980 2452 Lepidus.
1050 2389 1301 2440 Dixerunt
1342 2397 1507 2440 autem
1547 2390 1669 2450 boc,
1724 2388 1919 2439 vidisse
1958 2404 2039 2449 se,
2096 2402 2252 2450 quum

178 2449 439 2501 Cornelius
489 2454 542 2502 in
585 2456 838 2505 tribunatu
885 2457 1113 2508 codicem
1149 2473 1243 2523 pro
1287 2459 1484 2509 Rostris
1533 2460 1644 2524 ipse
1677 2458 1934 2529 recitaret,
1966 2457 2102 2520 quod
2134 2463 2253 2506 ante

178 2517 464 2570 Cornelium
504 2538 650 2574 nemo
708 2525 890 2575 fecisse
938 2529 1330 2580 existimaretur.
1402 2527 1654 2577 Volebant
1704 2526 1869 2577 videri
1920 2541 1976 2576 se
2022 2524 2251 2576 iudicare

175 2600 288 2637 cam
321 2604 426 2641 rem
480 2606 663 2658 magno
719 2607 873 2658 opere
919 2597 985 2646 ad
1038 2598 1227 2645 crimen
1281 2597 1574 2646 imminutae
1626 2595 1904 2645 maiestatis
1952 2594 2251 2644 tribuniciae

175 2658 452 2720 pertinere:
492 2663 676 2712 etenim
712 2679 872 2728 prope
907 2665 1177 2716 tollebatur
1210 2665 1531 2727 intercessio,
1567 2665 1614 2717 si
1649 2665 1705 2714 id
1736 2663 1953 2713 tribunis
1988 2663 2250 2728 permitte-

175 2731 328 2774 retur.
401 2728 511 2781 Non
547 2738 743 2795 poterat
778 2747 966 2799 negare
1001 2733 1057 2784 id
1092 2732 1280 2784 factum
1319 2748 1475 2784 esse..
1498 2770 1511 2782 .
1531 2771 1545 2785 .
1590 2735 1639 2783 Is
1675 2748 1734 2783 eo
1771 2732 2029 2797 confugit,
2077 2739 2133 2781 ut
2169 2731 2249 2781 di-

176 2802 310 2872 ceret
355 2810 455 2846 non
508 2799 653 2859 ideo,
711 2802 848 2863 quod
894 2802 1051 2852 lectus
1104 2804 1171 2851 sit
1214 2802 1376 2853 codex
1419 2817 1449 2851 a
1485 2802 1705 2862 tribuno,
1763 2802 2078 2851 imminutam
2132 2813 2247 2849 esse

173 2861 494 2914 tribuniciam
532 2875 850 2931 potestatem.
927 2870 1034 2930 Qua
1069 2886 1189 2922 vero
1227 2878 1333 2920 arte
1369 2879 1417 2921 et
1453 2871 1663 2922 scientia
1693 2870 1963 2935 orationis,
2003 2870 2074 2917 ita
2109 2874 2162 2916 ut
2196 2875 2247 2917 et

174 2929 471 2995 dignitatem
545 2936 943 2989 clarissimorum
975 2940 1193 3000 civium,
1233 2946 1404 2990 contra
1437 2953 1564 3002 quos
1601 2939 1828 2999 dicebat,
1876 2952 1976 2989 non
2015 2935 2246 2996 violaret,

172 3004 222 3046 et
255 3006 422 3050 tamen
459 3007 757 3056 auctoritate
789 3023 961 3058 eorum
1005 3008 1139 3058 laedi
1174 3023 1312 3059 reum
1350 3023 1451 3059 non
1487 3016 1768 3075 pateretur,
1816 3015 2105 3069 quantaque
2138 3019 2246 3055 mo-

172 3066 430 3148 deratione
472 3086 577 3122 rem
624 3081 724 3123 tam
779 3077 1036 3127 difficilem
1090 3077 1208 3127 aliis
1243 3078 1559 3142 tractaverit,
1617 3076 1764 3127 lectio
1800 3077 1917 3141 ipsa
1948 3075 2241 3126 declarabit.

173 3135 529 3189 Adiumentum
566 3149 730 3192 autem
779 3143 982 3207 habuit,
1042 3146 1205 3210 quod,
1257 3146 1388 3196 sicut
1433 3147 1683 3207 diximus,
1740 3144 2002 3196 Cornelius
2044 3149 2247 3208 praeter

172 3200 463 3280 destrictum
518 3211 839 3275 propositum
893 3215 1137 3264 adversus
1189 3216 1476 3280 principum
1528 3215 1839 3264 voluntatem
1894 3219 2091 3263 caetera
2136 3210 2244 3260 vita

173 3266 300 3345 n1h1l
340 3272 551 3332 fecerat,
605 3280 741 3341 quod
789 3295 972 3345 magno
1024 3297 1176 3347 opere
1220 3284 1616 3349 improbaretur,
1670 3289 1961 3348 praeterea,
2013 3279 2148 3343 quod
2193 3286 2244 3329 et

175 3347 286 3396 ipse
322 3337 591 3406 Globulus,
630 3347 717 3409 qui
747 3348 1126 3415 intercesserat,
1178 3352 1352 3402 aderat
1389 3352 1621 3404 Cornelio
1654 3361 1702 3402 et
1736 3353 1871 3414 quod
1909 3351 2076 3416 ipsum
2115 3362 2243 3410 ‹1¹¹⁰-

2135 3507 2160 3520 l

191 3558 271 3590 hs.
