2381 3723
676 145 821 205 LIB.
852 147 947 205 nl.
994 146 1164 207 CAP.
1195 158 1387 210 2—4.
1435 157 1485 218 s.
1517 157 1643 211 9—
1657 158 1741 212 16.
2166 150 2247 214 83

175 293 346 368 tiam,
392 311 530 355 cum
562 295 782 358 virtute
814 313 1154 374 congruere
1195 315 1472 376 semper,
1519 308 1760 361 caetera
1801 306 2031 375 autem,
2089 319 2248 377 quae

175 379 516 440 secundum
547 387 824 441 naturam
866 392 1108 455 essent,
1152 383 1238 443 ita
1269 385 1502 460 legere,
1552 383 1605 444 si
1639 400 1713 443 ea
1766 383 1970 444 virtuti
2001 402 2124 445 non
2155 403 2248 446 re·

171 469 535 540 pugnarent.
557 484 562 487 ²
582 465 760 540 Quod
784 483 971 542 quum
993 465 1078 527 ita
1105 467 1213 540 sit,
1239 474 1455 545 putant
1477 467 1722 543 quidam
1746 467 1905 529 hanc
1933 484 2248 544 compara-

170 546 402 607 tionem
425 564 550 609 non
573 555 743 610 recte
764 549 1175 612 introductam
1198 567 1312 612 nec
1343 550 1590 613 omnino
1614 552 1695 612 de
1719 567 1793 613 eo
1820 567 2050 628 genere
2073 551 2249 628 quid—.

172 646 355 707 quam
382 632 887 709 praecipiendum
926 633 1136 696 fuisse.
1206 638 1412 711 Atque
1438 634 1587 697 illud
1618 635 1865 712 quidem
1895 636 2245 708 honestum,

172 715 340 790 quod
366 715 621 790 proprie
638 733 911 793 vereque
927 717 1172 793 dicitur,
1197 718 1256 780 id
1272 718 1331 780 in
1357 719 1734 795 sapientibus
1759 728 1859 782 est
1875 719 2025 783 solis
2040 737 2246 796 neque

169 815 205 859 a
221 797 449 859 virtute
472 798 677 860 divelli
697 817 987 876 umquam
1005 809 1231 878 potest,
1254 802 1313 864 in
1337 802 1410 863 iis
1434 809 1656 876 autem,
1681 804 1739 864 in
1762 803 1985 880 quibus
2004 803 2245 880 sapien·

167 881 251 943 tia
271 883 550 958 perfecta
572 901 696 945 non
721 891 848 959 est,
878 884 1082 962 ipsum
1106 885 1253 947 illud
1281 886 1524 961 quidem
1550 889 1889 962 perfectum
1917 889 2242 950 honestum

168 967 335 1027 nullo
366 968 585 1041 modo,
638 967 1064 1030 similitudines
1103 970 1349 1032 honesti
1380 986 1523 1032 esse
1558 979 1842 1046 possunt.
1935 972 2031 1031 14.
2075 973 2243 1032 Haec

168 1050 330 1110 enim
355 1049 607 1125 [omnia]
641 1051 873 1125 officia,
918 1053 997 1114 de
1020 1053 1244 1131 quibus
1274 1053 1369 1115 h1s
1393 1052 1560 1115 libris
1587 1053 2003 1129 disputamus,
2045 1053 2241 1116 media

168 1133 363 1195 Stoici
388 1137 729 1211 appellant:
782 1153 857 1197 ea
889 1137 1236 1201 communia
1277 1145 1424 1200 sunt
1456 1144 1519 1198 et
1560 1139 1682 1198 late
1705 1145 1944 1218 patent,
1997 1155 2153 1213 quae
2183 1144 2242 1198 et

167 1217 397 1294 ingenii
423 1218 694 1281 bonitate
719 1220 893 1282 multi
924 1222 1350 1298 adsequuntur
1389 1229 1451 1282 et
1476 1221 1920 1298 progressione
1944 1218 2242 1281 discendi.

165 1302 324 1362 illud
374 1309 579 1364 autem
632 1303 929 1380 officium,
989 1307 1158 1381 quod
1206 1313 1440 1367 rectum
1484 1304 1668 1366 iidem
1710 1305 2049 1382 appellant,
2107 1320 2242 1380 per-

168 1387 394 1448 lectum
429 1393 614 1462 atque
641 1388 990 1451 absolutum
1024 1397 1122 1452 est
1152 1398 1239 1463 et,
1289 1396 1356 1451 ut
1382 1389 1566 1451 iidem
1598 1387 1836 1462 dicunt,
1886 1404 2102 1450 omnes
2133 1403 2242 1447 nu·

170 1484 374 1531 meros
425 1470 612 1532 habet
657 1488 774 1534 nec
815 1480 1064 1549 praeter
1107 1473 1446 1551 sapientem
1496 1473 1719 1535 cadere
1759 1472 1820 1533 in
1871 1486 2242 1548 quemquam

165 1561 394 1632 potest.
488 1555 587 1616 15.
634 1557 827 1631 Quum
870 1564 1074 1618 autem
1118 1557 1348 1635 aliquid
1392 1565 1590 1618 aetum
1641 1564 1739 1620 est
1776 1556 1838 1617 in
1885 1572 2009 1632 quo
2041 1553 2243 1616 media

164 1638 377 1700 officia
444 1648 869 1715 compareant,
927 1640 990 1701 id
1020 1643 1326 1703 cumulate
1380 1641 1620 1703 videtur
1680 1657 1823 1702 esse
1880 1641 2240 1716 perrectum,

161 1730 507 1800 propterea
535 1724 704 1799 quod
735 1726 957 1800 vulgus
1003 1724 1153 1801 quid
1181 1725 1342 1787 absit
1379 1743 1416 1786 a
1447 1727 1721 1802 perfecto
1755 1742 1878 1786 non
1911 1726 2041 1784 sere
2067 1722 2241 1783 intel·

162 1806 324 1884 tigit:
372 1813 675 1883 quatenus
721 1814 927 1871 autem
967 1808 1272 1885 intelligit,
1325 1809 1468 1870 nihil
1504 1816 1676 1885 putat
1704 1805 2238 1886 praetermissum:

163 1892 339 1969 quod
368 1891 512 1953 item
544 1891 605 1952 in
635 1893 969 1968 poematis,
1002 1894 1061 1954 in
1090 1893 1342 1970 picturis
1365 1912 1485 1954 usu
1512 1893 1678 1953 venit
1699 1892 1758 1952 in
1790 1889 2047 1968 aliisque
2078 1907 2240 1952 eom-

161 1975 475 2053 pluribuS‚
534 1984 600 2036 ut
640 1976 1021 2038 delectentur
1065 1977 1325 2055 imperiti
1365 1977 1740 2050 laudentque
1773 1991 1874 2047 ea,
1929 1990 2085 2050 quae
2117 1975 2239 2066 lau·

163 2061 373 2121 danda
403 2076 529 2121 non
556 2059 707 2129 sint,
760 2061 839 2121 ob
870 2077 1033 2135 eam,
1082 2063 1304 2134 credo,
1349 2075 1630 2134 causam,
1676 2058 1846 2134 quod
1876 2054 2019 2118 insit
2059 2055 2119 2115 in
2165 2071 2238 2113 ns

163 2143 398 2220 aliquid
441 2143 621 2220 probi
653 2145 822 2218 quod
856 2145 1059 2222 capiat
1084 2146 1368 2220 ignaros,
1415 2142 1519 2219 qui
1563 2142 1811 2218 quidem
1854 2139 2000 2217 quid
2027 2139 2088 2199 in
2117 2153 2242 2199 una

165 2244 417 2304 quaque
471 2244 541 2288 re
589 2226 717 2288 vitii
765 2227 845 2289 sit
888 2235 1200 2305 nequeant
1243 2227 1535 2288 iudicare.
1607 2229 1820 2302 Itaque
1865 2241 2052 2301 quum
2097 2227 2241 2285 sunt

165 2311 334 2373 docti
372 2328 412 2371 a
456 2310 696 2388 peritis,
743 2312 1048 2375 desistunt
1078 2312 1256 2372 facile
1299 2310 1616 2373 sententia.
1706 2312 1807 2371 lv.
1852 2310 2020 2370 Haec
2057 2306 2242 2383 igitur

165 2396 403 2469 officia,
439 2396 517 2456 de
549 2393 772 2473 quibus
802 2395 897 2458 his
926 2395 1094 2458 libris
1123 2395 1487 2458 disserimus
1505 2442 1521 2469 ‚
1555 2394 1731 2472 quasi
1761 2394 2034 2457 secunda
2057 2406 2240 2468 quae-

165 2479 309 2540 dam
330 2480 596 2542 honesta
628 2496 769 2541 esse
793 2480 1031 2554 dicunt,
1067 2497 1190 2542 non
1224 2480 1589 2556 sapientium
1612 2478 1797 2540 modo
1823 2476 2092 2554 propria,
2126 2473 2240 2535 sed

170 2579 308 2624 cum
336 2563 504 2624 omni
524 2562 837 2625 hominum
860 2581 1089 2642 genere
1107 2563 1471 2626 communia.
1530 2562 1625 2623 16.
1670 2564 1884 2637 Itaque
1905 2559 1980 2621 iis
2005 2572 2239 2627 omneS‚

162 2646 223 2707 in
277 2646 504 2724 quibus
558 2654 653 2708 est
706 2647 947 2709 virtutis
1008 2647 1281 2722 indoleS‚
1345 2654 1830 2709 commoventur.
1918 2645 2042 2703 Nec
2091 2654 2237 2700 vero

166 2748 359 2807 quum
389 2731 515 2792 duo
550 2731 717 2791 Decii
750 2739 854 2793 aut
878 2734 999 2793 duo
1034 2732 1357 2809 Scipiones
1388 2732 1579 2792 fortes
1610 2727 1726 2788 viri
1758 2738 2236 2788 commemoran-

165 2825 266 2876 tur
295 2821 404 2875 aut
435 2833 623 2891 quum
658 2815 971 2878 Fabricius
1002 2823 1107 2877 aut
1140 2815 1445 2877 Aristides
1485 2812 1685 2875 iustus
1717 2811 2095 2905 nominatum·
2138 2813 2244 2867 aut

164 2898 393 2960 abillis
425 2897 793 2961 fortitudinis
834 2910 940 2962 aut
966 2900 1044 2960 ab
1096 2900 1189 2961 his
1229 2897 1493 2962 iustitiae
1533 2903 1843 2972 tamquam
1888 2912 1927 2957 a
1963 2898 2241 2970 sapiente

161 2982 398 3059 petitur
445 2984 811 3059 exemplum.
884 2986 1076 3046 Nemo
1110 2982 1268 3044 enim
1315 2983 1534 3043 horum
1575 2980 1666 3042 sic
1711 2979 1993 3058 sapiem,
2035 2985 2104 3038 ut
2125 2990 2240 3071 ‘sa-

162 3066 440 3143 pientem
488 3069 775 3130 volumus
821 3067 1100 3143 intelligi,
1152 3083 1266 3127 nec
1293 3065 1387 3139 hi,
1448 3064 1552 3141 qui
1593 3064 1904 3143 sapientes
1957 3060 2241 3152 habiti-et

162 3148 492 3224 nominati,
542 3150 621 3210 Μ.
657 3152 803 3213 Cato
849 3160 911 3213 et
942 3153 1004 3213 C.
1036 3152 1310 3222 LaeliuS,
1365 3150 1676 3226 sapientes
1724 3150 1994 3216 fuerunt,
2048 3159 2127 3238 ne
2159 3140 2242 3235 ¹¹.¹¹

164 3234 415 3310 quidem
448 3242 717 3309 septem,
769 3236 879 3296 sed
915 3252 996 3296 ex
1026 3234 1367 3296 mediorum
1402 3233 1745 3295 officiorum
1778 3233 2120 3322 Frequentla
2163 3239 2240 3282 sl·

163 3315 567 3380 militudinem
637 3320 967 3394 quamdam
1029 3320 1328 3396 gerebant
1392 3316 1792 3393 speciemque
1854 3315 2238 3384 sapientium.

168 3403 265 3463 ¹7.
316 3402 621 3476 Quocirca
650 3419 767 3463 nec
794 3401 887 3476 id,
931 3403 1098 3479 quod
1139 3417 1284 3461 vere
1324 3400 1653 3460 honestum
1684 3401 1828 3530 θεὲ*
1849 3394 1942 3450 fas
1975 3395 2070 3447 est
2104 3399 2238 3443 cum
