2381 3723
128 175 202 231 19
856 164 1360 225 FRAGMENTA.
1492 155 1518 182 ¹⁹
2082 165 2213 227 209

120 333 230 381 que
285 317 537 377 diximus,
596 314 732 378 quod
768 313 1032 367 Cornelius
1077 316 1308 381 Pompeii
1352 316 1524 382 Magni
1577 323 1813 380 quaestor
1857 315 2020 365 fuerat
2071 318 2211 384 apud

124 388 260 437 duas
288 419 685 435 ............
713 384 1057 465 praefecturas
1077 387 1301 448 equitum
1344 386 1686 435 Romanorum
1727 392 1777 433 et
1815 386 2017 434 tribuno
2048 421 2199 436 .....

137 489 362 505 .......
413 464 462 505 et
499 468 565 503 ex
619 453 766 503 tertia
800 468 1001 515 quoquc
1035 464 1180 535 parte
1210 488 1223 503 .
1245 490 1257 503 .
1280 488 1293 505 .
1314 489 1327 503 .
1347 489 1361 503 .
1381 490 1395 504 .
1418 489 1431 503 .
1451 489 1464 503 .
1486 489 1500 503 .
1520 490 1534 504 .
1554 490 1568 504 .
1589 489 1602 503 .
1631 453 1770 520 apud
1790 440 2076 518 plerosque
2121 470 2210 504 ex-

122 524 296 589 ceptis
332 523 396 572 iis
426 557 681 572 ........
713 519 983 572 familiaris
1014 522 1303 587 principum
1340 523 1576 576 civitatis.

269 607 372 656 Res
404 615 516 657 acta
552 613 630 656 est
659 620 847 671 magno
882 615 1132 657 conventu
1168 622 1457 672 magnaque
1476 606 1891 673 exspectatione,
1924 606 2039 668 quis
2059 620 2214 656 even-

122 682 212 725 tus
269 676 448 726 iudicii
501 675 700 724 futurus
748 682 883 725 esset
935 710 1297 726 ...........
1376 679 1418 725 Α
1468 676 1682 727 summis
1734 674 1858 724 viris
1913 674 2017 725 dici
2072 676 2214 726 testi-

129 746 357 794 monium
412 778 669 794 ........
734 751 784 794 et
828 743 908 805 id,
966 745 1104 806 quod
1155 746 1204 794 ei
1251 744 1501 806 dicerent,
1569 744 1794 796 confiteri
1844 743 2212 793 animadverte-

128 813 273 864 bant.
360 812 538 862 Exstat
593 813 753 863 oratio
801 809 1018 862 Cominii
1069 814 1407 873 accusatoris,
1478 829 1628 877 quam
1676 825 1876 862 sumere
1924 813 1976 861 in
2032 827 2212 862 manus

126 889 213 931 est
259 881 469 944 aliquod
513 893 700 945 operae
744 880 972 945 precium
1019 894 1120 931 non
1167 881 1332 933 solum
1379 890 1583 948 propter
1628 881 1887 932 Ciceronis
1936 881 2211 940 orationes,

124 963 260 1012 quas
297 964 390 1014 pro
420 949 653 1000 Cornelio
686 948 962 1007 habemus,
1009 950 1104 1000 sed
1140 951 1292 1000 etiam
1340 959 1547 1015 propter
1581 958 1741 1001 semet
1776 949 1960 1013 ipsam.
2036 948 2212 999 Cicero

127 1018 246 1082 ipse
282 1018 537 1083 significat
581 1018 865 1080 quadriduo
902 1016 1192 1068 Cornelium
1239 1017 1557 1081 defendisse,
1613 1033 1739 1084 quas
1775 1017 2001 1066 actiones
2039 1026 2215 1067 contu-

128 1085 257 1202 lisse
305 1101 419 1136 eum
467 1087 519 1135 in
554 1086 681 1136 duas
728 1085 978 1136 orationes
1027 1094 1259 1152 apparet.
1334 1087 1581 1138 Iudicium
1629 1089 1682 1137 id
1732 1085 1958 1138 exercuit
1995 1084 2055 1147 Q.
2094 1084 2213 1135 Gal-

152 1167 235 1204 lus
269 1161 492 1221 praetor.

647 1343 840 1398 VERS.
879 1346 925 1395 A
961 1341 1162 1393 PRIMO
1196 1340 1499 1392 cchl'rER
1536 1341 1703 1392 CLXI.

270 1440 324 1498 1.
366 1440 719 1501 Postulatur
758 1457 858 1501 me
914 1446 1199 1516 praetore
1259 1437 1517 1514 primum
1575 1438 1653 1497 de
1702 1438 1979 1514 pecuniis
2039 1457 2213 1518 repe·

132 1521 367 1584 tundis.
443 1522 810 1600 Prospectat
851 1522 1135 1583 videlicet
1169 1521 1481 1583 Cominius
1529 1520 1676 1597 quid
1718 1530 1950 1597 agatur.
2021 1525 2210 1585 Vide-

134 1606 279 1668 licet
309 1606 588 1669 homines
622 1609 884 1669 soeneos
914 1606 972 1668 in
1006 1605 1273 1666 medium
1309 1606 1386 1665 ad
1426 1606 1842 1681 temptandum
1876 1607 2210 1682 periculum

135 1689 468 1768 proiectos.

263 1773 321 1833 2.
369 1773 564 1850 Quid?
624 1777 905 1836 Metellus
949 1790 1187 1835 summa
1229 1772 1543 1834 nobilitate
1591 1789 1664 1834 ac
1710 1774 1970 1847 virtute,
2024 1791 2212 1850 quum

135 1857 231 1920 bis
258 1856 542 1934 iurasset,
567 1860 758 1921 semel
779 1856 1058 1936 privatim
1098 1865 1136 1931 †
1160 1856 1440 1935 privatim
1472 1864 1643 1932 patre
1666 1856 1912 1933 publice
1931 1858 2083 1932 legis
2110 1858 2214 1918 de-

134 1943 335 2004 iectus
365 1951 462 2004 est
489 1943 758 2005 ratione:
804 1960 881 2004 an
909 1941 968 2002 vi
990 1960 1065 2003 an
1099 1941 1229 2002 veri
1256 1983 1783 2002 .............
1809 1940 2214 2016 suspitionem

136 2024 319 2086 animi
347 2027 505 2087 tollit
531 2070 875 2089 .........
908 2027 1103 2087 virtus
1135 2041 1210 2085 ac
1245 2024 1539 2099 dignitaS‚
1585 2030 1647 2084 et
1676 2025 1744 2100 Q.
1776 2022 2000 2083 Metelli
2036 2067 2211 2083 .....

136 2152 409 2170 .......
461 2109 882 2173 adolescentia
938 2110 1016 2169 ad
1041 2125 1342 2170 summam
1395 2108 1637 2167 laudem
1694 2107 1976 2168 omnibus
2027 2107 2213 2167 rebus

137 2200 373 2254 ornata.

265 2276 325 2336 3.
370 2278 628 2352 Legem,
678 2275 906 2353 inquit,
961 2277 1040 2337 de
1080 2273 1501 2335 libertinorum
1544 2274 1854 2350 suffragiis
1898 2273 2215 2335 Cornelius

139 2359 204 2419 C.
246 2359 492 2421 Manilio
543 2360 729 2421 dedit.
802 2360 956 2435 Quid
1002 2367 1101 2420 est
1139 2360 1291 2431 hoc,
1336 2361 1551 2419 naon?
1612 2364 1708 2418 An
1744 2358 1882 2419 tulit
1922 2375 1999 2418 an
2039 2374 2215 2432 roga-

141 2443 230 2503 vit
270 2459 348 2503 an
372 2445 653 2505 hortatus
679 2446 817 2505 est?
868 2445 1016 2503 Nam
1049 2443 1266 2504 tulisse
1302 2442 1619 2503 ridiculum
1653 2450 1775 2517 est,
1810 2443 1986 2518 quasi
2018 2444 2213 2516 legem

139 2524 404 2602 aliquam
441 2536 546 2589 aut
577 2528 653 2587 ad
703 2527 1095 2588 scribendum
1136 2525 1444 2585 difficilem
1484 2533 1590 2586 aut
1631 2527 1710 2585 ad
1743 2526 2217 2600 excogitandum
2323 2541 2330 2547 ·
2376 2514 2381 2531 ⁴

142 2611 551 2671 reconditam:
613 2627 773 2688 quae
817 2613 918 2671 lex
962 2609 1173 2686 paucis
1220 2608 1314 2668 his
1346 2608 1521 2668 annis
1565 2625 1687 2668 non
1734 2610 1921 2669 modo
1967 2608 2216 2682 scripta,

143 2693 257 2753 sed
284 2694 466 2755 etiam
499 2696 618 2754 lata
651 2701 839 2755 esset.

263 2780 323 2838 4.
368 2780 435 2838 In
483 2795 605 2853 quo
647 2795 834 2853 quum
880 2778 1066 2837 multa
1117 2776 1496 2851 reprehensa
1534 2780 1679 2834 sunt
1725 2779 1849 2832 tum
1902 2772 1963 2833 in
2009 2772 2219 2847 primis

139 2860 426 2922 celeritas
456 2860 733 2923 actionis

265 2945 325 3005 5.
369 2945 590 3006 Petivit
641 2953 841 3006 tamen
886 2960 921 3003 a
967 2960 1063 3005 me
1106 2952 1279 3018 pater
1319 2940 1583 3003 maxima
1625 2939 2105 3013 contestatione,
2154 2948 2220 3000 ut

140 3041 394 3089 causam
423 3027 652 3090 Manilii
687 3028 1102 3088 defenderem.

822 3158 984 3197 VEns.
1026 3159 1068 3196 A
1110 3158 1280 3197 muno
1324 3156 1534 3196 DCCCCL.

269 3235 328 3294 6.
372 3237 522 3296 Nam
560 3253 748 3311 quum
794 3234 849 3296 is
892 3235 1176 3296 tribunus
1219 3233 1416 3311 plebis
1461 3235 1615 3295 duas
1661 3235 1833 3307 leges
1877 3228 2121 3291 tulisset
2159 3229 2218 3290 in

139 3336 216 3380 eo
245 3318 635 3395 magistratu,
667 3336 851 3379 unam
879 3317 1309 3396 perniciosam,
1339 3320 1589 3379 alteram
1616 3313 1953 3391 egregiam.
1998 3313 2221 3389 †quod

140 3402 796 3549 suigilrgialrsessspublica
825 3420 951 3464 non
984 3403 1212 3476 haesit,
1256 3402 1368 3462 sed
1398 3402 1475 3461 ab
1505 3400 1608 3460 illo
1635 3397 1882 3540 ίρε1ο4ιτ.
1914 3397 2222 3458 abiectum

2227 3584 2255 3608 A
