2381 3723
80 109 196 172 180
875 108 1351 169 PARADOXON
2082 120 2152 175 64

72 278 274 339 neque
304 258 465 320 enim
491 268 587 322 est
620 263 810 321 ullum
839 260 1102 332 bonum,
1135 261 1213 321 de
1248 277 1370 334 quo
1405 277 1529 321 non
1561 260 1644 334 is,
1681 258 1784 335 qui
1814 260 1875 320 id
1905 262 2148 335 habeat,

71 348 333 407 honeste
356 345 559 421 possit
579 344 845 420 gloriari.
917 344 1071 419 Quid
1105 351 1306 404 autem
1345 351 1442 404 est
1461 345 1680 404 horum
1704 343 1765 403 in
1794 345 2152 421 voluptate?

70 429 464 491 Melioremne
514 428 702 488 efficit
742 435 847 489 aut
897 426 1358 488 laudabiliorem
1404 426 1644 488 virum?
1697 443 1774 486 an
1823 428 2147 504 quisquam

70 515 127 574 in
183 512 496 589 potiundis
541 512 958 587 voluptatibus
1002 511 1325 587 gloriando
1385 527 1529 571 sese
1582 517 1644 572 et
1686 512 2149 586 praedicatione

70 597 287 657 effert?
315 596 504 671 Atqui
528 595 580 656 si
604 598 908 671 voluptas,
941 612 1101 671 quae
1125 594 1522 672 plurimorum
1547 593 1905 671 patrociniis
1942 596 2148 656 defen·

69 681 259 752 ditur,
290 679 349 740 in
375 681 562 739 rebus
603 678 782 740 bonis
812 680 1094 739 habenda
1124 685 1404 751 nonest,
1439 696 1635 755 eaque
1663 695 1787 755 quo
1813 686 1910 739 est
1934 679 2145 752 maior,

68 781 143 825 eo
177 761 367 839 magis
391 772 650 822 mentem
690 780 724 823 e
755 780 868 824 sua
893 764 1044 824 sede
1075 771 1136 823 et
1158 769 1321 824 statu
1348 763 1667 836 demovet,
1702 764 1981 838 profecto
2002 762 2144 824 nihil

66 854 165 907 est
193 847 355 907 aliud
386 848 544 910 bene
574 854 636 907 et
662 847 843 907 beate
873 846 1084 907 vivere
1117 845 1236 907 nisi
1267 847 1529 908 honeste
1562 853 1624 906 et
1646 853 1813 907 recte
1847 845 2077 907 vivere.

754 1029 1070 1090 PARAD
1095 1027 1338 1090 OXON
1384 1030 1453 1088 11.

215 1131 360 1198 Ὅτι
395 1128 728 1217 αὐτάρκης
758 1132 799 1218 ἡ
830 1126 1043 1216 ἆρετῆ
1065 1130 1235 1218 πρὸς
1278 1129 1729 1217 εὐδαιμονίαν.

233 1223 342 1301 [In
373 1240 488 1298 quo
517 1226 700 1283 virtus
727 1228 829 1298 sit,
869 1227 929 1284 ei
954 1225 1108 1284 nihil
1132 1224 1332 1284 deesse
1360 1224 1446 1283 ad
1476 1224 1640 1283 beate
1667 1224 2017 1301 vivendum]

106 1387 113 1391 -
197 1350 292 1411 16.
338 1349 463 1408 Nec
505 1366 652 1409 vero
701 1366 818 1425 ego
854 1350 936 1410 Μ.
966 1350 1270 1425 Regulum
1310 1364 1748 1410 aerumnosum
1792 1365 1907 1408 nec
1951 1347 2140 1409 infeli-

65 1450 196 1494 cem
239 1448 355 1492 nec
406 1430 697 1492 miserum
751 1449 1040 1509 umquam
1083 1431 1311 1508 putavi.
1390 1433 1525 1493 Non
1576 1432 1733 1492 enim
1784 1431 2138 1507 magnitudo

64 1515 243 1576 animi
286 1515 419 1577 eius
469 1515 853 1577 cruciabatur
900 1534 936 1576 a
971 1515 1220 1588 Poenis,
1280 1533 1402 1576 non
1435 1514 1736 1591 gravitaS,
1794 1531 1916 1575 non
1961 1516 2141 1590 fideS,

64 1617 189 1660 non
226 1598 604 1670 constantia,
654 1616 777 1660 non
814 1601 937 1660 ulla
968 1600 1195 1672 virtuS,
1245 1615 1369 1660 non
1402 1598 1666 1674 denique
1705 1597 1940 1659 animus
1969 1598 2136 1676 ipse:

65 1681 166 1758 qui
197 1690 290 1743 tot
316 1681 608 1743 virtutum
640 1683 948 1759 praesidio
994 1691 1291 1759 tantoque
1325 1682 1642 1756 comitatu,
1692 1700 1879 1758 quum
1911 1700 2136 1760 corpus

65 1766 196 1828 eius
234 1772 589 1841 caperetur,
629 1766 764 1843 capi
799 1774 965 1829 certe
996 1766 1131 1844 ipse
1162 1784 1284 1828 non
1322 1765 1536 1844 potuit.
1610 1766 1673 1826 C.
1710 1784 1855 1827 vero
1882 1767 2137 1827 Marium

16 1874 23 1885 ·
63 1848 360 1925 vidimus,
409 1848 513 1927 qui
542 1849 683 1911 mihi
728 1851 1017 1913 secundis
1055 1853 1241 1914 rebus
1272 1869 1433 1913 unus
1475 1868 1552 1913 ex
1588 1849 1911 1912 fortunatis
1953 1850 2139 1911 homi·

64 1935 275 2005 nibuS,
329 1934 610 1996 adversis
642 1953 802 1996 unus
844 1953 923 1998 ex
959 1936 1213 1997 summis
1247 1935 1397 1996 viris
1437 1935 1787 2008 videbatur,
1841 1952 1964 2011 quo
1997 1935 2141 1995 bea-

63 2019 182 2080 tius
226 2036 371 2081 esse
419 2018 655 2081 mortali
700 2018 844 2079 nihil
882 2027 1109 2096 potest.
1206 2022 1301 2079 17.
1343 2018 1591 2092 Nescis,
1641 2018 1886 2090 insane,
1936 2017 2139 2079 nescis

67 2111 329 2178 quantas
348 2120 512 2164 vlres
538 2103 732 2164 virtus
763 2103 1014 2166 habeat:
1063 2120 1287 2165 nomen
1319 2110 1550 2164 tantum
1580 2101 1819 2163 virtutis
1851 2118 2139 2177 usurpaS,

69 2186 212 2261 quid
266 2187 400 2261 ipsa
450 2188 654 2245 valeat
703 2185 974 2262 ignoras.
1062 2189 1252 2248 Nemo
1312 2195 1518 2262 potest
1566 2203 1690 2246 non
1747 2184 2138 2247 beatissimus

67 2286 239 2342 esse,
274 2269 378 2346 qui
409 2277 503 2329 est
533 2276 700 2330 totus
732 2278 911 2343 aptus
943 2288 1023 2330 ex
1054 2287 1198 2331 sese
1230 2270 1458 2346 quique
1486 2268 1547 2330 in
1580 2286 1650 2330 se
1677 2286 1801 2331 uno
1829 2286 1942 2330 sua
1967 2268 2140 2345 ponit

68 2353 292 2413 omnia.
367 2351 473 2412 Cui
514 2369 661 2427 spes
695 2353 896 2412 omnis
939 2360 1002 2414 et
1029 2354 1183 2414 ratio
1217 2361 1279 2415 et
1312 2353 1597 2429 cogitatio
1646 2355 1875 2429 pendet
1909 2370 1987 2413 ex
2020 2355 2136 2414 for·

66 2442 232 2507 tuna,
256 2434 397 2495 huic
422 2434 562 2495 nihil
591 2443 798 2509 potest
821 2453 963 2497 esse
989 2436 1136 2497 certi
1161 2436 1303 2498 nihil
1325 2438 1492 2513 quod
1518 2439 1900 2513 exploratum
1920 2436 2143 2497 habeat

70 2536 537 2595 permansurum
572 2519 686 2580 sibi
709 2537 898 2580 unum
932 2520 1111 2580 diem.
1184 2522 1338 2581 Eum
1374 2528 1436 2582 tu
1465 2520 1771 2582 hominem
1795 2527 2055 2593 terreto,
2088 2518 2140 2579 si

70 2619 246 2678 quem
281 2602 403 2663 eris
439 2611 655 2664 nactus
687 2602 862 2664 istius
888 2602 1085 2677 modi,
1124 2603 1338 2665 mortis
1366 2612 1471 2665 aut
1503 2602 1698 2666 exsilii
1728 2603 1925 2664 minis.
1997 2602 2141 2663 Mihi

71 2704 217 2748 vero
249 2685 548 2763 quidquid
579 2686 870 2747 acciderit
898 2687 957 2747 in
983 2695 1104 2746 tam
1134 2687 1372 2763 ingrata
1402 2686 1675 2760 civitate,
1722 2704 1801 2747 ne
1834 2686 2144 2747 recusanti

70 2770 313 2844 quidem
358 2771 662 2845 evenerit,
714 2787 838 2831 non
881 2771 1066 2831 modo
1121 2788 1244 2830 non
1296 2770 1679 2847 repugnanti.
1771 2770 1924 2846 Quid
1983 2769 2142 2830 enim

69 2870 185 2927 ego
218 2854 493 2913 laboravi
533 2861 639 2915 aut
670 2854 813 2929 quid
848 2853 945 2928 egi
974 2857 1167 2914 aut-in
1216 2871 1336 2929 quo
1382 2855 1826 2930 evigilaverunt
1866 2869 2047 2915 curae
2080 2859 2145 2911 et

71 2935 472 3012 cogitationes
504 2954 712 3009 meae,
768 2935 821 2998 si
853 2936 1100 3013 quidem
1137 2937 1283 2997 nihil
1322 2937 1534 3013 peperi
1555 2940 1705 3012 tale,
1741 2937 1884 2997 nihil
1927 2952 2145 2998 conse-

70 3029 247 3081 cutus
281 3037 449 3094 sum,
506 3030 575 3081 ut
609 3038 683 3081 eo
718 3028 879 3082 statu
907 3038 1140 3093 essem,
1186 3038 1371 3096 quem
1402 3037 1605 3098 neque
1650 3024 1929 3081 fortunae
1960 3030 2143 3081 teme·

69 3103 215 3165 ritas
247 3121 449 3180 neque
481 3103 862 3164 inimicorum
898 3105 1296 3165 labefactaret
1324 3104 1576 3165 iniuria?
1668 3102 1761 3164 18.
1805 3107 2147 3165 Mortemne

70 3186 213 3244 mihi
242 3187 561 3260 minitaris,
597 3195 665 3248 ut
694 3186 942 3249 omnino
982 3188 1057 3247 ab
1090 3186 1470 3260 hominibus,
1518 3205 1593 3248 an
1626 3186 1939 3262 exsilium,
1972 3195 2040 3247 ut
2069 3187 2146 3245 ab

70 3266 367 3345 improbis
409 3270 873 3347 demigrandum
906 3270 1023 3333 sit?
1091 3274 1260 3333 Mors
1300 3270 1581 3332 terribilis
1613 3279 1711 3332 est
1742 3271 1843 3346 iis,
1882 3286 2145 3346 quorum

75 3364 210 3407 cum
245 3349 366 3409 vita
399 3352 603 3413 omnia
633 3352 1132 3428 exstinguuntur,
1176 3373 1296 3416 non
1328 3355 1431 3431 iis,
1479 3374 1737 3431 quorum
1785 3358 1916 3415 laus
1951 3352 2144 3415 emori

75 3446 198 3490 non
228 3439 465 3506 potest:
512 3436 789 3496 exsilium
822 3444 1021 3497 autem
1045 3437 1117 3499 iis
1137 3486 1151 3508 ,
1186 3440 1408 3515 quibus
1441 3440 1615 3515 quasi
1648 3437 2146 3514 circumscriptus
