2381 3723
186 142 313 205 262
973 140 1475 204 FRAGMENTA.
2195 151 2263 207 72

186 301 287 355 tur
326 293 758 355 benevolentia
805 309 921 353 nec
968 291 1166 354 minus
1214 291 1600 368 obsequium.
1689 291 1843 368 Quin
1891 292 2068 354 etiam
2115 293 2263 356 fide-

186 378 305 438 lius
350 395 531 453 quam
576 378 744 453 prius
797 376 1032 438 servire
1081 376 1362 449 student,
1414 376 1520 451 qui
1569 375 2021 449 convaluerint,
2077 395 2263 454 quum

188 467 284 522 est
316 461 520 536 aegris
562 460 832 522 adhibita
871 459 1198 535 diligentia.
1282 471 1686 539 [Columella
1734 473 1824 523 lib.
1874 472 1988 524 ΧΠ.
2046 489 2159 540 cap.
2215 475 2264 529 1.

194 563 244 622 S
272 556 426 623 5qu

312 627 370 687 6.
417 639 805 707 [Xenophon
843 640 977 692 Oec:
997 656 1110 706 cap.
1150 640 1202 691 8.
1240 642 1291 703 3.
1332 636 1514 705 2-4.]
1601 624 1751 685 Nam
1783 616 1961 685 Vetus
1993 633 2109 687 est
2125 644 2263 702 pro-

188 709 462 771 verbium
492 715 917 786 paupertatem
958 707 1358 770 certissimam
1397 722 1571 781 esse,
1607 725 1792 783 quum
1824 707 2080 769 alicuius
2111 710 2263 771 indi·

187 810 367 870 geaS,
397 792 485 853 uti
515 809 591 853 eo
618 810 743 854 non
776 810 994 869 posse,
1027 791 1168 869 quia
1196 791 1530 867 ignoretur,
1561 791 1666 852 ubi
1698 790 2040 866 proiectum
2069 792 2269 855 iaceat,

189 877 358 952 quod
389 876 793 937 desideretur.
855 878 1070 952 Itaque
1107 875 1168 935 in
1210 891 1276 935 re
1312 874 1587 935 familiari
1617 875 1985 938 laboriosior
2028 882 2127 938 est
2157 894 2265 938 ne·

185 959 474 1036 gligentia
506 976 687 1035 quam
719 960 1042 1035 diligentia.
1110 959 1258 1034 Quis
1291 957 1448 1018 enim
1493 957 1728 1020 dubitet
1767 958 1909 1019 nihil
1952 976 2098 1022 esse
2133 963 2265 1037 pul-

187 1042 349 1105 crius
413 1044 474 1103 in
535 1043 699 1104 omni
760 1044 997 1107 ratione
1063 1042 1227 1102 vitae
1296 1041 1705 1118 dispositione
1762 1049 1948 1118 atque
2007 1042 2265 1106 ordine?

187 1128 365 1203 Quod
395 1126 572 1188 etiam
596 1127 844 1190 ludicris
873 1124 1245 1204 spectaculis
1270 1124 1412 1185 licet
1442 1141 1633 1202 saepe
1665 1141 2068 1200 cognoscere.
2110 1127 2264 1188 Nam

185 1211 291 1272 ubi
321 1211 548 1272 chorus
583 1212 925 1273 canentium
963 1227 1085 1271 non
1121 1210 1201 1269 ad
1243 1214 1446 1269 certos
1486 1211 1708 1271 modos
1754 1226 1958 1286 neque
1989 1210 2265 1273 numeris

188 1294 536 1371 praeeuntis
568 1294 842 1370 magistri
873 1292 1219 1365 consensit,
1256 1292 1578 1354 dissonum
1616 1292 1903 1367 quiddam
1944 1309 2018 1354 ac
2048 1297 2264 1356 tumul·

184 1385 428 1438 tuosum
462 1378 851 1440 audientibus
896 1393 1118 1438 canere
1162 1375 1422 1437 videtur.
1494 1370 1575 1437 ‘At
1614 1375 1719 1438 ubi
1767 1376 1950 1438 cel-tis
1989 1378 2264 1439 numeris

186 1476 260 1521 ac
292 1461 557 1537 pedibus
589 1464 758 1522 velut
794 1464 954 1524 facta
999 1459 1456 1536 conspiratione
1492 1459 1811 1522 consensit
1839 1460 2024 1537 atque
2055 1462 2263 1524 conci·

184 1544 343 1615 nuit,
376 1561 453 1603 ex
484 1543 616 1604 eius
649 1544 814 1606 modi
846 1561 1067 1605 vocum
1099 1542 1433 1604 concordia
1463 1560 1585 1606 non
1618 1542 1869 1606 solum
1852 1542 2004 1620 ipsis
2038 1561 2265 1606 canen·

182 1625 345 1687 tibus
383 1625 643 1686 amicum
680 1626 969 1702 quiddam
1005 1634 1068 1688 et
1102 1627 1281 1687 dulce
1314 1634 1593 1700 resonat,
1634 1643 1849 1688 verum
1890 1627 2070 1690 etiam
2119 1646 2264 1706 spe-

184 1716 418 1770 ctantes
447 1709 894 1787 audientesque
919 1708 1252 1772 laetissima
1277 1712 1590 1787 voluptate
1616 1713 2091 1787 permulcentur.
2134 1712 2262 1773 Iam

183 1809 330 1854 vero
371 1793 433 1854 in
476 1793 750 1856 exercitu
793 1811 997 1872 neque
1032 1793 1205 1855 miles
1248 1810 1452 1871 neque
1498 1793 1833 1871 imperator
1866 1794 1999 1857 sine
2041 1796 2261 1858 ordine

181 1894 254 1938 ac
305 1877 713 1955 dispositione
759 1880 1091 1956 quidquam
1142 1881 1309 1940 valet
1357 1878 1695 1954 explicare,
1750 1896 1936 1953 quum
1988 1888 2261 1942 armatus

52 1968 73 1994 i
181 1961 503 2037 inermem,
547 1979 741 2039 eques
788 1963 1086 2040 peditem,
1131 1964 1470 2038 plaustrum
1519 1961 1815 2038 equitem,
1858 1963 1912 2024 si
1956 1963 2079 2025 sint
2122 1981 2262 2040 per·

181 2045 380 2118 mixti,
416 2048 813 2109 confundant.
903 2062 1312 2130 [Columella
1343 2063 1433 2117 lib.
1472 2062 1582 2115 XII.
1626 2065 1742 2128 cap.
1782 2066 1832 2113 2.
1870 2067 1920 2128 3.
1958 2063 2138 2131 3-5.]

304 2131 362 2189 7·
404 2144 817 2213 [Xenophon
854 2148 969 2201 Oec.
1010 2165 1121 2215 cap.
1161 2149 1213 2200 8.
1251 2150 1300 2211 3.
1344 2145 1451 2214 10.]
1536 2131 1686 2192 Nam
1731 2138 1792 2191 et
1835 2150 2025 2194 unum
2067 2134 2267 2207 (IUOd‘

180 2228 301 2287 que
332 2214 568 2275 facilius
603 2215 1058 2290 consideratur,
1093 2233 1282 2292 quum
1316 2222 1412 2278 est
1443 2215 1830 2291 adsignatum
1860 2232 1975 2279 suo
2007 2219 2170 2291 Ioco,
2200 2223 2268 2277 et

179 2295 231 2354 si
279 2294 427 2371 quid
476 2299 636 2358 forte
678 2298 885 2371 abest,
930 2299 1067 2375 ipse
1108 2316 1348 2360 vacuus
1396 2301 1571 2360 locus
1578 2256 1933 2371 t’admonet‚
1979 2307 2047 2362 ut
2090 2300 2264 2375 quod

178 2378 355 2438 deest
397 2380 764 2454 requiratur.
832 2346 897 2442 S'i
929 2382 1074 2458 quid
1112 2399 1267 2444 vero
1304 2384 1503 2443 curari
1535 2389 1641 2443 aut
1681 2381 2035 2445 concinnari
2075 2383 2264 2461 Opor-

175 2465 294 2533 tet,
328 2460 565 2524 facilius
594 2463 969 2540 intelligitur,
1000 2483 1187 2542 quum
1231 2466 1446 2528 ordine
1475 2482 1591 2528 suo
1632 2473 2010 2528 recensetur.
2110 2480 2261 2548 [00-

180 2558 565 2611 lumellalib.
604 2562 721 2614 XII.
760 2579 874 2630 cap.
911 2566 962 2618 2.
1001 2566 1053 2627 3.
1091 2563 1171 2631 6.]

304 2624 360 2686 8.
411 2641 790 2725 [Xenophon
830 2647 945 2698 oco.
986 2663 1102 2713 cap.
1137 2649 1188 2699 8.
1228 2650 1278 2711 s
1296 2646 1425 2728 ,16]
1470 2633 1640 2693 Haec
1662 2634 1879 2695 eadem
1899 2631 2058 2696 ratio
2082 2648 2263 2709 prae·

175 2710 513 2786 parationis
558 2722 743 2791 atque
790 2715 1023 2777 ordinis
1065 2715 1247 2777 etiam
1292 2715 1351 2774 in
1401 2714 1660 2791 navigiis
1705 2716 2038 2815 plurimum
2072 2718 2259 2778 valet.

172 2793 322 2853 Nam
352 2795 457 2856 ubi
498 2803 838 2875 tempestas
878 2798 1134 2861 incessit
1167 2807 1230 2860 et
1269 2805 1365 2861 est
1406 2798 1521 2860 rite
1566 2798 1868 2876 disposita
1900 2800 2108 2874 navis,
2139 2815 2260 2862 suo

174 2876 449 2953 quidque
485 2881 701 2943 ordine
732 2885 996 2948 locatum
1042 2890 1485 2945 armamentum
1531 2881 1664 2943 sine
1696 2883 2107 2959 trepidatione
2149 2881 2261 2944 mi-

173 2959 364 3021 nister
387 2963 644 3038 promit,
680 2983 868 3041 quum
902 2974 1000 3028 est
1026 2983 1062 3026 a
1093 2967 1507 3042 gubernatore
1539 2968 1940 3042 postulatum.
2031 2980 2258 3048 [colu

171 3058 369 3109 mella
407 3059 497 3111 lib.
533 3060 645 3119 XlI.
686 3076 794 3128 cap.
833 3066 887 3119 2.
921 3065 971 3126 3.
1005 3063 1080 3130 5.]

299 3127 801 3227 9[x0nopho13
836 3146 954 3200 000.
993 3162 1106 3213 cap
1139 3146 1193 3201 9.
1229 3150 1279 3210 s.
1316 3146 1389 3212 3.]
1435 3133 1612 3208 Quod
1639 3132 2132 3195 excelsissimum
2162 3138 2262 3194 est

173 3212 504 3284 conclave,
536 3212 998 3288 preciosissima
1027 3231 1178 3276 vasa
1209 3222 1271 3276 et
1301 3222 1537 3278 vestem
1573 3218 1912 3279 desiderat:
1947 3216 2120 3293 quod
2153 3216 2259 3277 dc·

174 3285 359 3362 nique
389 3292 677 3355 horreum
709 3296 940 3357 siccum
971 3305 1157 3372 atque
1188 3298 1460 3371 aridum,
1490 3300 1813 3362 frumentis
1835 3300 2098 3362 habetur
2124 3298 2258 3361 ido·

179 3384 392 3430 neum.
426 3379 595 3447 quod
625 3378 941 3452 frigidum,
976 3383 1476 3444 commodissime
1505 3381 1713 3445 vinum
1747 3382 2045 3445 custodit:
2084 3380 2260 3458 quod
