2381 3723
159 100 287 165 328
965 102 1449 165 FRAGMENTA

168 255 405 314 Cornua
435 253 544 313 sed
571 261 731 316 recte
744 271 867 330 per
892 257 1120 314 caetum
1140 270 1348 329 prona
1369 255 1681 332 serantur,

166 338 315 398 Cras
351 336 732 399 Tartessiacis
762 337 1075 413 Zephyrus
1104 338 1355 413 spirabit
1381 339 1457 398 ab
1481 343 1621 400 oris.

162 424 240 481 At
265 436 443 495 quum
476 431 641 482 recta
668 424 845 482 etiam
870 420 1090 496 quarta
1116 422 1225 482 sub
1252 424 1384 482 luce
1408 424 1656 493 renidet,

166 507 475 566 Collectam
508 511 725 566 metues
738 507 1008 580 pluviam
1021 550 1037 578 ,
1081 511 1221 566 tunc
1245 509 1444 567 omnia
1471 508 1667 568 nimbo

163 590 419 672 Fervere
448 589 697 650 deciduo
723 606 947 650 cernes.
1034 589 1233 649 Cornu
1260 592 1439 650 altius
1465 598 1604 666 apte

160 673 460 747 Infleaeum
484 671 729 733 Borean
743 718 759 746 ,
802 675 1146 747 resupinum
1166 676 1434 749 parturit
1460 675 1720 737 Austros,

161 755 286 815 Sed
302 758 358 814 si
376 763 512 830 post
535 758 795 816 triduum
821 760 1026 817 lunam
1050 757 1233 816 ruber
1256 758 1480 817 ambiat
1502 760 1675 832 orbis,

169 839 504 915 Tempestas
524 842 746 915 pelaqo
759 886 774 913 ‚
817 834 1123 917 tempestas
1149 843 1411 901 imminet
1435 844 1602 916 aqris
1616 865 1636 901 .-

164 923 401 998 Quoque
433 924 615 984 rubor
641 927 834 985 maior
847 971 861 997 ,
902 926 1093 985 maior
1117 926 1267 985 solet
1288 941 1416 985 esse
1434 930 1725 1001 procella.

162 1006 272 1067 Bis
300 1023 477 1082 quum
507 1009 751 1069 dimidio
764 1054 781 1082 ,
824 1024 1001 1084 quum
1022 1011 1202 1083 pleno
1227 1011 1445 1069 lumine
1466 1008 1679 1084 fulqet,

161 1091 375 1166 Aspice
402 1107 580 1167 quum
608 1094 848 1165 crescit,
890 1108 1066 1166 quum
1090 1107 1319 1153 cornua
1335 1095 1549 1167 prisca
1574 1097 1831 1168 resumit,

161 1177 407 1251 Aspice:
446 1178 620 1251 siqna
649 1176 756 1236 tibi
779 1180 940 1237 color
965 1176 1136 1236 haud
1164 1176 1329 1236 dabit
1353 1177 1531 1237 irrita
1556 1181 1787 1239 mensis.

162 1260 429 1335 Namque
455 1275 671 1320 auram
696 1260 892 1333 facies
916 1261 1216 1334 portendit
1230 1277 1399 1335 pura
1431 1278 1702 1322 serenam
1715 1283 1735 1320 .-

162 1345 240 1404 At
263 1361 442 1418 quum
472 1350 589 1404 tota
614 1344 809 1415 rubet,
848 1343 1210 1415 furibundos
1235 1344 1463 1405 indicat
1486 1352 1750 1406 austros.-

159 1428 361 1488 Imber
388 1430 528 1501 erit,
571 1430 745 1502 niqro
773 1430 829 1486 si
852 1429 930 1487 sit
953 1429 1190 1487 variata
1218 1431 1432 1489 colore.

170 1511 457 1596 Tempora
485 1512 594 1572 sed
617 1511 838 1571 dandis
863 1526 979 1571 non
1008 1518 1146 1571 sunt
1164 1514 1351 1585 paria
1379 1515 1576 1573 omnia
1602 1512 1804 1586 siqnis'.

162 1595 316 1655 Nam
348 1610 502 1669 quae
530 1601 748 1670 quarta
781 1596 914 1653 tulit
942 1594 1168 1654 Phoebe
1198 1597 1290 1655 vel
1316 1599 1488 1655 tertia
1502 1642 1518 1669 ‚
1562 1596 1786 1656 durant

160 1678 483 1739 Dimidium
512 1679 599 1739 ad
619 1678 852 1739 Lunam
866 1723 882 1750 ‚
925 1694 1080 1752 quae
1106 1677 1356 1738 dimidia
1371 1725 1387 1751 ,
1424 1681 1620 1740 omnia
1650 1681 1895 1741 tendunt

162 1761 261 1822 Ad
280 1764 521 1838 plenam
535 1808 551 1836 ,
596 1779 749 1836 quae
770 1763 956 1837 plena
984 1762 1174 1834 dedit,
1219 1768 1490 1837 spectare
1516 1764 1787 1824 videntur

161 1846 483 1909 Dimidiam
511 1861 752 1907 rursum
766 1892 782 1919 ‚
824 1852 883 1907 et
912 1861 1065 1922 quae
1092 1851 1232 1907 tunc
1250 1847 1618 1922 praebentur
1647 1847 1724 1909 ab
1752 1850 1884 1925 illa,

162 1931 443 2007 Excipiet
467 1930 804 1993 moribundi
827 1937 934 1991 aut
959 1937 1176 2004 quarta
1206 1936 1315 1990 aut
1338 1934 1510 1992 tertia
1539 1933 1768 1992 mensis.

161 2015 233 2076 Si
254 2018 475 2092 parilis
501 2020 677 2077 totam
703 2014 957 2076 Latoida
987 2016 1248 2075 circulus
1274 2015 1467 2087 ambit,

162 2102 282 2159 Aut
308 2102 466 2160 terni
485 2102 775 2175 qeminive
802 2105 1053 2174 utraque
1079 2115 1161 2158 ex
1175 2105 1360 2173 parte
1387 2101 1580 2170 locati,

171 2182 389 2243 Unicus
422 2190 528 2243 aut
554 2189 748 2243 ventos
775 2183 937 2243 nobis
965 2187 1073 2241 aut
1095 2182 1326 2242 indicat
1352 2183 1620 2242 aethram
1635 2203 1654 2242 .-

162 2267 452 2342 Diruptus
482 2271 678 2327 ventos
705 2266 992 2326 evanidus
1020 2267 1250 2328 indicat
1274 2265 1561 2338 aethram,

160 2350 513 2422 Horriseros
539 2350 760 2409 nimbos
782 2350 1115 2422 qeminatus
1134 2355 1488 2422 praemonet
1509 2351 1683 2423 orbis,

162 2433 540 2507 Maioresque
570 2434 755 2492 trahit
784 2432 1087 2507 triplicata
1115 2445 1337 2493 corona
1354 2435 1673 2507 procellas,

162 2515 454 2589 Maiores,
497 2518 554 2577 si
575 2518 755 2591 niqra
784 2518 966 2589 iacet,
1007 2517 1064 2577 si
1082 2516 1377 2576 scinditur
1404 2518 1576 2577 ultro.

163 2600 334 2661 Haec
361 2601 466 2661 tibi
489 2603 580 2662 vel
605 2603 818 2661 mensis
844 2603 936 2661 vel
960 2600 1188 2661 Phoebe
1214 2605 1516 2660 menstrua
1544 2601 1755 2661 dicent.

164 2685 287 2746 Nec
320 2683 511 2746 Solem
535 2687 775 2761 qemina
801 2694 1072 2760 spectare
1098 2685 1162 2743 in
1189 2684 1398 2743 littoris
1423 2690 1561 2745 acta

162 2770 495 2831 Poeniteat:
535 2773 711 2831 solem
743 2771 1067 2831 certissima
1092 2769 1269 2841 siqna
1293 2777 1608 2841 sequentur
1622 2789 1641 2827 .-

171 2852 356 2922 Quum
382 2860 585 2928 surqet
611 2854 828 2928 aelidis
856 2860 915 2912 et
941 2867 1119 2927 quum
1155 2867 1220 2910 se
1251 2850 1463 2911 condet
1486 2853 1550 2910 in
1576 2851 1771 2911 undis.

163 2935 356 2996 Nolim
384 2938 835 3009 interstinctam,
876 2950 1054 3011 quum
1084 2935 1315 2995 deseret
1339 2950 1601 3009 aequora
1614 2979 1630 3007 ,
1671 2938 1860 2994 lucem

167 3019 423 3081 Cernere
436 3067 451 3094 ‚
497 3022 554 3081 si
580 3019 746 3081 Soles
772 3027 963 3095 optem
991 3020 1246 3078 radiare
1269 3033 1518 3089 serenos,

164 3103 375 3164 Malim
404 3121 584 3164 unum
612 3107 792 3164 nullis
820 3105 1068 3163 maculis
1093 3107 1364 3177 spectare
1390 3105 1640 3162 colorem
1654 3122 1673 3160 .-

165 3185 234 3244 Si
260 3189 401 3260 iuqa
431 3189 630 3248 demat
653 3190 818 3262 equis
839 3192 1059 3262 pacato
1084 3188 1305 3246 lumine
1340 3184 1527 3258 Titan,

168 3266 444 3328 Blandus
469 3277 528 3330 et
551 3271 902 3345 Hesperium
929 3270 1134 3330 subeat
1156 3272 1285 3330 sine
1310 3268 1558 3328 nubibus
1583 3281 1821 3341 aequor,

163 3346 390 3408 Pulcra
417 3367 629 3410 serena
658 3352 755 3412 die
778 3355 1002 3426 poteris
1027 3369 1277 3428 sperare
1307 3354 1584 3425 sequenti.

2174 1272 2244 1329 '10

2113 1689 2245 1758 ‚75
