2381 3723
183 100 309 165 260
969 103 1471 165 FRAGMENTA.
2195 109 2268 167 ’to

185 255 303 305 dum
324 254 505 305 debeat
528 259 688 304 mater
707 253 928 305 familias
961 255 1100 305 domi
1124 269 1305 321 agere,
1339 254 1591 307 secundus
1627 268 1776 317 quem
1799 255 1866 304 ad
1882 255 2091 305 modum
2125 254 2257 306 toris

181 330 326 388 pater
361 322 612 382 familias,
653 323 854 372 tertium
885 323 997 387 agri
1032 322 1276 373 culturam
1312 324 1587 374 continere.
1659 322 1994 387 Hieronymus
2030 336 2154 373 vero
2190 324 2261 374 ad

183 389 446 457 Algasiam
484 398 677 453 quaest.
708 390 795 444 VI.
836 386 970 456 Opp.
1008 400 1044 440 t.
1083 393 1135 442 4.
1168 407 1223 458 p.
1267 393 1313 442 1.
1350 408 1403 459 p.
1443 390 1561 444 196.
1591 390 1784 442 Bened.
1818 390 1943 441 haee
1975 391 2040 442 de
2075 391 2158 441 his
2197 390 2257 441 li-

181 460 290 510 bris
323 459 499 508 habet:
541 463 559 492 θ
585 457 768 510 Vilicus
808 462 1020 522 proprie
1058 462 1206 510 villae
1232 461 1545 526 either-nator
1578 462 1677 523 est,
1714 460 1847 509 unde
1884 464 1936 510 ee
1964 475 2000 510 a
2030 460 2259 526 villa-vi-

183 530 309 578 licus
349 540 520 578 nomen
561 530 772 590 occepit.
847 521 1235 594 Οἰκονομικὸς
1270 536 1432 579 autem
1464 534 1563 579 tam
1591 530 1840 592 pecuniae
1876 540 2019 592 qaam
2056 528 2262 593 frugum

184 603 234 647 et
267 598 498 653 omnium,
536 609 666 660 quae
694 597 915 648 dominus
944 598 1199 659 possidet,
1237 599 1560 660 diepemaeor
1596 603 1691 649 est.
1771 595 1914 646 Unde
1945 603 1995 647 et
2030 590 2261 646 οἰκονο-

182 655 347 728 μικός
373 663 712 726 Xenophontis
736 664 1099 728 pulcherrimus
1132 666 1260 716 liber
1290 674 1391 726 en,
1429 667 1515 731 qui
1540 681 1637 715 non
1654 665 2060 730 gubernationem
2080 666 2257 727 villae,

182 733 278 783 sed
331 732 745 794 dispensationem
800 736 1063 785 universae
1119 735 1289 785 domus
1352 735 1513 785 Tullio
1574 737 1934 796 buerant-etam
1989 735 2037 783 εἰ
2068 733 2256 796 nificat.

187 798 331 850 (3οηί.
355 800 570 850 eundem
590 801 659 850 ad
673 798 964 858 Pammach.
987 804 1051 853 de
1070 804 1262 870 optimo
1285 818 1472 869 genere
1491 802 1875 868 interpretandi.
1903 809 1941 852 t.
1974 748 2067 851 ss?
2098 816 2150 869 p.
2190 801 2257 853 11.

183 883 238 934 p.
269 866 389 920 250.
461 869 564 918 Vix
592 877 758 920 autem
787 884 971 935 operae
994 873 1220 936 precium
1257 879 1334 922 est
1366 884 1783 931 commemorare,
1820 882 1949 933 quae
1980 866 2262 920 Columella

184 935 379 988 adferat
407 937 643 1009 puliana
658 975 673 1000 ,
707 955 769 990 ea
803 939 976 990 multis
1008 940 1060 988 iu
1098 939 1225 990 locis
1254 941 1318 990 ab
1356 942 1470 1005 ipso
1503 939 1668 990 videri
1704 939 1980 988 immutata.

314 1075 368 1134 1.
434 1086 810 1155 [Xenophon
849 1089 964 1140 000.
994 1104 1109 1155 cap.
1138 1094 1192 1143 4.
1220 1091 1272 1152 s.
1310 1087 1559 1155 20--254
1662 1075 1858 1150 Quum
1908 1074 1986 1133 ad
2036 1075 2258 1150 Cyrum

187 1157 480 1219 minorem
504 1173 712 1232 regem
735 1157 1080 1230 Persarum,
1102 1164 1516 1235 praestantem
1538 1157 1783 1234 ingenio
1816 1164 2001 1232 atque
2022 1155 2260 1233 imperii

186 1240 410 1317 gloria,
453 1241 777 1319 Lysander
812 1241 1369 1322 Lacedaemoniae,
1411 1241 1506 1302 vir
1539 1258 1813 1304 summae
1843 1239 2115 1312 virtutis,
2161 1256 2259 1300 ve·

185 1323 384 1387 nisset
424 1323 657 1468 Sardis9
682 1332 740 1385 et
777 1327 1037 1402 reliqua,
1077 1343 1232 1402 quae
1268 1329 1639 1388 eontinentur
1674 1325 1827 1387 libro
1857 1324 1933 1384 de
1969 1329 2262 1386 senectute

190 1423 324 1484 cap.
360 1408 457 1467 17.
491 1417 544 1478 s.
575 1408 613 1467 5
662 1451 678 1466 .

316 1489 376 1550 2·
423 1503 816 1585 [Xenophon
848 1505 968 1560 000.
1004 1521 1117 1572 cap.
1145 1507 1196 1558 6.
1232 1509 1282 1569 S.
1317 1504 1423 1572 12]
1511 1491 1713 1554 Homo
1756 1505 1835 1551 ex
1878 1504 1956 1551 00
2006 1504 2259 1549 numero

186 1572 526 1646 hominum,
565 1589 671 1648 qut
703 1573 868 1648 apud
899 1589 1014 1635 nos
1037 1575 1155 1635 hoc
1178 1575 1424 1637 nomine
1454 1574 1794 1651 dignantur.
1855 1587 1916 1654 [Ρ
1929 1588 2261 1638 εὶιοὶαιιιιε

188 1671 275 1722 lib.
296 1672 434 1723 VIII.
457 1686 569 1737 cap.
594 1672 644 1722 4.
670 1673 719 1734 s.
750 1669 856 1737 la]

313 1737 370 1800 3-
420 1753 802 1821 [Xenophon
838 1754 955 1806 Oec.
997 1772 1106 1822 cap.
1143 1760 1198 1809 7.
1236 1757 1287 1819 S.
1326 1754 1401 1822 9.]
1471 1739 1626 1816 Quid
1658 1740 1854 1814 igitur,
1888 1740 2047 1816 proh
2077 1740 2261 1800 deum

190 1821 648 1897 immortalium,
691 1821 954 1900 primum
997 1841 1132 1886 eam
1164 1825 1469 1899 docebas),
1514 1825 1793 1901 quaeso?
1877 1824 2185 1893 [Donatus
2210 1836 2261 1885 in

197 1927 305 1977 ser.
331 1924 535 1977 Phorm.
574 1932 672 1974 act.
709 1926 772 1976 11.
813 1941 886 1976 sc.
922 1925 974 1978 3.
1012 1942 1061 1975 v.
1099 1922 1177 1990 4.]

314 2010 376 2068 4.
419 2008 750 2085 Xenophon
790 2011 1158 2072 Atheniensis
1207 2023 1276 2072 eo
1314 2009 1492 2081 libro,
1560 2009 1667 2084 qut·
1706 2006 2115 2069 Oeconomicus
2158 2004 2262 2096 in-

190 2093 483 2164 scribitur,
509 2093 778 2167 prodidit
808 2105 946 2173 [cap.
983 2107 1034 2161 7.
1074 2108 1125 2169 s.
1171 2102 1416 2169 18-28,]
1471 2088 1741 2152 maritale
1784 2086 2131 2163 coniugium
2171 2100 2263 2145 slc

192 2180 614 2250 comparatum
641 2190 786 2236 esse
808 2180 1051 2247 natura,
1081 2181 1149 2235 ut
1175 2190 1301 2235 non
1329 2174 1529 2235 solum
1551 2171 2018 2243 iucundissima,
2053 2184 2262 2229 verum

193 2256 373 2319 etiam
409 2256 732 2318 utilissima
761 2255 925 2317 vitae
961 2255 1232 2318 societas
1276 2255 1559 2318 iniretur:
1606 2272 1746 2317 nam
1786 2255 2073 2332 primum,
2107 2252 2268 2327 quod

189 2344 366 2402 etiam
412 2340 615 2401 Cicero
654 2343 768 2412 ait,
813 2356 893 2400 ne
921 2356 1120 2415 genus
1152 2340 1482 2402 humanum
1505 2338 1800 2417 temporis
1824 2332 2263 2418 longinquitate

197 2423 539 2495 occideret,
573 2430 828 2498 propter
843 2422 965 2483 hoc
996 2438 1227 2483 marem
1250 2438 1385 2483 cum
1415 2423 1638 2484 femina
1667 2439 1811 2483 esse
1841 2419 2261 2483 coniunctum:

193 2504 416 2566 deinde
449 2512 516 2566 ut
544 2521 624 2566 ex
652 2505 766 2566 hac
802 2503 1019 2567 eadem
1042 2505 1342 2567 societate
1371 2506 1727 2568 mortalibus
1759 2503 2059 2566 adiutoria
2089 2516 2266 2562 sene·

192 2588 375 2650 ctutis
408 2605 526 2649 nec
554 2587 756 2650 minus
789 2590 1258 2667 propugnacula
1286 2596 1820 2666 praepararentur.
1882 2588 2034 2648 Tum
2066 2583 2265 2656 etiam,

194 2688 383 2749 quum
425 2673 624 2734 victus
672 2681 733 2733 et
774 2675 972 2733 cultus
1007 2673 1310 2734 humanus
1357 2690 1482 2734 non
1523 2672 1612 2733 uti
1654 2672 1800 2733 feris
1840 2671 1900 2731 in
1940 2668 2266 2747 propatulo

191 2772 264 2817 ac
299 2755 686 2818 silvestribus
734 2756 916 2829 lociS,
964 2757 1077 2817 sed
1122 2754 1289 2817 domi
1329 2757 1446 2818 sub
1488 2763 1651 2817 tecto
1692 2754 2078 2817 accurandus
2117 2756 2268 2820 erat,

194 2839 615 2900 necessarium
649 2841 763 2901 fuit
804 2842 1059 2901 alterum
1094 2846 1297 2901 utrum
1345 2839 1494 2902 foris
1536 2846 1598 2901 et
1642 2840 1757 2901 sub
1799 2837 1900 2900 dio
1945 2852 2119 2908 esse,
2166 2832 2272 2909 qui

191 2922 406 2983 labore
459 2929 521 2982 et
554 2922 855 2984 industria
900 2929 1291 2998 compararet
1338 2940 1498 2999 quae
1550 2920 1725 2984 tectis
1766 2919 2270 2988 reconderentur,

192 3004 245 3065 si
292 3004 537 3080 quidem
584 3008 678 3066 vel
717 3001 999 3069 rusticari
1041 3009 1136 3066 vel
1179 3004 1468 3082 navigare
1513 3008 1611 3066 vel
1652 3005 1833 3066 etiam
1874 3018 2103 3079 genere
2150 2998 2270 3060 alio

191 3087 510 3165 negotiari
537 3105 800 3150 necesse
832 3096 999 3163 erat,
1039 3097 1107 3150 ut
1146 3088 1383 3165 aliquas
1427 3090 1745 3151 facultates
1791 3086 2271 3163 acquireremus.

194 3170 390 3242 Quum
427 3189 574 3235 vero
609 3179 863 3249 paratae
895 3188 998 3234 res
1030 3174 1144 3234 sub
1175 3179 1403 3234 tectum
1435 3180 1650 3240 essent
1679 3177 2043 3248 congestae,
2087 3167 2274 3229 alium

194 3267 338 3312 esse
360 3254 660 3328 oportuit,
695 3254 802 3331 qui
829 3263 892 3316 et
915 3254 1112 3318 illatas
1139 3256 1481 3317 custodiret
1508 3264 1571 3318 et
1596 3273 1672 3318 ea
1701 3255 2037 3317 conficeret
2061 3268 2277 3328 opera,

197 3349 357 3407 quae
391 3337 557 3397 domi
586 3338 883 3400 deberent
913 3339 1340 3401 administrari.
1398 3338 1548 3401 Nam
1572 3347 1634 3401 et
1664 3341 1872 3416 fruges
1904 3343 2279 3410 caeteraque
