2381 3723
214 129 326 183 233
803 117 970 179 CAP.
1005 127 1269 182 52—-54.
1305 128 1358 189 §-
1384 127 1714 183 181—188.
2177 117 2307 179 423

222 271 549 348 quisquam
593 270 830 347 possit:
875 271 1075 346 quod,
1123 270 1267 346 quia
1298 278 1517 331 natura
1547 288 1672 349 non
1704 267 1966 345 patitur,
2002 279 2099 344 ut,
2138 271 2308 347 quod

219 372 258 415 e
305 364 468 417 terra
506 362 632 427 est,
673 353 815 416 alibi
859 370 1041 430 quam
1090 355 1150 413 in
1198 363 1363 416 terra
1403 362 1675 429 maneat,
1723 371 1801 415 ne
1850 354 2019 415 credi
2063 355 2308 431 quidem

218 440 449 500 debeat
483 455 745 500 necesse
792 446 921 513 est,
963 440 1110 512 sed,
1161 439 1332 514 quod
1369 455 1582 499 eorum
1626 438 1811 498 animi
1852 445 2160 514 tamquam
2203 440 2310 501 ho-

217 523 451 584 minum
483 525 561 584 de
594 522 688 584 dis
718 522 1161 583 immortalibus
1189 523 1846 599 humanoquegenere
1878 523 2108 600 optime
2131 522 2310 584 meri-

216 615 425 669 torum
457 605 518 667 in
552 609 788 669 caelum
820 613 1110 683 putentur
1137 606 1297 667 elati.
1390 605 1530 667 185.
1576 607 1752 681 Quod
1787 608 1864 667 de
1893 609 2176 680 Romulo,
2211 625 2310 668 ur-

218 692 316 752 bis
342 698 594 752 nostrae
616 690 940 752 conditore
959 738 974 764 ,
1009 692 1339 752 memoriae
1363 691 1673 767 proditum
1704 691 2091 767 accepimus:
2125 708 2309 767 quem

219 776 532 851 singulare
559 775 619 835 in
651 792 850 851 genus
882 775 1197 836 hominurn
1228 776 1512 838 collatum
1544 791 1766 837 munus
1789 776 1923 837 'tam
1953 778 2310 852 praeclarae

217 859 393 920 urbis
446 860 812 920 condendae
859 858 1228 920 iudeorum
1275 876 1531 920 numero
1587 860 1944 921 collocavit:
2001 860 2189 934 idque
2234 873 2309 918 eo

221 951 525 1018 tempore,
551 960 673 1019 quo
700 942 915 1005 litteris
939 951 1002 1004 et
1022 943 1319 1005 doctrinis
1344 942 1625 1004 homines
1643 944 2077 1003 >exculti-facile
2100 943 2311 1003 fictum

222 1043 260 1087 a
291 1028 620 1102 germano,
659 1044 872 1089 verum
907 1044 944 1088 a
981 1030 1134 1088 falso
1167 1028 1607 1099 secernebant,
1648 1034 1717 1087 ut
1747 1027 1914 1087 credi
1954 1041 2075 1087 non
2110 1024 2311 1102 possit

224 1110 561 1186 quidquam
591 1110 708 1171 illis
753 1111 1111 1187 persuaderi
1142 1110 1425 1188 potuisse
1466 1114 1634 1186 quod
1664 1113 1848 1171 ullam
1883 1109 2010 1174 ficti
2040 1109 2145 1170 aut
2175 1109 2311 1169 falsi

225 1192 552 1269 imaginem
580 1211 733 1271 prae
766 1212 837 1256 se
866 1197 1071 1256 ferret.
1165 1192 1305 1255 186.
1353 1194 1507 1268 Sed,
1545 1195 1715 1270 quod
1746 1194 1846 1254 ille
1877 1193 2154 1255 mortalis
2187 1192 2311 1252 exi-

225 1278 347 1337 mia
384 1277 628 1339 virtutis
670 1295 743 1339 ac
775 1277 1225 1340 beneficentiae
1263 1278 1459 1354 gloria
1500 1279 1879 1339 consecutus
1913 1286 2039 1350 est,
2080 1284 2149 1338 ut
2184 1293 2310 1337 non

224 1363 429 1423 solum
460 1361 846 1435 immortalis,
884 1364 997 1424 sed
1023 1363 1178 1423 deus
1209 1362 1598 1435 iudicaretur,
1632 1362 1694 1423 id
1723 1361 1930 1438 ipsum
1966 1360 2098 1422 aliis
2132 1359 2309 1421 etiam

224 1444 517 1507 tributum
562 1462 740 1519 esse,
785 1454 855 1507 ut
895 1447 1055 1507 inter
1088 1447 1244 1507 deos
1280 1446 1515 1521 recepti
1553 1453 1945 1521 putarentur,
1981 1462 2165 1520 quum
2208 1459 2312 1503 ex·

223 1527 570 1590 cessissent
591 1546 626 1589 e
646 1529 811 1604 vita,
837 1532 1090 1591 annales
1113 1537 1395 1590 veterum
1426 1532 1781 1605 loquuntur,
1846 1530 2021 1605 Quod
2053 1537 2114 1589 et
2146 1529 2311 1605 apud

229 1614 504 1673 Graecos
538 1613 708 1689 prius
740 1613 993 1689 contigit
1026 1622 1089 1674 et
1116 1614 1263 1674 inde
1292 1615 1559 1675 fortasse
1590 1611 1959 1680 adnostros
1997 1628 2311 1690 permana-

226 1695 335 1756 vit.
367 1697 517 1756 Nam
541 1705 603 1757 et
621 1698 927 1758 Hercules·
945 1704 1008 1758 et
1027 1697 1228 1770 Liber,
1260 1699 1480 1759 fratres
1511 1697 1919 1773 Tyndaridae,
1956 1704 2018 1758 et
2050 1695 2310 1757 feminae

225 1779 547 1856 plurimae,
584 1779 807 1855 quibus
831 1780 1177 1841 nunciater
1202 1782 1362 1848 deos
1394 1782 1569 1841 locus
1601 1795 1746 1842 esse
1776 1780 2144 1857 praecipuus
2181 1794 2310 1839 cre-

230 1863 415 1936 ditur,
444 1873 511 1924 ·et
543 1864 890 1926 hominibus
921 1864 1046 1926 nati
1077 1872 1139 1926 et
1172 1865 1455 1927 homines
1484 1866 1750 1926 fuerunt.
1807 1865 1963 1937 Sed,
1996 1866 2165 1939 quod
2194 1861 2312 1922 vir-

228 1955 363 2008 tute,
389 1947 829 2023 praestiterunt
874 1956 966 2022 et,
1008 1956 1079 2009 ut
1117 1948 1393 2009 caeteris
1424 1949 1503 2008 ad
1548 1954 1717 2008 recte
1751 1949 2081 2008 vivendum
2126 1947 2312 2007 bene-

227 2048 353 2106 que
385 2032 742 2092 merendum
776 2034 1236 2108 praelucerent,
1269 2032 1771 2102 elaboraverunt,
1812 2028 1952 2091 ideo
1975 2048 2091 2092 eos
2124 2029 2313 2091 homi·

228 2132 375 2175 num
403 2116 561 2174 fama
586 2115 1024 2177 beneficiorum
1056 2132 1295 2176 memor
1322 2115 1382 2175 in
1418 2130 1723 2177 consessu
1760 2114 2147 2188 concilioque
2180 2129 2312 2174 cae·

227 2197 473 2258 Iastium
520 2199 869 2260 collocavit,
948 2202 1155 2275 Atque
1207 2198 1415 2275 ipsos,
1466 2215 1625 2274 quos
1671 2215 1973 2260 vocamus
2014 2197 2313 2259 maiorum

229 2281 503 2358 gentium
534 2283 690 2343 deos
725 2282 1008 2360 aliosque
1040 2299 1220 2358 quam
1259 2282 1588 2358 plurimos,
1628 2298 1788 2358 quos
1818 2283 1878 2343 in
1922 2285 2175 2343 deorum
2207 2298 2313 2340 nu-

230 2380 464 2425 merum
494 2365 866 2440 rettulimuS,
900 2367 1042 2428 hinc
1073 2384 1110 2427 a
1153 2366 1334 2428 nobis
1368 2373 1782 2442 egressoset
1809 2367 1867 2427 in
1909 2368 2143 2427 caelum
2175 2380 2313 2440 pro-

229 2450 432 2510 fectos
464 2447 811 2510 facillimum
837 2450 950 2511 erit
971 2463 1334 2526 agnoscere.
1422 2448 1575 2510 LIV.
1620 2449 1760 2511 187.
1803 2447 2129 2512 Maximum
2166 2465 2311 2508 vero

228 2540 656 2606 argumentum
681 2540 808 2608 est,
842 2535 1011 2609 quod
1036 2535 1113 2594 de
1136 2534 1254 2594 illis
1279 2531 1613 2605 credimus,
1647 2532 1710 2594 id
1740 2552 1883 2596 esse
1903 2533 2312 2602 verissimum,

231 2616 403 2691 quod
439 2624 503 2675 et
531 2623 736 2678 tantus
783 2623 874 2677 tot
910 2620 1303 2678 saeculorum
1343 2614 1969 2693 doctissimorumque
2003 2617 2312 2678 hominum

232 2708 583 2761 consensus
625 2699 899 2762 veritatis
945 2717 1066 2761 vox
1111 2700 1253 2777 ipsa
1306 2702 1450 2760 esse
1497 2699 1742 2760 videtur
1791 2709 1853 2761 et
1896 2701 2062 2775 quod
2114 2708 2315 2760 tantae

233 2789 483 2857 tamque
517 2786 870 2857 praeclarae
897 2783 1108 2844 virtuti·
1140 2801 1323 2859 quem
1365 2783 1722 2844 alium'vere
1756 2789 2195 2860 congruentem
2228 2784 2315 2843 lo·

231 2881 374 2926 cum
400 2864 670 2927 tribuere
692 2873 978 2943 oporteat
998 2885 1122 2929 non
1157 2884 1309 2928 sane
1332 2866 1628 2943 reperies.
1720 2865 1860 2928 188.
1905 2867 2051 2941 Quis
2085 2875 2181 2928 est
2211 2880 2315 2927 au-

231 2957 361 3010 tem
390 2956 512 3010 tam
544 2952 834 3024 demens,
860 2959 957 3024 ut,
1004 2954 1166 3026 quos
1204 2950 1585 3024 innocentia,
1630 2949 1985 3012 liberalitate
2016 2959 2078 3011 et
2111 2950 2314 3025 singu-

233 3032 347 3093 lari
378 3034 642 3109 quadam
673 3051 749 3095 ac
777 3034 1112 3111 praecipua
1139 3033 1363 3095 virtute
1397 3034 1491 3095 dis
1524 3032 1845 3110 proximos
1887 3033 2208 3110 intelligat,
2240 3032 2314 3093 iis

233 3115 581 3178 seiunctum
629 3134 666 3176 a
713 3117 810 3178 dis
855 3118 1246 3179 tribuendum
1282 3121 1487 3179 locum
1522 3120 1813 3179 censeat?
1852 3124 1942 3193 et,
1988 3132 2174 3193 quum
2208 3117 2312 3177 ho-

235 3199 414 3260 minis
462 3200 704 3262 animus
747 3211 990 3262 terrena
1034 3204 1320 3276 respuat,
1375 3201 1455 3261 ad
1500 3218 1728 3278 supera
1770 3210 2018 3278 semper
2056 3203 2314 3261 feratur:

237 3282 343 3357 qui
372 3300 495 3344 non
535 3286 734 3346 solum
760 3285 959 3355 ,tacito
1006 3292 1260 3345 naturae
1290 3285 1593 3360 impulsu,
1626 3286 1738 3346 sed
1774 3287 2090 3346 voluntate
2123 3300 2315 3367 reque

234 3365 405 3442 ipsa,
435 3376 504 3428 ut
539 3385 723 3443 quam
754 3368 1013 3428 maxime
1048 3366 1416 3428 caelestibus
1453 3367 1680 3429 similes
1722 3375 1961 3441 essent,
1997 3366 2316 3446 praestite-
