2381 3723
105 108 230 171 230
889 107 1393 191 FRAGMENTA.
2115 116 2189 171 40

107 262 220 322 iam
267 259 475 336 aliqua
514 257 840 334 suspicio?
910 260 1043 319 Non
1087 265 1458 334 perpurgata
1501 266 1671 328 sunt,
1729 272 1849 317 non
1900 259 2186 333 refutata,

107 363 227 407 non
281 346 512 404 fracta?
590 342 702 417 Qui
744 341 928 417 igitur
967 341 1029 403 id
1080 343 1305 402 factum
1349 342 1484 404 est?
1553 341 1703 415 Quia
1748 340 1971 401 dedisti
2019 342 2185 418 mihi,

105 428 328 503 Triari,
363 427 532 504 quod
564 426 891 502 diluerem,
933 427 991 485 in
1025 442 1147 500 quo
1177 432 1660 500 argumentarer,
1708 424 1787 483 de
1815 441 1942 499 quo
1973 426 2185 502 dispu-

103 522 323 584 tarem,
357 510 499 587 quia
527 516 723 585 genus
755 508 887 570 eius
919 509 1084 570 modi
1116 508 1228 569 suit
1251 507 1597 582 criminum,
1634 508 1802 583 quod
1836 525 1961 569 non
1986 516 2181 571 totum

109 597 406 672 penderet
436 612 514 654 ex
536 600 729 667 teste,
787 594 898 654 sed
934 595 1098 669 quod
1142 594 1519 669 ponderaret
1559 592 1745 652 iudex
1777 591 1913 667 ipse
1947 610 2060 669 per
2087 611 2179 654 se.

109 681 206 739 15.
259 680 472 753 Neque
516 693 700 751 vero,
751 675 1018 750 iudices,
1073 675 1406 752 quidquam
1456 677 1618 737 aliud
1667 675 1728 735 in
1767 675 1980 751 ignoto
2020 684 2182 738 teste

104 766 310 823 facere
352 762 650 822 debemus
694 760 810 821 nisi
841 768 908 821 ut
940 768 1332 836 argumento,
1386 760 1769 831 coniectura,
1824 760 2180 837 suspicione

104 864 308 907 rerum
347 846 618 922 ipsarum
646 843 772 904 vim
816 851 1218 919 naturamque
1263 860 1651 920 quaeramus·
1719 843 1957 904 Etenim
2003 845 2177 906 testis

105 948 230 992 non
270 930 456 990 modo
487 929 647 989 Afer
689 937 794 989 aut
829 928 1061 988 Sardus
1103 943 1282 998 sane,
1336 927 1390 988 si
1440 929 1540 990 itav
1567 944 1638 989 se
1670 926 1770 998 isti
1811 929 2043 988 malunt
2072 945 2178 990 no·

106 1013 372 1086 minari‚-
409 1013 520 1072 sed
563 1011 762 1088 quivis
813 1013 993 1072 etiam
1037 1010 1374 1087 elegantior
1422 1028 1495 1071 ac
1546 1010 1890 1085 religiosior
1927 1010 2175 1086 impelli,

106 1095 430 1169 deterreri,
483 1096 660 1171 fingi,
714 1095 879 1156 flecti
911 1102 1146 1171 potest:
1192 1094 1477 1156 dominus
1530 1102 1627 1156 est
1668 1094 1804 1171 ipse
1844 1096 2176 1156 voluntatis

107 1197 287 1254 suae,
338 1179 397 1240 in
447 1197 569 1255 quo
622 1189 717 1241 est
769 1178 1061 1255 impunita
1113 1179 1435 1240 mentiendi
1486 1179 1746 1239 licentia.
1839 1180 1933 1241 16.
1979 1184 2175 1255 Argu·

106 1272 377 1326 mentum
411 1280 587 1335 ver0,
622 1264 792 1338 quod
822 1263 1067 1338 quidem
1100 1269 1197 1322 est
1227 1264 1542 1339 proprium
1572 1262 1661 1322 rei
1681 1295 1767 1307 —-
1789 1278 1990 1337 neque
2016 1263 2176 1323 enim

101 1350 291 1408 ullum
336 1348 500 1407 aliud
531 1355 953 1421 argumentum
986 1362 1128 1406 vere
1172 1345 1378 1407 vocari
1409 1353 1617 1422 potest
1650 1380 1763 1419 —-,
1809 1362 2011 1406 rerum
2050 1364 2174 1408 vox

111 1439 232 1504 est,
277 1437 531 1492 naturae
564 1430 924 1505 vestigium,
960 1428 1233 1489 veritatis
1268 1437 1445 1491 nota:
1487 1430 1549 1489 id
1582 1429 2026 1506 qualecumque
2058 1441 2172 1501 est,

108 1519 352 1574 maneat
401 1511 770 1572 immutabile
814 1523 1074 1574 necesse
1127 1520 1252 1574 est:
1297 1531 1419 1575 non
1457 1513 1909 1589 enimfingitur
1940 1515 2016 1575 ab
2045 1532 2172 1575 ora-

104 1608 271 1668 tore,
304 1596 417 1656 sed
448 1594 724 1656 sumitur.
802 1598 932 1671 Qua
965 1613 1031 1656 re
1060 1596 1119 1656 in
1156 1613 1232 1658 eo
1266 1614 1493 1673 genere
1522 1596 1933 1659 accusationis
1963 1597 2016 1659 si
2046 1597 2172 1657 vin-

105 1696 308 1753 cerer,
343 1679 806 1739 succumberem
840 1688 903 1740 et
941 1679 1252 1741 cederem:
1309 1682 1591 1743 vincerer
1621 1681 1787 1742 omni
1826 1698 1924 1755 re,
1970 1681 2170 1742 vince·

102 1781 205 1824 rer
248 1779 463 1836 causa,
516 1763 804 1823 vincerer·
840 1763 1119 1824 lveritate.
1213 1766 1308 1824 17.
1353 1768 1591 1840 Agmen
1636 1773 1700 1826 tu
1732 1764 1873 1825 mihi
1913 1765 2171 1826 inducas

106 1848 441 1910 Sardorum
490 1853 552 1909 et
601 1853 885 1910 catervas
936 1854 998 1908 et
1048 1864 1142 1920 me
1182 1866 1304 1914 non
1357 1847 1709 1911 criminibus
1755 1867 2005 1925 urgere,
2056 1850 2171 1910 sed

100 1936 392 1994 Afrorum
427 1931 666 1992 fremitu
698 1939 928 1994 terrere
961 1934 1225 1992 conere?
1295 1935 1427 1994 Non
1466 1942 1683 2010 potero
1720 1934 2003 2008 equidem
2047 1935 2170 1994 dis-

101 2025 349 2092 putare,
402 2017 515 2078 sed
547 2017 621 2075 ad
670 2016 887 2077 horum
923 2017 1106 2076 fidem
1147 2024 1211 2076 et
1257 2017 1784 2079 mansuetudinem
1830 2019 2169 2093 confugere,

102 2102 185 2160 ad
234 2105 329 2161 ius
375 2101 696 2160 iurandum
744 2103 1034 2171 iudicum,
1086 2102 1173 2160 ad
1221 2101 1435 2177 populi
1482 2101 1742 2162 Romani
1782 2102 2168 2176 aequitatem,

105 2183 207 2259 qui
237 2185 395 2244 hanc
429 2183 710 2242 familiam
739 2183 795 2242 in
820 2184 934 2243 hac
965 2185 1115 2244 urbe
1138 2184 1475 2260 principem
1499 2184 1693 2246 voluit
1714 2201 1873 2258 esse,
1911 2186 2169 2246 deorum

101 2265 528 2328 immortalium
560 2281 782 2325 numen
824 2266 1151 2342 implorare
1186 2276 1433 2342 potem,
1489 2269 1592 2343 qui
1625 2285 1869 2344 semper
1922 2268 2169 2328 exstite-

100 2357 243 2410 runt
274 2349 414 2410 huic
443 2348 653 2424 generi
681 2349 1033 2423 nominique
1066 2352 1361 2410 fautores,

225 2434 327 2492 1Χ.
375 2431 469 2491 18.
556 2431 878 2506 Poposcit,
904 2432 1252 2508 imperavit,
1279 2434 1525 2510 eripuit,
1557 2434 1875 2510 coegit—
1897 2435 1962 2496 Si
1986 2436 2171 2496 docet

101 2515 340 2590 tabulis,
374 2515 659 2592 quoniam
684 2515 867 2576 habet
889 2516 1111 2577 seriem
1138 2518 1460 2592 quamdam
1488 2526 1549 2579 et
1573 2519 1846 2580 ordinem
1873 2520 2169 2580 contracti

99 2599 329 2677 negotii
359 2599 661 2662 confectio
693 2597 830 2676 ipsa
874 2601 1242 2674 tabularum,
1298 2603 1603 2663 attendam
1647 2603 1864 2665 acriter
1914 2610 1975 2663 et
2022 2600 2169 2677 quid

98 2684 158 2744 in
193 2685 580 2745 defendendo
625 2683 766 2744 mihi
805 2685 1108 2758 agendum
1153 2685 1233 2745 sit
1262 2685 1505 2746 videb0.
1585 2686 1648 2747 Si
1681 2687 1943 2760 denique
1975 2685 2168 2746 nitere

98 2768 389 2842 testibus,
449 2785 574 2829 non
606 2768 743 2828 dico
787 2767 964 2828 bonis
998 2767 1142 2828 viris
1171 2785 1245 2828 ac
1274 2769 1578 2844 probatis,
1633 2771 1762 2830 noti
1802 2770 1923 2830 sint
1959 2768 2166 2839 modo,

103 2867 286 2926 quem
319 2851 394 2909 ad
426 2846 673 2912 mo'dum
707 2851 849 2911 mihi
890 2860 1025 2912 cum
1060 2868 1309 2928 quoque
1349 2854 1428 2914 sit
1472 2853 1923 2929 confligendum
1968 2852 2167 2913 consi·

102 2934 352 2994 derabo.
447 2934 542 2994 19.
587 2934 691 2995 Sin
714 2953 873 2996 unus
901 2937 1100 3009 color,
1124 2953 1247 2995 una
1269 2953 1422 3010 vox,
1447 2952 1571 2997 una
1591 2937 1755 2998 natio
1782 2946 1879 2998 est
1900 2934 2164 2996 omnium

98 3017 372 3088 testium,
421 3017 506 3090 si,
561 3021 728 3093 quod
772 3019 811 3079 ii
854 3018 1094 3092 dicunt,
1158 3036 1280 3080 non
1315 3021 1500 3082 modo
1547 3020 1724 3081 nullis
1752 3018 2164 3096 argumentis,

102 3103 215 3161 sed
240 3119 316 3162 ne
345 3103 677 3162 litterarum
710 3103 955 3178 quidem
992 3103 1198 3178 aliquo
1243 3119 1470 3179 genere
1511 3111 1616 3164 aut
1645 3103 2022 3178 'publicarum
2063 3110 2168 3162 aut

100 3183 501 3257 privatarum,
566 3186 730 3260 quod
784 3194 984 3246 tamen
1049 3186 1252 3262 ipsum
1302 3186 1448 3262 fingi
1508 3194 1746 3262 potest,
1803 3188 2165 3248 confirmare

103 3273 420 3339 conantur,
448 3286 569 3346 quo
598 3285 694 3328 me
716 3275 970 3342 vertam,
1001 3269 1253 3342 iudices,
1287 3278 1392 3329 aut
1415 3270 1557 3344 quid
1584 3272 1801 3345 agam?
1867 3270 2012 3330 Cum
2044 3269 2165 3330 sin-

102 3345 258 3418 gulis
286 3347 630 3422 disputem?
661 3350 843 3425 quid?
886 3368 1008 3411 non
1031 3353 1291 3412 habuisti
1321 3353 1487 3428 qu'od
1512 3354 1734 3414 dares?
1755 3387 1836 3396 -
1861 3352 2164 3413 Habuisse
