2381 3723
165 118 296 185 384
585 117 889 181 INCERTI
917 116 1305 179 AUCTORIS
1331 114 1809 176 CONSOLATIO
2167 127 2268 184 194

170 270 305 332 sine
330 280 554 341 sensu,
609 284 731 327 non
786 283 1118 342 numquam
1174 266 1388 338 etiam,
1444 264 1696 326 sirecte
1746 264 2056 341 sapimus,
2121 285 2265 330 cum

169 355 507 428 voluptate.
596 348 699 410 48.
742 349 869 412 Sed
915 349 1215 425 quidquid
1261 349 1368 423 sit,
1423 355 1615 410 totum
1665 348 1788 410 hoc
1829 349 1912 410 ita
1949 351 2098 411 leve
2148 360 2264 428 est,

170 437 375 512 qualia
404 441 549 497 sunt
582 451 686 508 ea,
740 450 899 509 quae
945 441 1173 509 puncto
1215 431 1514 508 temporis
1545 432 1720 492 fiunt.
1794 433 1948 506 Nec,
1995 433 2052 494 si
2088 452 2263 497 mors

170 521 378 596 paullo
411 518 656 593 longior
685 517 866 578 alicui
895 517 1239 591 contingat,
1272 515 1733 592 desperandum
1757 524 1852 577 est
1880 517 1960 577 de
1992 518 2261 581 deorum

171 609 551 677 naturaeque
603 600 1009 675 benignitate,
1063 600 1207 674 quin
1259 616 1334 660 eo
1388 616 1640 675 quoque
1692 608 1972 675 tempore
2033 617 2261 679 prope-

172 693 408 746 rantem
443 701 477 744 e
507 684 634 745 vita
679 684 1002 745 discedere
1034 684 1287 744 foveant
1330 691 1516 758 atque
1556 684 1864 745 adlevent.
1947 685 2140 748 Cuius
2172 685 2259 747 rei

171 768 230 829 in
263 766 666 829 morientibus
718 766 1085 843 saepissime
1142 767 1321 842 signa
1372 766 1615 828 minime
1639 767 1823 829 dubia
1881 777 2254 832 cernuntur:

173 868 360 927 quum
396 852 565 913 velut
606 869 641 912 e
685 868 905 913 somno
940 850 1147 924 exciti,
1204 867 1328 925 quo
1369 857 1650 925 tempore
1694 857 2042 913 extremum
2082 851 2253 930 spiri·
2353 895 2354 904 η

173 945 297 997 tum
359 936 576 996 edituri
629 942 797 1009 sunt,
857 935 938 996 ita
986 934 1329 1009 gaudentes
1385 941 1447 995 et
1496 936 1733 998 alacres
1784 935 2126 1012 aspiciunt,
2189 943 2252 999 ut

171 1018 570 1081 libentissime
598 1019 835 1082 iudices
875 1035 911 1080 e
940 1017 1066 1078 vita
1095 1016 1427 1094 proficisci.
1515 1018 1619 1078 49.
1666 1018 1859 1094 Quam
1891 1021 1972 1080 ob
2013 1036 2152 1081 rem
2180 1036 2250 1081 ne

171 1105 327 1165 haec
360 1102 608 1179 quidem
640 1105 823 1164 ullam
852 1117 1115 1177 aequam
1139 1100 1375 1163 doloris
1401 1102 1646 1164 adferre
1675 1119 1927 1164 causam
1952 1111 2247 1180 possunt:

175 1188 277 1263 qui
311 1194 480 1249 certe
523 1185 1021 1264 comprimendus
1052 1201 1125 1245 ac
1154 1184 1523 1247 minuendus
1556 1192 1681 1259 est,
1732 1187 1937 1262 quod,
1978 1187 2166 1249 etiam
2204 1186 2251 1248 si

171 1268 360 1344 nolis,
419 1279 698 1347 tempore
740 1278 943 1332 tamen
985 1269 1125 1346 ipso
1178 1276 1549 1330 extenuatur
1592 1277 1654 1330 et
1695 1270 2047 1344 evanescit,
2110 1288 2249 1343 non,

174 1356 340 1430 quod
385 1354 699 1417 minuendi
739 1354 974 1415 doloris
1006 1354 1104 1414 vis
1133 1354 1195 1414 in
1236 1352 1375 1429 ipsa
1404 1352 1509 1414 die
1535 1352 1741 1428 posita
1768 1353 1875 1427 sit,
1931 1355 2052 1416 sed
2086 1355 2252 1432 quod
2355 1357 2356 1400 l

169 1455 324 1500 usus
369 1438 506 1514 ipse
558 1438 972 1514 cogitatioque
1016 1437 1281 1499 diuturni
1328 1436 1625 1512 temporis
1659 1438 1883 1504 doceat
1918 1437 2071 1499 nihil
2113 1454 2251 1501 esse

169 1521 228 1581 in
262 1530 460 1582 morte
495 1521 662 1594 mali,
699 1521 969 1597 ideoque
997 1520 1214 1586 leviter
1242 1528 1305 1582 et
1340 1521 1641 1596 patienter
1674 1522 2012 1582 ferendam.

296 1604 457 1664 XIV.
504 1605 607 1665 50.
697 1604 824 1665 Sed
850 1611 1031 1680 turpe
1074 1606 1452 1680 stultumque
1482 1611 1581 1667 est·
1618 1604 1848 1666 homini
1887 1612 2063 1667 tanta
2107 1615 2252 1668 tam·

173 1703 295 1762 que
331 1687 500 1750 varia
529 1704 734 1749 rerum
779 1688 1129 1763 cognitione
1179 1687 1481 1749 instructo
1523 1704 1646 1749 non
1687 1705 1724 1748 a
1766 1705 1837 1749 se
1864 1688 2006 1765 ipso
2043 1690 2252 1764 potius
2355 1741 2356 1748 ,

170 1778 404 1833 mature
437 1788 618 1848 quam
650 1789 793 1834 sero
819 1773 896 1833 ab
928 1789 1048 1834 usu
1080 1778 1142 1831 et
1176 1771 1546 1847 cogitatione
1575 1771 1808 1833 doloris
1837 1773 2120 1833 remedia
2152 1790 2250 1835 ex·
2353 1827 2356 1852 ,χ

171 1863 483 1933 spectare,
541 1875 701 1933 quae
744 1865 867 1918 tam
912 1856 1088 1917 firma
1134 1863 1308 1929 sunt,
1346 1865 1428 1918 ut
1475 1854 1779 1916 neminem
1831 1857 1962 1917 sore
2017 1865 2251 1934 putem,
2357 1859 2358 1877 ¹

174 1957 356 2015 quem
390 1957 512 2002 non
549 1943 945 2002 vehementer
978 1957 1103 2002 non
1135 1939 1351 2001 iuvent
1379 1940 1611 2013 solum,
1647 1939 1762 2000 sed
1792 1940 1972 2001 etiam
2010 1957 2251 2018 permo-

170 2032 375 2084 veant.
447 2024 594 2085 Mihi
631 2041 784 2086 vero
815 2040 891 2085 eo
926 2023 1119 2099 magis
1150 2023 1505 2085 necessaria
1536 2025 1813 2097 fuerunt,
1848 2040 1971 2099 quo
2013 2025 2251 2101 turpius

168 2106 369 2168 visum
423 2115 619 2179 esset,
674 2126 802 2181 me,
858 2107 962 2183 qui
1002 2114 1284 2169 caeteros
1336 2106 1833 2169 constantissime
1885 2110 2250 2169 consolatus

171 2207 397 2264 essem,
423 2189 480 2251 in
506 2208 644 2251 meo
669 2191 885 2252 dolore
907 2191 1128 2262 iacere,
1159 2206 1412 2266 voxque
1432 2191 1534 2251 illa
1557 2189 1862 2264 exaudiri,
1893 2198 1958 2252 et
1982 2192 2250 2253 fortasse

174 2290 297 2335 non
345 2274 644 2335 immerito
680 2273 1016 2348 potuisset:
1053 2275 1291 2335 ‘Hicine
1316 2277 1438 2336 ille'
1481 2275 1713 2348 Cicero,

344 2403 357 2416 .
385 2402 399 2416 .
426 2403 440 2417 .
466 2403 480 2416 .
501 2361 670 2419 cuius
696 2358 767 2417 ob
795 2358 1062 2425 os.Graii
1085 2373 1197 2416 ora
1228 2359 1599 2421 obvertebant
1623 2355 1781 2420 sua?

169 2440 295 2500 Sed
328 2456 444 2501 nos
479 2439 872 2516 philosophia
904 2440 1208 2502 adversus
1244 2457 1459 2503 omnes
1492 2444 1589 2503 vel
1617 2450 1966 2517 temporum
1999 2445 2098 2504 vel
2133 2444 2252 2504 for·

166 2532 353 2584 tunae
392 2525 488 2585 vel
533 2529 790 2585 naturae
832 2522 1089 2585 insidias
1128 2522 1412 2587 munivit:
1461 2542 1620 2600 quae
1659 2525 1745 2586 ita
1786 2526 1963 2587 fortis
1999 2532 2130 2600 est,
2188 2532 2256 2586 ut

169 2606 392 2670 nullius
425 2606 682 2671 iniuriae
717 2607 1008 2685 impetum
1039 2608 1430 2684 extimescat,
1477 2609 1561 2670 ita
1603 2609 1758 2670 lenis
1803 2617 1865 2671 et
1894 2609 2139 2684 suavis,
2190 2617 2255 2670 ut

170 2708 388 2754 omnes
419 2692 785 2754 acerbitates
819 2691 994 2754 facile
1024 2691 1256 2768 mitiget
1285 2708 1359 2753 ac
1389 2692 1648 2767 molliat,
1692 2693 1774 2754 ita
1806 2694 2055 2763 demum
2086 2693 2252 2755 utilis

170 2783 234 2836 et
265 2777 614 2850 fructuosa,
644 2783 714 2839 ut
740 2783 932 2838 totam
963 2793 1033 2838 se
1061 2777 1140 2836 ad
1170 2776 1470 2839 humanas
1503 2776 1795 2839 utilitates
1824 2776 2253 2839 liberalissime

169 2858 445 2934 porrigat
483 2866 670 2935 atque
701 2860 984 2936 explicet
1075 2861 1175 2920 51.
1216 2861 1342 2927 Nec
1385 2878 1536 2923 vero
1580 2877 1765 2923 secus
1801 2862 2006 2923 debet.
2083 2862 2254 2937 Quae

168 2940 328 3001 enim
361 2942 763 3003 humanarum
794 2943 1176 3006 miseriarum
1219 2947 1540 3007 cumulum?
1560 2945 1790 3022 optime
1825 2944 1989 3006 norit
2016 2955 2079 3006 et
2113 2961 2253 3006 acu-

166 3024 403 3087 tissime
446 3025 811 3104 perspiciat,
873 3026 927 3089 si
966 3044 1075 3090 eas
1111 3028 1378 3104 patiatur
1415 3045 1666 3091 manare
1704 3028 1978 3105 longiuS‚
2044 3044 2252 3103 neque

168 3109 396 3170 homini
427 3127 710 3173 maerore
741 3112 1027 3173 consecto
1059 3111 1319 3174 consilio
1354 3113 1797 3190 praesidioque
1828 3130 1947 3175 suo
1993 3119 2247 3189 praesto

168 3190 275 3264 sit,
315 3194 458 3266 quid
491 3194 592 3255 illo
630 3192 947 3267 miseriuS,
995 3195 1143 3271 quid
1176 3196 1303 3258 vita
1331 3204 1547 3259 nostra
1576 3196 1950 3259 laboriosius
1981 3204 2094 3258 aut
2125 3202 2248 3256 tae·

166 3270 360 3332 trius?
420 3281 528 3335 aut
575 3275 724 3348 quid
774 3277 1110 3350 prodesset
1164 3287 1482 3356 aspectum
1528 3297 1565 3340 a
1605 3286 1823 3341 natura
1875 3280 1954 3339 ad
2016 3294 2247 3355 supera

167 3362 437 3414 erectum
470 3356 821 3429 accepisse,
877 3367 945 3417 ut
976 3363 1214 3422 caelum
1247 3362 1679 3440 contemplari,
1732 3371 1803 3424 ut
1832 3364 2095 3425 deorum
2126 3378 2249 3423 ma·
