2381 3723
137 132 211 182 αἱ)
765 123 932 182 CAP.
967 132 1222 186 19—21.
1267 132 1320 193 s.
1357 132 1618 188 ‘lo-77.
2106 128 2224 192 141

316 273 619 334 Nemo-me
649 277 932 335 lacrumis
961 276 1205 337 decoret
1228 293 1423 351 neque
1439 277 1669 347 funera
1692 280 1837 350 fletu

453 359 657 417 Faxit.

136 442 278 501 Non
315 448 531 500 censet
558 442 887 515 lugendam
923 458 1067 503 esse
1114 452 1371 504 mortem
1419 458 1601 518 quam
1632 440 2052 503 immortalitas
2089 459 2228 503 con·

137 530 466 599 sequatur.
545 525 643 583 74.
685 526 811 584 Iam
835 536 1061 587 sensus
1084 525 1386 590 moriendi
1413 525 1630 601 aliquis
1654 541 1795 587 esse
1819 533 2028 603 potest
2051 526 2228 602 isque

139 609 222 667 ad
255 606 548 682 exiguum
582 614 857 684 tempus,
905 610 1264 684 praesertim
1298 609 1457 671 sanie
1506 617 1652 687 post
1689 617 1949 671 mortem
1981 610 2227 685 quidem

139 708 376 751 sensus
407 698 516 757 aut
547 692 858 768 optandus
900 700 1008 753 aut
1037 695 1240 754 nullus
1272 701 1388 755 est.
1457 694 1580 754 Sed
1612 694 1729 753 hoc
1760 694 2115 755 meditatum
2151 696 2226 754 ab

139 773 571 835 adolescentia
616 775 804 836 debet
831 792 1002 851 esse,
1059 784 1317 857 mortem
1367 784 1435 837 ut
1473 777 1882 854 negligamuS,
1936 778 2070 838 sine
2107 796 2227 852 qua

139 858 548 919 meditatione
581 858 908 936 tranquillo
935 876 1078 921 esse
1109 861 1311 922 animo
1338 868 1547 936 potest
1569 877 1771 922 nemo.
1843 861 2225 923 Moriendurn

138 943 307 1003 enim
341 949 511 1022 certe
541 950 638 1003 est
666 950 728 1004 et
763 942 824 1002 id
853 942 1152 1005 incertum
1185 963 1263 1005 an
1304 945 1425 1006 hoc
1460 944 1597 1018 ipso
1631 943 1748 1004 die.
1820 946 2079 1006 Mortem
2123 946 2225 1020 igi-

140 1035 244 1085 tur
296 1027 582 1087 omnibus
632 1026 802 1087 horis
856 1027 1312 1103 impendentem
1365 1027 1584 1088 timens
1617 1028 1720 1102 qui
1751 1027 1977 1104 poterit
2023 1027 2224 1088 animo

140 1108 536 1170 consistere?
607 1112 698 1170 De
745 1125 866 1186 qua
908 1127 1034 1172 non
1065 1111 1152 1171 ita
1193 1113 1377 1188 longa
1420 1110 1835 1184 disputatione
1879 1128 2038 1186 opus
2082 1126 2226 1170 esse

139 1192 419 1267 videtur,
466 1211 653 1269 quum
701 1196 1000 1255 recordor
1048 1212 1171 1256 non
1218 1197 1286 1255 L.
1320 1196 1607 1264 Brutum,
1657 1193 1761 1268 qui
1805 1193 1865 1253 in
1915 1194 2227 1254 liberanda

141 1275 348 1352 patria
379 1284 479 1336 est
515 1275 906 1350 intersectuS,
974 1278 1073 1338 75.
1113 1295 1239 1340 non
1285 1280 1445 1339 duos
1475 1275 1729 1350 DeciOS,
1772 1276 1876 1352 qui
1906 1278 1984 1336 ad
2015 1279 2225 1339 volun-

139 1359 368 1420 tariam
409 1367 667 1421 mortem
711 1377 958 1422 cursum
1002 1379 1305 1438 equorum
1347 1360 1781 1434 incitaverunt,
1835 1377 1958 1421 non
1988 1362 2068 1422 Μ.
2100 1360 2227 1420 Ati-

144 1443 325 1516 lium,
355 1442 459 1518 qui
490 1444 572 1503 ad
599 1444 963 1520 supplicium
1000 1452 1096 1505 est
1125 1449 1473 1519 profectus,
1516 1453 1583 1505 ut
1605 1445 1787 1505 fidem
1827 1444 1993 1506 hosti
2024 1445 2225 1504 datam

143 1535 581 1600 conservaret,
637 1545 758 1588 non
792 1528 954 1589 duos
984 1528 1337 1605 Scipiones,
1396 1529 1496 1604 qui
1535 1528 1650 1590 iter
1680 1527 1904 1589 Poenis
1947 1530 2044 1590 vei
2094 1544 2225 1589 cor·

141 1610 406 1687 poribus
441 1609 572 1672 suis
605 1612 929 1673 obstruere
963 1614 1319 1685 voluerunt,
1374 1630 1497 1674 non
1530 1629 1711 1673 avum
1754 1620 1926 1673 tuum
1960 1613 2025 1674 L.
2055 1613 2224 1672 Paul-

147 1700 309 1767 lum,
343 1692 446 1769 qui
476 1702 673 1755 morte
699 1694 809 1756 luit
840 1678 1152 1770 Uoliegae
1137 1712 1198 1755 in
1232 1696 1533 1757 Cannensi
1565 1695 1896 1771 ignominia
1928 1695 2225 1757 temerita-

149 1785 299 1850 tem,
356 1794 480 1838 non
523 1779 602 1838 M.
650 1779 1033 1852 Marcellum,
1089 1779 1262 1840 cuius
1295 1779 1600 1841 interitum
1641 1796 1719 1840 ne
1762 1779 2223 1841 crudelissimus

147 1863 398 1937 quidem
456 1861 654 1924 hostis
705 1864 943 1925 honore
992 1866 1344 1938 sepulturae
1397 1880 1609 1926 carere
1652 1880 1877 1939 passus
1927 1869 2050 1936 est,
2111 1864 2219 1923 sed

150 1946 427 2020 .egiones
480 1954 756 2019 nostraS,
825 1947 993 2022 quod
1049 1947 1272 2023 scripsi
1315 1948 1377 2008 in
1428 1944 1910 2019 Originibus,
1973 1945 2033 2004 in
2086 1962 2222 2006 eum

129 2031 352 2110 *locum
387 2046 581 2105 saepe
614 2032 923 2105 profectas
955 2030 1142 2091 alacri
1171 2030 1374 2092 animo
1406 2038 1471 2090 et
1500 2036 1728 2100 erecto,
1768 2027 1931 2088 unde
1956 2044 2025 2087 se
2051 2045 2220 2088 num-

150 2129 335 2187 quam
376 2113 688 2176 redituras.
722 2113 1177 2175 arbitrarentur.
1249 2115 1429 2189 Quod
1469 2112 1651 2187 igitur
1691 2112 2119 2172 adolescentes
2166 2127 2223 2170 et

147 2195 188 2255 ii
219 2195 466 2270 quidem
497 2214 620 2257 non
653 2199 854 2260 solum
877 2196 1135 2270 indocti,
1190 2199 1305 2257 sed
1335 2196 1516 2256 etiam
1551 2194 1762 2256 rustici
1806 2201 2220 2266 contemnunt,

147 2279 210 2339 id
276 2275 444 2341 docti
498 2297 682 2340 senes
742 2282 1182 2344 extimescant?
1271 2280 1371 2340 76.
1429 2279 1717 2352 Omnino,
1782 2287 1851 2339 ut
1903 2277 2046 2340 mihi
2099 2277 2221 2354 qui-

148 2364 288 2424 dem
329 2363 597 2436 videtur,
627 2376 853 2425 ‘rerum
896 2364 1164 2426 omnium
1215 2363 1464 2426 satietas
1502 2363 1665 2424 vitae-
1691 2362 1835 2423 facit
1866 2365 2221 2424 satietatem.

149 2446 305 2507 Sunt
346 2446 640 2521 pueritiae
672 2454 840 2508 certa
877 2447 1110 2510 studia:
1157 2465 1302 2509 num
1341 2446 1522 2522 igitur
1568 2464 1641 2508 ea
1685 2445 2040 2507 desiderant
2078 2447 2224 2507 ado·

150 2532 499 2591 lescentes?
580 2531 736 2591 Sunt
772 2530 1037 2603 ineuntis
1081 2530 1567 2592 adolescentiae:
1622 2547 1762 2590 num
1814 2547 1888 2590 ea
1931 2538 2222 2591 constans

146 2612 267 2674 iam
313 2613 567 2688 requirit
616 2621 820 2687 aetaS,
881 2630 1041 2689 quae
1079 2614 1285 2675 media
1332 2612 1590 2674 dicitur?
1662 2611 1820 2674 Sunt
1862 2612 2041 2673 etiam
2091 2613 2223 2674 eius
2265 2621 2268 2626 ’

148 2694 396 2757 aetatis:
455 2714 533 2757 ne
574 2715 647 2758 ea
698 2696 944 2772 quidem
990 2706 1370 2773 quaeruntur
1397 2696 1455 2757 in
1503 2701 1842 2758 senectute.
1920 2695 2075 2755 Sunt
2123 2711 2222 2754 ex-

149 2789 345 2844 trema
375 2783 679 2856 quaedam
700 2780 904 2844 studia
933 2781 1300 2842 senectutis:
1347 2798 1527 2856 erg0‚
1564 2787 1629 2840 ut
1652 2775 2038 2853 superiorum
2064 2786 2222 2839 aeta·

150 2872 276 2924 turn
326 2863 530 2928 studio
570 2863 885 2938 occidunt,
947 2863 1040 2926 sic
1081 2864 1372 2925 occidunt
1419 2863 1597 2924 etiam
1643 2862 2010 2926 senectutisz-
2056 2864 2224 2939 quod

150 2964 338 3021 quum
357 2948 605 3024 evenit,
652 2947 906 3012 satietas
937 2945 1098 3009 vitae
1146 2955 1388 3024 tempus
1426 2954 1730 3012 maturum
1762 2947 1974 3009 mortis
2005 2948 2220 3010 adfert.

147 3031 304 3091 XXI.
347 3031 448 3090 77.
536 3030 842 3107 Equidem.
888 3048 1012 3093 non
1058 3030 1238 3093 video
1295 3048 1406 3092 cur
1464 3032 1609 3106 quid
1661 3031 1809 3108 ipse.
1840 3032 2097 3093 sentiam
2146 3031 2223 3088 de

151 3120 352 3178 morte,
381 3131 504 3175 non
549 3116 809 3178 audeam
844 3114 1020 3176 vobis
1057 3115 1292 3187 dicere,
1348 3116 1519 3191 quod
1563 3132 1637 3176 eo
1675 3114 1817 3175 mihi
1850 3112 2064 3177 melius
2098 3128 2200 3171 cer

133 3201 298 3257 'nere
331 3196 578 3271 videor,
609 3215 732 3274 quo
763 3199 839 3258 ab
873 3215 947 3259 ea
976 3198 1234 3275 propius
1265 3199 1503 3260 absum.
1569 3199 1700 3274 Ego
1725 3204 1971 3262 vestros
1992 3201 2221 3271 patres,

149 3281 210 3341 P.
251 3279 494 3357 Scipio,
549 3290 772 3358 tuque,
826 3282 890 3343 C.
913 3282 1106 3357 Laeli,
1166 3282 1332 3343 viros
1376 3280 1752 3343 clarissimos
1786 3278 2053 3353 mihique
2084 3276 2200 3337 ami

153 3363 468 3435 eissimos,
527 3364 736 3427 vivere
783 3365 1045 3429 arbitror
1102 3374 1165 3427 et
1201 3382 1336 3426 eam
1379 3363 1623 3439 quidem
1658 3363 1871 3431 vitam,
1930 3376 2086 3431 quae
2129 3367 2222 3415 est
