2381 3723
606 150 748 210 LlB.
783 151 825 210 1.
872 150 1040 211 CAP.
1070 159 1333 214 35—37.
1370 161 1424 222 S·
1452 163 1784 217 129—135.
2150 157 2229 218 41

149 307 354 374 setur,
434 309 734 376 sequatur
788 301 969 363 etiam
1025 301 1330 363 convivia.
1422 304 1840 367 Contentionis
1903 318 2235 384 praecepta

152 383 476 445 rhetorum
526 392 702 459 sunt,
754 388 922 447 nulla
960 386 1295 460 sermonis»,
1351 403 1723 464 quamquam
1770 389 1933 451 haud
1979 391 2111 451 scio
2154 409 2236 451 an

157 465 406 542 possint
454 467 610 528 haec
652 485 901 544 quoque
952 486 1125 531 esse.
1208 470 1335 531 Sed
1384 470 1748 532 discentium
1801 472 2022 534 studiis
2068 474 2236 533 inve·

158 550 408 612 niuntur
424 551 731 627 magistri,
774 552 915 614 huic
944 562 1147 614 autem
1178 553 1284 629 qui
1314 556 1606 616 studeant
1633 564 1778 617 sunt
1811 557 1989 632 nulli,
2033 559 2238 619 rheto-

159 650 289 694 rum
320 635 508 695 turba
535 637 762 697 referta
792 635 1013 698 omnia.
1093 638 1473 713 Quamquam
1518 654 1676 714 quae
1718 640 2048 702 verborum
2089 656 2232 702 sen-

159 716 608 794 tentiarumque
636 714 967 796 praecepta
997 728 1176 795 sunt,
1228 723 1444 783 eadem
1473 723 1552 781 ad
1584 738 1933 785 sermonem
1971 726 2238 801 pertine·

158 800 327 861 bunt.
423 801 561 862 133.
603 803 732 864 Sed
756 818 944 881 quum
976 804 1273 866 orationis
1313 803 1572 867 indicem
1615 822 1832 869 vocem
1876 808 2230 880 habeamuS,

162 883 215 944 in
232 900 398 945 voee
426 893 632 947 autem
657 888 783 950 duo
812 904 1179 963 sequamur,
1211 895 1279 949 ut
1314 889 1479 949 clara
1504 887 1617 961 sit,
1651 897 1715 950 ut
1743 891 1972 964 suavis,
2004 900 2231 952 utrum-

160 984 284 1044 que
313 968 564 1030 omuino
600 987 638 1031 a
677 980 891 1032 natura
918 973 1252 1048 petendum
1283 979 1407 1043 est,
1450 988 1664 1032 verum
1701 975 1958 1035 alterum
1999 973 2236 1036 exerci-

157 1051 308 1112 tatio
345 1053 623 1127 augebit,
666 1057 921 1116 alterum
952 1054 1206 1117 imitatio
1241 1070 1460 1132 presse
1500 1056 1877 1131 loquentium
1906 1067 1967 1119 et
1996 1059 2238 1119 leniter.

156 1134 312 1196 Nihil
354 1135 468 1196 fuit
493 1138 556 1196 in
594 1138 847 1211 Catulis,
891 1147 958 1199 ut
989 1155 1104 1201 eos
1147 1138 1457 1215 exquisito
1489 1137 1715 1200 iudicio
1747 1148 1997 1215 putares
2027 1142 2115 1202 uti
2145 1141 2240 1200 lit·

159 1225 457 1293 terarum,
510 1237 878 1298 quamquam
915 1229 1096 1284 erant
1136 1221 1413 1296 litterati,
1467 1223 1583 1283 sed
1631 1231 1692 1284 et
1746 1223 1871 1298 alii,
1917 1223 1980 1283 hi
2032 1232 2238 1284 autem
2298 1288 2309 1299 ,

159 1302 391 1380 optime
432 1303 522 1364 uti
572 1305 782 1382 ⁴lingua
822 1306 1033 1367 Latina
1091 1305 1481 1382 putabantur.
1569 1305 1777 1368 Sonus
1827 1313 1960 1368 erat
2014 1305 2240 1380 dulcia,

157 1387 399 1447 litterae
446 1403 649 1462 neque
694 1404 1033 1466 expressae
1074 1407 1277 1466 neque
1314 1406 1688 1467 oppressae,
1749 1405 1829 1452 ne
1862 1397 1969 1451 aut
2013 1391 2237 1452 obscu-

159 1487 296 1531 rum
332 1480 503 1532 esset
542 1480 648 1533 aut
674 1473 982 1549 putidum,
1027 1471 1162 1535 sine
1198 1474 1595 1536 contentione
1626 1492 1749 1535 vox
1791 1491 1905 1535 nec
1933 1477 2240 1551 languens

158 1571 280 1614 nec
310 1569 557 1617 canora.
626 1553 890 1619 Uberior
918 1558 1112 1618 oratio
1141 1559 1209 1617 L.
1253 1557 1457 1618 Crassi
1488 1574 1603 1619 nec
1639 1558 1838 1620 minus
1872 1561 2084 1631 faceta,
2121 1559 2234 1619 sed

162 1639 321 1698 bene
357 1638 653 1713 loquendi
690 1641 770 1700 de
814 1641 1042 1703 Catulis
1083 1639 1289 1716 opinio
1342 1659 1468 1703 non
1509 1640 1725 1703 minor.
1798 1643 1941 1704 Sale
1982 1659 2132 1703 vero
2175 1649 2239 1702 et

159 1721 395 1782 facetiis
427 1721 679 1794 Caesar,
736 1723 924 1785 Catuli
960 1723 1149 1800 patris
1184 1726 1403 1800 frater,
1454 1723 1601 1786 vicit
1631 1742 1879 1800 omnes,
1933 1735 1999 1787 ut
2033 1725 2093 1786 in
2130 1725 2238 1786 illo

160 1822 299 1881 ipso
337 1806 567 1867 sorensi
607 1824 834 1883 genere
879 1807 1125 1870 dicendi
1172 1808 1601 1872 contentiones
1645 1809 1904 1873 aliorum
1946 1825 2240 1872 sermone

163 1890 455 1950 vinceret.
544 1892 608 1951 ln
663 1892 947 1954 omnibus
1003 1892 1185 1969 igitur
1238 1892 1333 1955 his
1391 1894 1831 1954 elaborandum
1886 1900 2008 1967 est,
2071 1893 2126 1954 si
2176 1893 2236 1952 in

162 1972 327 2034 omni
358 1990 427 2033 re
460 1974 608 2049 quid
644 1976 864 2037 deceat
892 1976 1289 2053 exquirimus.
1382 1976 1521 2038 134.
1566 1976 1659 2035 Sit
1689 1993 1838 2051 ergo
1869 1976 1969 2036 hic
2009 1993 2238 2046 sermn,

162 2057 222 2117 in
255 2073 381 2131 quo
414 2056 712 2119 Socratici
753 2059 1014 2121 maxime
1059 2062 1399 2132 excellunt,
1451 2060 1608 2119 lenis
1649 2057 2017 2133 minimeque
2060 2058 2237 2133 perti·

162 2157 314 2215 nax,
343 2140 489 2201 insit
516 2141 575 2201 in
601 2160 676 2204 eo
706 2145 905 2217 lepos.
982 2144 1108 2203 Nec
1132 2159 1281 2204 vero
1299 2188 1314 2215 ,
1346 2150 1654 2218 tamquam
1681 2141 1740 2203 in
1766 2141 2238 2220 possessionem

161 2240 337 2285 suam
369 2223 638 2298 venerit,
695 2228 983 2288 excludat
1029 2224 1220 2300 alios,
1274 2226 1386 2287 sed
1435 2243 1623 2301 quum
1655 2224 1908 2304 reliquis
1949 2226 2008 2287 in
2050 2226 2240 2287 rebus

162 2317 288 2369 tum
310 2306 370 2367 in
403 2323 690 2370 sermone
729 2310 1037 2371 communi
1067 2307 1550 2371 vicissitudinem
1582 2328 1706 2373 non
1741 2310 2011 2409 iniquam
2044 2318 2241 2406 putet.

160 2395 253 2453 Ac
300 2391 512 2453 videat
564 2392 624 2453 in
667 2393 874 2469 primis
931 2394 1153 2469 quibus
1205 2395 1284 2454 de
1329 2394 1515 2455 rebus
1560 2397 1881 2471 loquatur:
1934 2393 1993 2455 si
2037 2393 2241 2465 seriiS,

162 2473 569 2537 severitatem
582 2477 886 2551 adhibeat,
917 2495 973 2538 si
993 2494 1248 2550 iocosis
1280 2479 1575 2553 leporem.
1639 2480 1715 2539 In
1739 2477 2074 2554 primisque
2096 2492 2242 2553 pro·

161 2559 368 2622 videat
405 2576 484 2619 ne
524 2573 730 2623 sermo
765 2560 978 2622 vitium
1023 2560 1277 2657 aliquod
1303 2559 1533 2622 indicet
1574 2562 1782 2622 inesse
1825 2561 1884 2621 in
1930 2559 2242 2622 moribus:

163 2644 331 2718 quod
370 2642 633 2704 maxime
668 2651 793 2705 tum
824 2645 988 2706 solet
1016 2645 1296 2717 evenire,
1338 2660 1528 2718 quum
1574 2644 1856 2706 studiose
1896 2644 1976 2703 de
2021 2643 2235 2703 absen-

163 2725 324 2788 tibus
362 2727 726 2789 detrahendi
759 2744 951 2790 causa
991 2735 1096 2788 aut
1131 2745 1242 2803 per
1272 2726 1593 2788 ridiculum
1629 2734 1735 2787 aut
1762 2741 2017 2800 severe,
2057 2727 2247 2786 male-

161 2809 297 2871 dice
352 2811 928 2888 contumelioseque
979 2810 1217 2873 dicitur.
1313 2810 1448 2871 135.
1501 2810 1818 2871 Habentur
1865 2822 2069 2871 autem
2116 2811 2245 2886 ple—

161 2910 425 2969 rumque
477 2910 800 2957 sermones
851 2902 957 2956 aut
1018 2896 1096 2956 de
1150 2893 1509 2956 domesticis
1562 2892 1826 2971 negotiis
1886 2902 1995 2957 aut
2042 2895 2121 2955 de
2173 2909 2247 2953 re

162 2977 409 3053 publica
451 2986 557 3038 aut
586 2979 667 3040 de
705 2977 919 3041 artium
952 2977 1174 3040 studiis
1212 2987 1397 3056 atque
1439 2978 1736 3039 doctrina.
1807 2979 2020 3041 Danda
2059 2978 2246 3053 igitur

163 3078 356 3139 opera
398 3069 501 3123 est
531 3068 629 3133 ut,
683 3062 862 3123 etiam
892 3061 948 3123 si
982 3063 1272 3123 aberrare
1320 3062 1398 3122 ad
1437 3060 1558 3122 alia
1603 3062 1914 3140 coeperit,
1964 3063 2040 3121 ad
2087 3061 2246 3119 haec

163 3151 501 3207 revocetur
542 3147 771 3219 oratio,
818 3147 937 3208 sed
985 3154 1321 3221 utcumque
1360 3146 1651 3207 aderunt:
1694 3162 1900 3222 neque
1932 3142 2093 3205 enim
2123 3143 2248 3202 eis·

164 3230 300 3290 dem
337 3229 419 3291 de
464 3229 651 3289 rebus
690 3246 807 3291 nec
850 3229 1013 3291 omni
1060 3238 1339 3305 tempore
1381 3245 1499 3290 nec
1527 3229 1802 3291 similiter
1848 3229 2242 3288 delectamur.

162 3312 788 3375 Animadvertendum
828 3320 928 3375 est
969 3312 1149 3374 etiam
1188 3319 1493 3388 quatenus
1526 3327 1731 3373 sermo
1770 3306 2245 3368 delectationen»

162 3395 386 3457 babeat
419 3404 509 3468 et.
545 3403 615 3457 ut
645 3395 971 3474 incipiendi
1006 3396 1159 3457 ratio
1194 3393 1388 3465 fuerit,
1422 3397 1504 3454 ita
1536 3393 1617 3452 sit
1650 3387 1970 3449 desinendi
1993 3388 2216 3445 modus
