2381 3723
209 118 280 174 ‘19
993 104 1496 168 FRAGMENTA.
2160 109 2287 171 269

210 261 427 320 derate
448 254 739 332 agitatum
762 264 823 317 et
850 256 1157 319 fluctuans
1174 304 1189 330 ,
1224 256 1411 334 idque
1440 273 1519 318 ex
1547 254 1896 319 inordinato
1919 257 1979 318 in
2007 258 2283 321 ordinem

209 340 481 403 adduxit.
541 339 674 401 Hoc
704 339 860 400 enim
906 338 1217 401 iudicabat
1258 356 1402 401 esse
1433 339 1863 416 praestantius.
1931 340 2051 402 Fas
2082 350 2284 403 autem

210 440 327 486 nec
397 430 493 484 est
551 438 667 484 nec
723 436 1013 497 umquam
1064 423 1173 485 fuit
1232 423 1570 499 quidquam
1633 423 1749 485 nisi
1812 424 2284 498 pulcherrimum

211 510 419 569 lacere
457 506 543 581 ei,
598 505 703 581 qui
755 513 925 567 esset
982 505 1268 583 optimus.
1356 508 1552 583 Quum
1604 505 1906 568 rationem
1950 506 2133 583 igitur
2183 509 2284 568 ha-

212 590 483 663 buisset,
548 589 894 665 reperiebat
933 589 1077 650 nihil
1124 605 1268 651 esse
1294 589 1554 663 eorum,
1610 607 1769 664 quae
1812 597 2029 652 natura
2072 607 2283 653 cerne·

215 680 455 745 rentur,
502 688 625 734 non
667 671 1011 748 intelligens
1042 673 1416 750 intelligente
1454 673 1514 734 in
1547 679 1679 735 toto
1709 690 1940 749 genere
1968 682 2284 751 praestan·

213 757 357 818 tius.
444 756 934 834 [Intelliqentiam
993 764 1190 818 autem
1257 760 1369 817 ulli
1417 762 1511 818 rei
1575 759 1920 819 adiunctam
1978 775 2105 819 esse
2158 762 2285 819 sinc

212 844 413 901 animo
451 841 630 913 nefas
673 840 848 917 esse]
938 839 1238 914 Quocirca
1278 839 1732 915 intelligentiam
1768 840 1829 900 in
1874 839 2075 903 animo
2094 886 2110 914 ,
2161 840 2283 901 ani·

214 939 379 984 mum
417 921 664 983 inclusit
683 921 744 983 in
784 939 1066 999 corpore.
1141 922 1245 983 Sic
1274 930 1444 984 ratus
1475 930 1571 984 est
1605 940 1766 999 opus
1811 923 1958 984 illud
1992 924 2283 984 effectum

217 1023 362 1067 esse
397 1005 883 1080 pulcherrimum.
955 1007 1147 1082 Quam
1181 1007 1262 1067 ob
1293 1023 1543 1068 causam
1587 1023 1711 1067 non
1746 1014 1843 1068 est
1872 1008 2283 1067 cunctandum

215 1088 519 1165 profiteri,
557 1088 610 1149 si
633 1090 820 1151 modo
843 1089 1201 1166 investigari
1231 1089 1459 1167 aliquid
1484 1088 1839 1152 coniectura
1858 1096 2086 1165 potest,
2119 1089 2282 1150 hunc

216 1172 507 1233 mundum
535 1171 756 1232 animal
787 1189 930 1234 esse
959 1173 1147 1249 idque
1181 1172 1524 1248 intelligens
1570 1179 1632 1234 et
1664 1172 1870 1233 divina
1900 1171 2285 1249 providentia

215 1254 631 1318 constitutum.
718 1257 819 1316 IV.
864 1257 997 1316 Hoc
1040 1256 1246 1332 posito
1286 1257 1455 1332 quod
1494 1256 1773 1332 seqnitur
1805 1254 2138 1316 videndum
2170 1262 2284 1328 est,

215 1337 533 1400 cuiusnam
579 1336 973 1400 animantium
1015 1340 1170 1401 deus
1218 1340 1277 1401 in
1330 1340 1621 1415 fingendo
1672 1338 1900 1400 mundo
1948 1336 2284 1400 similitudi-

215 1437 355 1482 nem
412 1428 663 1483 secutus
714 1421 813 1482 sit.
898 1422 1132 1484 Nullius
1175 1424 1457 1500 profecto
1510 1438 1725 1484 eorum
1781 1423 2061 1498 quidem,
2122 1436 2282 1496 quae

214 1512 359 1567 sunt
401 1504 580 1566 nobis
623 1513 772 1566 nota
811 1505 1156 1567 animantia.
1228 1507 1385 1569 Sunt
1427 1505 1586 1567 enim
1631 1504 1835 1567 omnia
1864 1505 1924 1566 in
1980 1505 2282 1580 quaedam

213 1603 441 1663 genera
467 1587 687 1665 partita
715 1596 822 1650 aut
850 1588 1160 1663 incohata,
1192 1591 1355 1652 nulla
1384 1606 1462 1650 ex
1491 1597 1664 1666 parte
1694 1589 1987 1665 perfecta.
2055 1590 2283 1669 Imper-

217 1673 377 1732 fecto
408 1681 611 1733 autem
652 1688 767 1733 nec
808 1673 1096 1734 absoluto
1128 1672 1324 1734 simile
1370 1676 1646 1749 pulcrum
1678 1689 1822 1735 esse
1860 1671 2005 1733 nihil
2053 1677 2283 1748 potest.

217 1754 399 1816 Cuius
431 1770 582 1831 ergo
625 1772 805 1817 omne
834 1757 1055 1818 animal
1090 1757 1267 1833 quasi
1302 1756 1596 1833 particula
1633 1756 1936 1832 quaedam
1966 1762 2094 1828 est,
2151 1754 2284 1816 sive

217 1851 276 1898 ln
313 1836 569 1916 singulis
611 1839 746 1902 sive
787 1838 844 1901 in
890 1840 1184 1903 universo
1229 1856 1455 1917 genere
1498 1846 1812 1913 cernatur,
1860 1838 1994 1901 eius
2026 1838 2284 1900 similem

217 1924 507 1983 mundum
531 1939 674 1984 esse
710 1923 1003 1986 dicamus.
1094 1925 1321 1986 Omnes
1347 1922 1557 1998 igitur,
1592 1922 1696 1998 qui
1725 1922 1926 1984 animo
1952 1928 2286 1983 cernuntur

215 2011 281 2065 et
323 2004 555 2067 ratione
593 2005 1010 2083 intelliguntur
1048 2008 1391 2069 animantes
1440 2008 1769 2082 complexu
1797 2005 2053 2067 rationis
2095 2011 2158 2065 et
2196 2003 2286 2064 in-

219 2086 611 2164 telligentiae,
644 2088 805 2152 sicut
831 2091 1139 2160 homines,
1179 2091 1301 2152 hoc
1326 2090 1553 2151 mundo
1588 2096 1648 2149 et
1673 2087 1947 2165 pecudes
1979 2094 2040 2148 et
2063 2085 2283 2157 omnia,

217 2187 378 2246 quae
407 2174 525 2233 sub
557 2181 875 2248 aspectum
908 2176 1165 2247 cadunt,
1200 2173 1823 2248 comprehenduntur.
1903 2171 2087 2247 Quod
2124 2169 2286 2231 enim

212 2255 686 2330 pulcherrimum
733 2256 793 2318 in
843 2274 1045 2320 rerum
1095 2264 1313 2318 natura
1367 2255 1618 2332 intelligi
1661 2262 1872 2332 potest
1910 2262 1974 2315 et
2003 2254 2173 2331 quod
2208 2269 2288 2314 ex

215 2337 381 2399 omni
419 2346 592 2415 parte
633 2341 1150 2403 absolutissimum
1197 2347 1320 2412 est,
1376 2357 1561 2416 quum
1603 2341 1758 2402 deus
1801 2338 1982 2414 [eius]
2030 2336 2288 2399 similem

214 2424 504 2484 mundum
545 2423 796 2484 efficere
826 2427 1036 2498 vellet,
1088 2424 1310 2485 animal
1337 2439 1553 2497 unum,
1607 2423 2012 2500 aspectabile,
2065 2421 2127 2482 in
2158 2436 2282 2497 quo

215 2504 420 2565 omnia
448 2505 728 2567 animalia
759 2508 1248 2580 continerentur,
1285 2507 1508 2567 effecit.
1582 2509 1855 2568 Rectene
1885 2505 2068 2582 igitur
2100 2520 2287 2566 unum

214 2588 505 2649 mundum
551 2590 814 2651 diximus
860 2607 937 2652 an
986 2594 1198 2668 plures
1254 2598 1314 2651 et
1350 2589 1823 2649 innumerabiles
1867 2589 2033 2649 dictu
2078 2587 2286 2649 verius

212 2678 274 2731 et
304 2671 561 2734 melius?
634 2674 809 2735 Unus
853 2676 1167 2750 profecto,
1221 2673 1274 2735 si
1317 2672 1564 2748 quidem
1608 2673 1806 2731 factus
1849 2670 2052 2732 estad
2085 2685 2288 2729 exem-

211 2756 400 2829 plum.
475 2756 654 2829 Quod
694 2755 851 2818 enim
900 2773 1119 2819 omnes
1141 2757 1480 2818 animantes
1517 2770 1661 2827 eos,
1710 2752 1814 2831 qui
1844 2752 2084 2815 ratione
2114 2750 2286 2812 intel-

209 2836 509 2912 liguntur,
543 2840 998 2917 complectitur,
1029 2841 1090 2901 id
1124 2857 1250 2902 non
1277 2846 1659 2916 potestesse
1689 2854 1825 2898 cum
1857 2839 2071 2899 altero.
2139 2836 2289 2897 Rur-

211 2935 327 2980 sus
359 2922 520 2981 enim
549 2922 704 2984 alius
745 2924 1050 2998 animans,
1084 2924 1183 2999 qui
1215 2941 1356 2985 eum
1384 2921 1723 2995 contineat,
1772 2921 1852 2983 sit
1880 2936 2144 2982 necesse
2174 2924 2287 2989 est,

211 3001 390 3065 cuius
424 3012 632 3082 partes
673 3006 799 3067 sint
837 3007 1177 3068 animantes
1206 3006 1592 3083 superiores,
1652 3007 2018 3080 caelumque
2045 3004 2169 3064 hoc
2213 3001 2290 3062 si·

212 3087 552 3151 mulacrum
592 3089 752 3151 illius
794 3091 986 3151 ultimi
1027 3090 1136 3163 sit,
1195 3107 1320 3152 non
1362 3085 1638 3166 proximi.
1711 3090 1979 3163 Quorum
2021 3102 2100 3147 ne
2143 3082 2290 3161 quid

210 3169 523 3233 accideret
579 3180 766 3249 atque
823 3181 892 3235 ut
954 3174 1053 3234 hic
1108 3175 1375 3236 mundus
1432 3178 1604 3233 esset
1655 3170 1946 3233 animanti
2005 3170 2289 3231 absoluto

205 3251 589 3331 simillimus,
630 3256 752 3319 hoc
783 3257 953 3335 ipso,
998 3257 1166 3333 quod
1201 3259 1374 3321 solus
1408 3263 1594 3333 atque
1622 3272 1782 3317 unus
1813 3261 2014 3327 esset,
2058 3251 2288 3313 idcirco

209 3338 588 3413 singularem
630 3342 785 3404 deus
825 3343 987 3404 hunc
1019 3342 1314 3403 mundum
1351 3347 1535 3416 atque
1565 3340 1889 3415 unigenam
1920 3333 2287 3413 procreavit.

2285 3567 2321 3591 Δ
