2381 3723
100 143 182 206 54
913 141 1012 200 DE
1049 140 1370 201 OFFlcuS

98 293 370 358 utilitatis
412 292 816 371 repugnantia
859 291 1205 369 comparari
1251 309 1365 353 nec
1394 289 1487 364 id,
1555 293 1726 369 quod
1775 291 2181 353 communiter

99 380 480 457 appellamus
528 379 888 452 honestum,
945 377 1111 452 quod
1162 376 1384 437 colitur
1425 376 1502 436 ab
1543 374 1650 450 iis,
1709 375 1815 452 qui
1854 377 2061 438 bonos
2108 397 2180 440 se

99 464 268 526 viros
298 460 513 523 haberi
544 464 783 534 volunt,
834 479 971 522 cum
1018 459 1443 521 emolumentis
1476 477 1767 537 umquam
1797 468 1893 521 est
1930 462 2186 536 compa-

98 549 385 619 randum,
427 553 675 621 tamque
709 544 772 605 id
807 547 1170 619 honestum,
1225 545 1394 620 quod
1427 543 1488 604 in
1532 551 1809 607 nostram
1840 542 2179 621 intelligen-

97 631 241 692 tiam
296 628 483 702 cadit,
543 629 839 690 tuendum
911 629 1536 705 conservandumque
1595 627 1775 689 nobis
1839 636 1936 689 est
1994 644 2188 704 quam

98 713 274 786 illud,
330 715 514 791 quoq
542 713 792 790 proprie
835 713 1055 774 dicitur
1096 729 1370 788 vereque
1401 721 1498 774 est
1522 713 1880 784 honestum,
1935 712 2182 788 sapien-

102 797 285 859 tibus.
360 796 557 858 Aliter
602 797 763 858 enim
806 797 1000 859 teneri
1042 814 1163 857 non
1208 803 1446 873 potest,
1506 794 1561 857 si
1606 812 1728 873 qua
1772 795 1850 856 ad
1897 795 2181 858 virtutem

99 890 196 943 est
228 883 389 942 facta
416 881 799 958 progressio.
870 881 994 944 Sed
1024 881 1179 941 haec
1213 878 1460 956 quidem
1504 881 1581 940 de
1622 879 1726 953 iis,
1780 878 1884 955 qui
1929 896 2181 941 conser-

97 965 347 1027 vatione
380 965 727 1027 ol'ficiorum
755 965 1182 1028 existimantur
1202 963 1370 1025 boni.
1464 963 1560 1026 18.
1609 963 1721 1038 Qui
1746 970 1949 1025 autem
1975 961 2185 1025 omnia

99 1049 431 1112 metiuntur
466 1050 894 1112 emolumentis
925 1058 987 1112 et
1032 1047 1375 1109 commodis
1416 1063 1621 1123 neque
1655 1064 1728 1109 ea
1759 1049 1973 1108 volunt
2002 1064 2181 1125 prae·

98 1132 431 1212 ponderari
450 1134 797 1209 honestate,
832 1134 894 1195 hi
925 1135 1129 1195 solent
1153 1132 1216 1193 in
1249 1130 1646 1193 deliberando
1675 1133 2008 1193 honestum
2040 1148 2181 1192 cum

100 1236 207 1292 e0,
261 1220 429 1295 quod
474 1219 621 1281 utile
673 1226 916 1295 putant,
971 1233 1361 1293 comparare:
1416 1215 1562 1277 boni
1615 1215 1731 1276 viri
1778 1233 1901 1277 non
1953 1217 2177 1276 solent.

98 1305 312 1380 ltaque
346 1301 631 1364 existimo
675 1303 1058 1377 Panaetium,
1111 1318 1300 1377 quum
1343 1298 1563 1360 dixerit
1602 1299 1918 1361 ‘homines
1972 1301 2180 1361 solere

99 1386 158 1446 in
192 1387 309 1446 hac
352 1385 812 1463 comparatione
853 1386 1188 1459 dubitare,'
1234 1385 1357 1446 hoc
1399 1383 1603 1471 ipsum
1650 1383 1959 1456 sensisse,
2009 1383 2178 1459 quod

102 1469 353 1541 dixerit,
398 1472 672 1531 ‘solere'
710 1472 927 1544 mod0‚
971 1487 1095 1530 non
1129 1469 1307 1530 etiam
1338 1472 1712 1544 ‘oportere’
1784 1466 2024 1529 Etenim
2052 1483 2177 1528 non

101 1552 288 1614 modo
314 1552 505 1627 pluris
530 1559 748 1630 putare
773 1555 941 1629 quod
962 1552 1108 1614 utile
1129 1555 1411 1614 videatur
1435 1569 1616 1628 quam
1643 1553 1812 1628 quod
1829 1552 2177 1622 honestum,

101 1638 212 1697 sed
251 1635 429 1695 etiam
467 1637 621 1697 haec
660 1635 818 1696 inter
850 1654 919 1698 se
950 1653 1311 1714 comparare
1351 1636 1501 1697 etin
1534 1635 1628 1696 his
1664 1635 2027 1697 addubitare
2058 1641 2176 1696 tur-

100 1718 422 1797 pissimum
452 1728 567 1780 est.
638 1720 794 1796 Quid
826 1737 973 1798 ergo
1007 1728 1131 1794 est,
1188 1720 1356 1797 quod
1405 1737 1529 1781 non
1565 1737 1899 1796 numquam
1943 1717 2177 1780 dubita-

102 1803 328 1865 tionem
367 1805 610 1866 adferre
649 1806 851 1867 soleat
880 1803 1527 1881 considerandumque
1561 1803 1880 1865 videatur?
1956 1803 2175 1875 Credo,

102 1888 154 1949 si
187 1888 435 1964 quando
470 1887 762 1950 dubitatio
809 1889 1031 1950 accidit
1071 1892 1253 1965 quale
1286 1890 1365 1949 sit
1393 1888 1484 1961 id,
1535 1890 1614 1950 de
1656 1906 1778 1963 quo
1826 1887 2176 1950 considere·

98 1981 216 2034 tur.
312 1973 407 2034 19.
455 1973 659 2051 Saepe
681 1974 840 2035 enim
876 1981 1154 2050 tempore
1178 1973 1249 2033 fit
1278 1980 1370 2045 ut,
1407 1974 1575 2049 quod
1608 1981 1786 2049 turpe
1817 1974 2178 2049 plerumque

98 2056 310 2119 haberi
340 2059 563 2129 soleat,
615 2056 959 2120 inveniatur
1005 2076 1128 2119 non
1182 2073 1326 2118 esse
1371 2063 1570 2133 turpe.
1660 2055 1937 2132 Exempli
1989 2071 2180 2116 causa

96 2148 367 2216 ponatur
396 2140 625 2216 aliquid
658 2144 826 2217 quod
859 2149 1065 2219 pateat
1095 2140 1294 2202 latius.
1370 2142 1544 2215 Quod
1573 2146 1781 2216 potest
1804 2141 2001 2201 maius
2032 2155 2178 2201 esse

99 2227 304 2285 scelus
339 2240 519 2300 quam
553 2242 676 2285 non
712 2227 897 2286 modo
931 2226 1273 2300 hominem,
1326 2225 1438 2285 sed
1471 2222 1651 2284 etiam
1688 2223 2039 2283 familiarem
2069 2223 2177 2284 ho·

97 2306 321 2367 minem
374 2307 700 2369 occidere?
772 2311 925 2369 Num
981 2310 1163 2385 igitur
1209 2326 1281 2369 se
1330 2307 1616 2369 astrinxit
1653 2310 1921 2379 scelere,
1976 2306 2028 2368 si
2074 2304 2179 2382 qui

96 2399 426 2467 tyrannum
468 2391 693 2451 occidit
736 2391 1016 2467 quamvis
1059 2391 1455 2454 familiarem?
1498 2393 1734 2468 Populo
1780 2390 2026 2466 quidem
2056 2392 2179 2451 Ro-

100 2489 278 2533 mano
321 2490 443 2533 non
495 2473 762 2549 videtur,
818 2477 921 2551 qui
964 2494 1040 2537 ex
1093 2474 1378 2538 omnibus
1424 2474 1758 2552 praeclaris
1808 2474 1983 2535 factis
2025 2473 2179 2534 illud

99 2555 572 2632 pulcherrimum
626 2558 947 2621 existimat.
1033 2558 1198 2620 Vicit
1255 2576 1403 2635 ergo
1458 2558 1685 2619 utilitas
1747 2558 2180 2618 honestatem?

96 2642 284 2701 Immo
322 2657 473 2702 vero
522 2643 816 2705 honestas
864 2643 1212 2705 utilitatem:
1265 2645 1353 2721 [et
1390 2646 1612 2703 utilitas
1648 2641 2037 2717 honestatem]
2081 2658 2170 2701 se·

98 2733 238 2786 cuta
271 2733 388 2786 est.

220 2812 463 2883 ltaque,
532 2817 599 2870 ut
664 2810 797 2872 sine
851 2813 975 2872 ullo
1044 2826 1255 2871 errore
1315 2808 1651 2872 diiudicare
1714 2809 2054 2887 possimuS,
2119 2806 2178 2869 si

97 2893 344 2967 quando
379 2908 513 2952 cum
554 2892 692 2968 illo,
741 2896 909 2969 quod
948 2894 1277 2956 honestum
1316 2893 1736 2971 intelligimuS,
1789 2908 2066 2971 pugnare
2111 2891 2174 2951 id

94 2975 423 3049 videbitur,
470 2977 640 3053 quod
670 2980 1051 3054 appellamus
1083 2980 1262 3052 utile,
1309 2979 1570 3040 formula
1600 2979 1901 3053 quaedam
1948 2973 2175 3037 eonsti-

95 3059 323 3121 tuenda
354 3067 478 3133 est,
534 3077 716 3136 quam
750 3062 802 3122 si
846 3079 1179 3138 sequemur
1208 3062 1268 3121 in
1317 3062 1775 3139 comparatione
1805 3077 2039 3132 rerum,
2094 3058 2174 3120 ab

95 3143 300 3205 officio
338 3161 671 3219 numquam
708 3147 1092 3207 recedemus.
1182 3146 1283 3205 20.
1328 3146 1459 3207 Erit
1489 3153 1691 3207 autem
1732 3146 1887 3205 haec
1911 3145 2175 3204 formula

97 3306 342 3381 quidem
359 3308 453 3371 his
469 3310 636 3371 libris
653 3320 984 3387 propterea
1001 3312 1334 3389 sequimur,
1357 3313 1543 3389 quod,
1566 3329 1935 3388 quamquam
1952 3328 1988 3372 a
2004 3316 2171 3370 vete·

97 3388 264 3452 n’bus
281 3390 668 3453 Academicis
694 3401 754 3453 ct
771 3410 806 3452 a
821 3394 1237 3471 Peripateticis
1260 3397 1504 3470 vestriS,
1528 3397 1632 3471 qui
1649 3396 1959 3472 quondam
1984 3392 2174 3455 iidem

230 3585 276 3617 ι
