2381 3723
156 103 277 167 190
516 102 996 165 PARADOXON
1027 102 1129 162 v1.
1180 102 1345 163 cAP.
1369 112 1422 163 2.
1444 110 1497 164 3.
1543 110 1595 171 S.
1618 109 1857 167 47—58.
2149 113 2218 162 74

153 255 236 316 ris
262 272 442 330 quam
474 254 669 315 virtus
699 252 1079 314 aestimanda
1108 259 1225 315 est.
1313 253 1408 313 111.
1453 252 1556 313 49.
1647 251 1693 311 Ο
1725 251 1786 312 di
1815 251 2220 315 immortales!

154 355 274 399 non
325 336 669 414 intelligunt
718 336 997 397 homines
1051 353 1232 412 quam
1275 353 1556 411 magnum
1599 335 1859 411 vectigal
1902 336 1982 397 sit
2026 337 2221 411 parci—

156 422 372 485 monia.
458 420 659 482 Venio
711 420 869 481 enim
919 419 1038 480 iam
1091 421 1168 479 ad
1222 427 1649 496 sumptuosos,
1707 419 1984 495 relinquo
2036 420 2221 482 istum

156 512 617 581 quaestuosum.
692 503 867 579 Capit
899 503 999 563 ille
1029 519 1107 563 ex
1139 503 1269 564 suis
1305 502 1571 580 praediis
1600 510 1886 564 sescenta
1918 503 2219 576 sestertia,

152 606 268 665 ego
307 595 566 649 centena
595 605 675 648 ex
715 587 900 648 meis:
944 586 1026 646 illi
1056 594 1271 647 aurata
1309 594 1471 648 tecta
1504 588 1565 647 in
1592 586 1747 647 villis
1791 594 1853 647 et
1891 589 2027 648 sola
2067 603 2213 648 mar·

150 689 360 733 morea
384 671 629 734 facienti
647 678 709 732 et
730 670 906 747 signa
926 678 987 732 et
1009 670 1266 743 tabulaS,
1292 669 1732 747 supellectilem
1754 677 1815 731 et
1834 677 2068 732 vestem
2090 670 2215 730 inli-

151 755 272 816 nite
317 753 778 831 concupiscenti
808 772 930 815 non
977 755 1164 815 modo
1212 755 1289 814 ad
1331 761 1638 831 sumptum
1683 752 1785 814 ille
1824 760 1922 814 est
1966 756 2219 827 fructuS‚

150 839 263 900 sed
287 837 466 899 etiam
494 839 575 899 ad
604 841 781 899 fenus
806 837 1084 914 exiguus,
1158 838 1252 898 Ex
1275 854 1413 899 meo
1435 837 1601 899 tenui
1627 836 1905 913 vectigali
1929 836 2219 898 detractis

150 922 492 999 sumptibus
527 920 873 998 cupiditatis
910 920 1139 998 aliquid
1181 921 1362 981 etiam
1397 919 1784 983 redundabit.
1862 922 2011 982 Uter
2039 920 2218 997 igitur

151 1012 245 1066 est
274 1005 520 1067 divitior
555 1006 652 1067 cui
682 1007 861 1067 deest
888 1021 964 1065 an
997 1005 1094 1066 cui
1134 1007 1426 1081 superat?
1473 1004 1576 1079 qui
1606 1013 1745 1081 eget
1775 1019 1851 1064 an
1890 1004 1994 1081 qui
2032 1005 2215 1066 abun-

148 1091 292 1150 dat?
336 1089 508 1151 cuius
544 1088 866 1164 possessio
905 1106 1027 1164 quo
1068 1096 1165 1150 est
1195 1088 1417 1162 maior,
1470 1105 1545 1149 eo
1580 1091 1719 1164 plus
1767 1087 2024 1163 requirit
2043 1090 2122 1148 ad
2150 1105 2219 1148 sc

149 1173 440 1233 tuendam
484 1189 559 1233 an
608 1189 768 1249 quae
814 1171 944 1234 suis
988 1189 1058 1234 se
1093 1171 1324 1234 viribus
1370 1172 1669 1234 sustinet?
1754 1173 1855 1232 50.
1904 1171 2029 1233 Sed
2074 1171 2224 1246 quid-

150 1271 266 1331 ego
303 1257 382 1317 de
411 1273 510 1317 me
544 1257 799 1332 loquor,
852 1254 956 1331 qui
996 1273 1235 1318 morum
1274 1272 1348 1316 ac
1387 1263 1725 1332 temporum
1768 1254 1914 1316 vitio
1948 1254 2217 1330 aliquan·

151 1350 272 1400 tum
324 1340 503 1400 etiam
555 1340 691 1416 ipse
748 1341 1014 1400 fortasse
1069 1339 1128 1399 in
1181 1338 1360 1401 huius
1418 1339 1648 1401 saeculi
1699 1355 1908 1400 errore
1964 1341 2219 1399 verser?

149 1424 247 1482 Μ’.
290 1422 572 1485 Manilius
617 1430 858 1500 patrum
902 1429 1256 1484 nostrorum
1316 1423 1638 1496 memoria,
1691 1439 1770 1483 ne
1812 1439 2059 1499 semper
2108 1422 2216 1483 Cu-

149 1507 275 1568 rios
328 1513 390 1566 et
434 1506 739 1568 Luscinos
783 1508 1134 1580 loquamur,
1194 1522 1432 1584 pauper
1481 1508 1728 1568 tandem
1780 1506 1907 1567 fuit.
1996 1505 2217 1566 Habuit

152 1588 308 1650 enim
349 1588 661 1650 aediculas
704 1590 765 1649 in
800 1588 1030 1650 Carinis
1063 1597 1125 1651 et
1155 1591 1407 1651 fundum
1450 1590 1510 1649 in
1537 1590 1866 1650 Labicano.
1949 1591 2076 1650 Nos
2111 1588 2220 1664 igi-

151 1681 246 1733 tur
289 1671 636 1747 divitiores,
689 1671 791 1747 qui
839 1674 1014 1747 plura
1049 1674 1388 1735 habemus?
1455 1674 1696 1736 Utinam
1744 1672 2018 1749 quidem!
2094 1672 2216 1733 Sed

150 1773 270 1816 non
324 1755 746 1817 aestimatione
795 1772 1052 1821 census.
1109 1774 1321 1818 verum
1363 1756 1527 1819 victu
1567 1764 1752 1832 atque
1805 1759 1972 1818 cultu
2021 1755 2217 1817 termi-

149 1847 329 1902 natur
378 1839 676 1917 pecuniae
733 1839 974 1902 modus.
1064 1841 1164 1902 51.
1218 1843 1353 1904 Non
1412 1858 1554 1903 esse
1615 1840 1903 1918 cupidum
1956 1839 2219 1918 pecunia

149 1931 272 1999 est,
322 1941 447 1986 non
492 1941 636 1986 esse
679 1940 950 1985 emacem
983 1924 1244 2001 vectigal
1288 1932 1402 1987 est.
1491 1926 1855 1987 Contentum
1899 1941 2046 1986 vero
2088 1924 2217 1986 suis

147 2007 333 2070 rebus
378 2025 523 2070 esse
566 2008 865 2069 maximae
910 2016 1055 2070 sunt
1093 2008 1597 2084 certissimaeque
1646 2007 1910 2070 divitiae.
1982 2007 2220 2068 Etenim

148 2089 198 2151 si
252 2090 351 2152 isti
403 2091 602 2152 callidi
651 2109 854 2154 rerum
898 2092 1326 2155 aestimatores
1362 2102 1539 2169 prata
1581 2100 1641 2154 et
1691 2108 1866 2152 areas
1920 2094 2218 2168 quasdam

149 2189 367 2250 magno
424 2173 778 2249 aestimant,
846 2178 1015 2251 quod
1071 2176 1128 2236 ei
1181 2176 1393 2254 generi
1451 2175 1924 2252 possessionum
1976 2174 2218 2235 minime

148 2257 322 2332 quasi
374 2258 585 2318 noceri
634 2266 872 2335 potest,
938 2259 1148 2335 quanti
1201 2267 1300 2322 est
1347 2259 1729 2320 aestimanda
1770 2258 1996 2333 virtus,
2060 2274 2219 2334 quae

144 2356 259 2401 nec
299 2339 453 2417 eripi
493 2357 609 2401 nec
641 2340 864 2418 surripi
907 2350 1116 2417 potest
1157 2360 1447 2420 umquam
1500 2360 1701 2420 neque
1745 2340 2064 2417 naufragio
2102 2356 2218 2403 nec

142 2421 428 2484 incendio
483 2423 776 2485 amittitur
825 2442 941 2486 nec
971 2426 1029 2486 vi
1069 2434 1497 2503 tempestatum
1533 2443 1651 2487 nec
1695 2434 2038 2502 temporum
2084 2442 2219 2501 per-

143 2505 490 2567 turbatione
538 2512 832 2570 mutatur!
908 2510 1038 2583 Qua
1080 2510 1338 2586 praediti
1391 2510 1496 2585 qui
1538 2517 1683 2572 sunt
1725 2509 1842 2571 soli
1885 2516 2033 2571 sunt
2072 2507 2217 2569 divi-

142 2600 258 2651 tes.
348 2589 450 2649 52.
498 2590 625 2652 Soli
654 2591 815 2653 enim
846 2593 1174 2670 possident
1205 2612 1303 2655 res
1338 2601 1402 2655 et
1431 2595 1779 2657 fructuosas
1812 2600 1876 2654 et
1904 2593 2218 2670 sempiter-

140 2689 252 2736 nas
306 2672 578 2750 solique,
631 2678 802 2753 quod
836 2684 933 2738 est
968 2677 1284 2755 proprium
1334 2676 1709 2751 divitiarum,
1764 2676 2036 2738 contenti
2077 2681 2223 2737 sunt

139 2757 326 2819 rebus
358 2758 518 2833 suis,
551 2760 704 2822 satis
737 2778 881 2822 esse
911 2768 1127 2836 putant
1158 2762 1327 2837 quod
1358 2769 1484 2835 est,
1517 2760 1662 2821 nihil
1691 2767 2020 2837 appetunt,
2054 2760 2220 2819 nulla

140 2857 207 2899 re
241 2848 452 2916 egent,
484 2842 628 2903 nihil
659 2843 776 2906 sibi
807 2846 1033 2906 deesse
1067 2844 1367 2918 sentiunt,
1400 2844 1544 2905 nihil
1574 2844 1924 2920 requirunt,
1954 2841 2219 2919 improbi

139 2931 343 2984 autem
392 2932 454 2986 et
504 2929 703 3001 avari,
768 2927 1055 3002 quoniam
1112 2928 1378 2990 incertas
1430 2936 1615 3004 atque
1669 2927 1730 2988 in
1783 2944 1934 2989 casu
1978 2925 2218 3001 positas

139 3007 579 3082 possessiones
623 3011 850 3073 habent
883 3020 947 3073 et
984 3013 1124 3090 plus
1171 3028 1419 3088 semper
1460 3018 1790 3089 appetunt,
1845 3025 1960 3071 nec
2005 3024 2219 3071 eorum

141 3090 463 3169 quisquam
506 3095 707 3155 adhuc
747 3094 1036 3157 inventus
1067 3103 1167 3158 est
1195 3095 1292 3160 cui
1335 3097 1502 3172 quod
1551 3094 1804 3156 haberet
1845 3100 2014 3155 esset
2045 3091 2216 3161 satis,

139 3192 262 3235 non
302 3177 490 3237 modo
524 3195 649 3239 non
683 3178 924 3254 copiosi
958 3196 1032 3241 ac
1068 3180 1318 3253 diviteS‚
1353 3180 1466 3241 sed
1498 3178 1679 3241 etiam
1700 3177 1923 3256 inopes
1963 3190 2212 3256 acpau-

140 3272 322 3331 peres
352 3259 736 3322 existimandi
769 3271 929 3324 sunt.
