2381 3723
0 1457 51 1574 5:132?
0 1309 52 1432 ‘ms‘
0 1161 53 1285 ‘Mai
0 677 52 1100 §stiriis-{isa

9 1639 53 1736 Ητ·

217 108 346 173 242
696 93 701 98 ’
1008 108 1516 169 FRAGMENTA„
2233 121 2312 171 ae

350 261 448 321 15.
492 260 665 321 Hanc
692 269 760 321 tu
790 260 984 320 habes
1016 258 1399 334 dignitatem,
1444 276 1565 334 qua
1597 260 1789 320 fretus
1826 276 1926 321 me
1958 259 2302 320 contemnis

221 355 282 406 et
312 343 613 421 despiciS‚
645 360 722 404 an
749 360 915 419 eam,
951 360 1129 420 quam
1155 343 1390 418 reliqua
1412 342 1537 404 vita
1559 359 1630 404 es
1660 344 2075 404 consecutus?
2112 360 2301 418 quum

220 428 303 489 ita
344 427 579 501 vixisti,
633 436 702 488 ut
743 444 868 489 non
912 434 1081 488 esset
1119 428 1306 488 locus
1354 435 1474 488 tam
1522 433 1805 499 sanctu&
1860 443 1982 503 quo
2026 441 2150 486 non
2190 428 2298 487 ad-

221 518 441 573 ventus
499 518 676 583 tuuS,
746 510 923 571 etiam
986 527 1172 585 quum
1227 513 1409 588 culpa
1458 513 1621 572 nulia
1678 512 1999 584 subesset,
2066 509 2299 571 crimen

219 595 508 657 adferret.

352 693 447 753 16.
493 693 689 767 Quum
742 692 1298 768 deprehendehare
1336 690 1398 751 in
1439 690 1788 766 adulteriis,
1842 710 2031 768 quum
2079 693 2303 767 depae-

209 776 537 836 'hendcbas
588 776 911 838 adulteros
957 775 1128 873 ipse,
1184 792 1369 851 quum
1417 791 1496 836 ex
1551 776 1769 837 eodem
1814 783 2033 853 stupro
2079 775 2192 836 tibi
2234 784 2308 837 et

218 872 476 921 uxorem
508 867 570 920 et
604 860 790 921 filiam
820 859 1127 921 invenisti.

349 957 592 1018 17...
640 958 871 1034 stupris
926 974 997 1019 se
1051 958 1336 1020 omnibus
1389 973 1463 1018 ac
1524 956 1771 1033 flagitiis
1827 955 2298 1018 contaminavit:

219 1042 411 1103 caede
441 1001 673 1102 nefaria
711 1041 1078 1103 cruentavit:
1139 1040 1385 1117 diripuit
1426 1041 1669 1103 socios:
1729 1042 1932 1116 legeS‚
1987 1039 2297 1115 quaestio-

217 1141 328 1186 nes
344 1171 358 1198 ,
388 1124 621 1186 iudicia
637 1125 909 1188 violavit.

347 1220 441 1283 18.
484 1223 639 1299 Quid
664 1231 871 1300 ego-ut
887 1222 1259 1285 involaveris
1278 1223 1654 1298 provinciam
1674 1220 2041 1299 praedicem,
2070 1230 2297 1283 cuncto

218 1307 452 1383 populo
484 1308 764 1369 Romano
798 1310 1096 1369 clamante
1127 1323 1202 1367 ac
1234 1306 1601 1369 resistente?
1640 1308 1788 1367 Nam
1818 1314 1887 1367 ut
1914 1312 1974 1365 te
2003 1304 2123 1364 illic
2152 1321 2293 1379 ges·

217 1390 377 1451 seris·
418 1407 540 1450 non
589 1390 790 1452 audeo
836 1390 1072 1464 dicere,
1126 1389 1418 1465 quoniam
1467 1392 1788 1452 absolutus
1815 1405 1923 1462 xes.
1997 1388 2294 1450 Mentitus

218 1490 361 1535 esse
401 1473 640 1549 equites
670 1475 1018 1546 Romanos,
1070 1476 1262 1535 falsas
1292 1474 1487 1535 fuisse
1519 1474 1774 1535 tabelias
1815 1471 2295 1535 honestissimae

219 1555 488 1617 civitatis
529 1556 841 1618 existimo:
900 1559 1227 1619 mentitum
1255 1560 1323 1633 Q.
1363 1559 1674 1643 Metellum
1717 1556 1922 1630 Pium,
1977 1555 2291 1617 mentitam

216 1638 514 1711 Africam,
550 1641 789 1702 vidisse
816 1649 964 1718 puto
998 1641 1214 1703 neaeio
1245 1641 1392 1717 quid
1420 1642 1559 1704 iilos
1589 1641 1851 1713 iudices,
1893 1640 1996 1715 qui
2026 1647 2086 1700 te
2116 1638 2291 1701 inno·

217 1730 455 1785 centem
488 1723 848 1788 indicarunt.
920 1725 966 1786 Ο
1001 1724 1221 1797 miser,
1267 1725 1373 1803 qui
1403 1743 1530 1789 non
1566 1724 1794 1787 sentias
1826 1724 1929 1785 illo
1957 1722 2179 1784 iudicio
2227 1733 2292 1786 te

216 1822 337 1867 non
367 1808 749 1882 absolutum,
792 1825 1005 1875 verum
1036 1809 1114 1874 ad
1146 1810 1396 1887 aliquod
1426 1809 1710 1872 severius.
1736 1807 2026 1872 iudicium
2057 1822 2129 1867 ac
2165 1823 2293 1868 rna·

213 1890 309 1954 ius
322 1937 327 1947 .
340 1891 717 1968 supplicium*
737 1901 1149 1958 reservatum..

344 1989 439 2049 119.
482 1991 812 2053 Praetereo
851 1990 1013 2052 iilum
1067 1991 1364 2053 nefarium
1420 1998 1704 2052 conatum
1756 1997 1924 2052 tuum
1980 1997 2041 2049 et
2088 2005 2290 2064 paene

211 2074 497 2136 acerbum
540 2081 607 2134 et
642 2077 993 2138 luctuosum
1025 2074 1427 2152 reipublicae
1457 2073 1614 2135 diem
1635 2120 1650 2147 ,
1703 2090 1900 2151 quum
1923 2074 2030 2134 Cn.
2059 2070 2287 2133 Pisone

213 2156 386 2220 socio
420 2173 625 2232 neque
653 2157 770 2218 alio
806 2159 1049 2219 nomine
1085 2159 1340 2220 caedem
1382 2160 1741 2234 optimatum
1773 2159 1978 2219 facere
2016 2155 2286 2219 voluisti.

339 2252 441 2314 20.
486 2256 585 2314 An
619 2254 845 2316 obiitus
869 2272 939 2316 es
960 2264 1021 2316 te
1046 2272 1123 2317 ex
1154 2273 1283 2329 me,
1318 2272 1501 2331 quum
1535 2262 1886 2332 praeturam
1912 2261 2284 2331 peteremus,

211 2337 474 2413 petisse,
530 2343 598 2397 ut
640 2336 746 2398 tibi
796 2338 1056 2414 primum
1102 2341 1305 2401 locum
1351 2341 1797 2401 concederem?
1870 2339 2052 2414 Quod
2093 2354 2284 2413 quum

212 2420 460 2496 saepius
492 2437 710 2495 ageres
743 2428 804 2483 et
831 2420 1246 2498 impudentius
1279 2440 1314 2482 a
1343 2439 1441 2484 me
1472 2425 1909 2496 contenderes,
1957 2421 2284 2482 meministi

212 2520 309 2563 me
342 2503 448 2565 tibi
490 2506 873 2580 respondere
920 2505 1307 2582 impudenter
1340 2514 1401 2567 te
1440 2508 1672 2580 facere,
1725 2507 1829 2583 qui
1859 2506 1922 2567 id
1962 2524 2002 2567 a
2039 2522 2137 2567 me
2179 2521 2283 2580 pe·

208 2595 404 2662 tereS,
439 2589 603 2663 quod
632 2606 669 2649 a
698 2597 759 2651 te
788 2591 1061 2652 Boculus
1089 2608 1420 2666 numquam
1454 2591 1883 2668 impetrasset?
1934 2589 2151 2651 Nescis
2184 2605 2298 2650 rne-

208 2681 555 2749 praetorem
587 2673 845 2748 primum
882 2690 1024 2735 esse
1070 2675 1327 2746 factum,
1372 2682 1435 2735 te
1478 2674 1887 2737 concessione
1920 2673 2277 2750 competito-

210 2772 344 2817 rum
389 2763 451 2817 et
492 2755 819 2818 collatione
864 2757 1272 2819 centuriarum
1321 2765 1382 2819 et
1426 2775 1564 2820 tneo
1607 2759 1868 2819 maxime
1907 2756 2209 2820 beneficio
2246 2772 2284 2816 e

202 2845 526 2914 postremo
557 2838 617 2899 in
651 2841 894 2905 tertium
923 2843 1124 2905 locum
1162 2858 1308 2903 esse
1338 2842 1723 2904 subiectum?

878 2992 1041 3059 [Dicit
1074 2993 1139 3044 de
1171 2994 1324 3046 medis
1355 2991 1607 3059 civibus]

332 3102 430 3163 21.
480 3103 593 3178 Qui
637 3112 855 3179 postea
904 3122 1089 3180 quam¹
1130 3106 1233 3167 iilo
1288 3107 1491 3169 conati
1532 3114 1710 3168 erant
1733 3104 2125 3182 Hispaniensi
2170 3125 2276 3182 pu·

207 3186 494 3261 giunculo
518 3203 744 3248 nervos
775 3188 1044 3251 incidere
1076 3190 1295 3251 civium
1319 3194 1746 3254 Romanorum
1767 3207 1894 3252 non
1918 3196 2278 3267 potuerunt,

210 3270 364 3408 dtuas
424 3287 549 3330 uno
614 3279 892 3348 tempore
942 3282 1244 3336 conantur
1295 3275 1355 3337 in
1411 3292 1539 3336 rem
1592 3275 1894 3352 publicam
1949 3273 2112 3335 sicas
2171 3273 2278 3334 de-

208 3364 239 3406 s
268 3362 537 3423 ringere.
