2381 3723
68 117 191 181 178
814 122 822 128 “
865 118 1343 180 PARADOXON
1725 170 1731 176 .
2073 128 2144 182 62

70 268 295 343 oratio,
353 269 547 330 dicam
588 276 793 329 tamen
840 269 1007 344 quod
1054 269 1254 330 sentio
1309 274 1371 328 et
1417 266 1615 329 dicam
1666 267 1914 329 brevius
1958 285 2150 344 quam

73 369 172 413 res
207 360 370 414 tanta
405 351 524 413 dici
565 352 786 428 poscit.
857 355 1200 427 Numquam
1243 351 1591 411 mehercule
1635 367 1753 426 ego
1797 367 2002 427 neque
2038 368 2144 429 pe-

73 436 281 498 cunias
312 437 570 498 istorum
603 452 806 512 neque
843 443 1005 496 tecta
1034 435 1359 511 magnifica
1391 451 1593 509 neque
1625 450 1778 511 opes
1811 451 2016 510 neque
2036 434 2146 496 im-

74 519 242 596 peria
270 535 473 595 neque
508 533 645 593 eas,
684 520 906 594 quibus
938 520 1199 580 maxime
1231 516 1463 579 astricti
1492 524 1660 590 sunt,
1700 520 2051 594 voluptates
2077 518 2139 578 in

73 603 251 663 bonis
282 605 470 664 rebus
502 611 607 663 aut
648 601 1013 678 expetendis
1043 619 1185 664 esse
1238 601 1414 675 duxi,
1476 601 1705 677 quippe
1750 618 1939 677 quum
1973 601 2138 662 vide·

72 703 202 746 rem
232 686 513 747 homines
546 686 733 747 rebus
764 686 859 747 his
901 686 1392 747 circumfluentes
1437 700 1511 744 ea
1557 693 1755 745 tamen
1789 684 2144 745 desiderare

73 767 353 842 maxime,
382 769 604 844 quibus
635 769 1034 830 abundarent.
1107 771 1320 845 Neque
1349 767 1509 828 enim
1543 770 1824 844 expletur
1851 785 2142 843 umquam

73 869 188 914 nec
218 853 471 914 satiatur
502 851 847 929 cupiditatis
878 850 1275 928 silis‚·neque
1309 854 1509 913 solum
1540 867 1615 911 ea
1635 850 1739 927 qui
1761 852 1987 911 habent
2014 850 2142 911 libi-

73 936 215 996 dine
237 936 504 1011 augendi
528 936 891 1010 cruciantur,
918 937 1032 997 sed
1055 936 1235 997 etiam
1260 933 1570 996 amittendi
1594 942 1780 995 metu.
1837 936 1894 993 7.
1928 936 1994 994 ln
2016 951 2139 1009 quo

73 1018 357 1095 equidem
388 1018 1052 1081 continentissimorum
1074 1018 1385 1082 hominum
1401 1064 1417 1092 ,
1448 1016 1744 1079 maiorum
1766 1024 2140 1090 nostrorum,

73 1120 262 1177 saepe
295 1103 544 1179 requiro
581 1103 997 1180 prudentiam,
1056 1103 1161 1179 qui
1188 1103 1344 1163 haec
1384 1101 1684 1164 imbecilla
1717 1109 1779 1162 et
1809 1108 2141 1164 commuta·

75 1186 215 1246 bilia
257 1186 558 1263 pecuniae
596 1188 936 1261 [membra]
985 1187 1177 1248 verbo
1232 1189 1463 1246 ‘Boiu’
1517 1193 1886 1262 putaverunt
1933 1186 2141 1262 appel·

73 1272 283 1343 landa,
315 1288 502 1346 quum
525 1287 592 1330 re
616 1287 689 1331 ac
722 1270 892 1333 sactis
915 1272 1101 1346 longe
1130 1270 1305 1331 aliter
1325 1267 1783 1331 iudicavissent.
1852 1270 2141 1331 Potestne

72 1355 299 1414 bonum
345 1353 628 1429 cuiquam
677 1356 833 1415 malo
878 1371 1020 1415 esse
1076 1360 1181 1415 aut
1228 1360 1439 1429 potest
1480 1352 1802 1428 quisquam
1854 1354 1913 1413 in
1956 1353 2141 1413 abun-

73 1435 278 1497 dantia
326 1437 630 1498 bonorum
678 1436 813 1512 ipse
863 1454 1007 1499 esse
1056 1455 1179 1497 non
1226 1437 1471 1497 bonus?
1540 1435 1730 1511 Atqui
1771 1435 1890 1498 ista
1937 1436 2142 1498 omnia

75 1520 214 1580 talia
242 1520 558 1592 videmus,
621 1526 689 1580 ut
734 1520 912 1580 etiam
954 1519 1214 1595 improbi
1262 1520 1530 1580 habeant
1569 1529 1629 1581 et
1670 1519 1877 1581 obsint
1903 1518 2137 1596 probis.

72 1601 130 1662 8.
177 1604 369 1677 Quam
411 1603 490 1663 ob
533 1618 664 1662 rem
705 1602 849 1663 licet
886 1603 1163 1678 irrideat,
1215 1603 1403 1679 siqui
1445 1606 1599 1677 vult,
1653 1605 1793 1678 plus
1839 1604 2003 1679 apud
2043 1618 2140 1662 me

73 1697 273 1745 tamen
304 1701 451 1745 vera
480 1685 633 1746 ratio
666 1685 894 1746 valebit
927 1703 1105 1762 quarn
1138 1688 1303 1763 vulgi
1337 1685 1544 1764 opinio
1564 1734 1579 1761 ,
1632 1703 1837 1763 neque
1867 1702 1983 1761 ego
2014 1703 2140 1747 um·

73 1785 254 1843 quam
282 1769 447 1829 bona
478 1768 826 1846 perdidisse
859 1769 1085 1843 dicam,
1124 1770 1177 1831 si
1209 1770 1309 1846 qui
1339 1786 1533 1848 pecus
1564 1778 1671 1833 aut
1700 1770 2138 1846 supellectilem

71 1851 370 1927 amiserit,
410 1870 615 1930 neque
642 1871 767 1915 non
810 1871 1000 1932 saepe
1033 1854 1297 1917 laudabo
1331 1854 1674 1931 sapientem
1718 1854 1913 1929 illum,
1963 1853 2115 1915 Bian

75 1945 224 2010 tem,
273 1944 342 1998 ut
375 1939 623 2014 opinor,
670 1936 773 2014 qui
805 1947 1159 2000 numeratur
1186 1939 1247 1999 in
1281 1946 1551 2015 septem:
1598 1938 1772 2000 cuius
1818 1955 2004 2015 quum
2035 1954 2127 2014 pa·

69 2020 244 2080 triam
296 2021 553 2097 Prienen
602 2021 872 2098 cepisset
920 2022 1116 2085 hostis
1170 2022 1522 2098 caeterique
1572 2023 1654 2084 ita
1703 2025 2014 2099 sugerent,
2070 2028 2141 2081 ut

72 2106 259 2164 multa
296 2106 373 2163 de
403 2105 534 2166 suis
564 2106 750 2166 rebus
786 2122 997 2168 secum
1034 2113 1455 2183 asportarent,
1504 2123 1691 2181 quum
1723 2114 1893 2168 esset
1931 2107 2141 2166 admo-

72 2187 232 2247 nitus
265 2203 301 2246 a
345 2190 643 2263 quodam,
698 2196 765 2250 ut
793 2189 952 2251 idem
994 2190 1128 2266 ipse
1169 2192 1429 2250 faceret:
1505 2192 1674 2265 ‘Ego
1718 2193 1905 2251 vero’
1945 2188 2141 2265 inquit

72 2270 297 2331 ‘facioz
359 2287 499 2330 nam
544 2270 747 2331 omnia
791 2289 1026 2334 mecum
1072 2281 1253 2348 porto
1299 2289 1455 2334 mea.
1543 2273 1603 2334 9.
1647 2275 1754 2333 Ille
1794 2273 1946 2334 haec
1990 2270 2139 2333 ludi-

70 2353 202 2413 bria
237 2354 517 2414 fortunae
563 2371 640 2414 ne
671 2371 785 2415 sua
820 2358 1065 2431 quidem
1100 2354 1365 2433 putavit,
1418 2373 1576 2432 quae
1611 2373 1729 2419 nos
1758 2358 2138 2433 appellamus

71 2436 253 2496 etiam
301 2436 483 2498 bona.
560 2435 714 2512 Quid
757 2446 855 2499 est
891 2439 1100 2515 igitur,
1147 2446 1402 2516 quaeret
1443 2439 1693 2516 aliquis,
1737 2440 2008 2501 bonum?
2074 2437 2140 2498 Si

73 2518 219 2594 quid
260 2527 428 2580 recte
471 2520 539 2580 fit
599 2528 660 2582 et
699 2523 960 2584 honeste
989 2532 1217 2584 etcum
1243 2523 1491 2596 virtute,
1541 2523 1603 2583 id
1636 2524 1794 2584 bene
1832 2524 1961 2584 fieri
1991 2538 2139 2585 vere

71 2602 291 2665 dicitur
329 2611 418 2678 et,
466 2605 635 2681 quod
667 2613 898 2667 rectum
930 2616 989 2668 et
1021 2608 1347 2670 honestum
1384 2614 1445 2667 et
1478 2623 1613 2667 eum
1645 2606 1869 2668 virtute
1900 2613 2024 2679 est,
2077 2605 2140 2665 id

71 2689 272 2748 solum
324 2688 548 2764 opinor
602 2689 851 2750 bonum.
940 2693 1011 2751 11.
1071 2691 1164 2750 10.
1256 2690 1380 2751 Sed
1431 2691 1584 2751 haec
1626 2688 1820 2751 videri
1876 2696 2140 2765 possunt

72 2769 461 2844 obscuriora,
526 2789 712 2847 quum
772 2772 990 2834 lentius
1054 2773 1471 2850 disputantur:
1537 2772 1662 2834 vita
1720 2780 1906 2849 atque
1963 2771 2136 2834 lactis

69 2853 428 2914 illustranda
456 2863 603 2917 sunt
631 2873 1005 2918 summorum
1039 2857 1309 2920 virorum
1346 2858 1527 2931 haec,
1568 2874 1726 2932 quae
1757 2856 1960 2917 verbis
1994 2855 2136 2917 sub·

72 2934 230 2998 tilius
289 2954 471 3013 quam
521 2940 669 3001 satis
721 2949 818 3003 est
870 2940 1165 3016 disputari
1214 2940 1518 3002 videntur.
1598 2943 1838 3016 Quaero
1891 2939 2048 3001 enim
2100 2955 2136 2997 a

69 3021 248 3082 vobis
303 3039 445 3081 num
499 3024 680 3083 ullam
728 3023 1160 3100 cogitationem
1202 3023 1492 3085 habuisse
1545 3022 1869 3084 videantur
1905 3022 1975 3099 ii,
2034 3021 2137 3096 qui

69 3105 227 3165 hanc
278 3122 408 3165 rem
466 3106 768 3181 publicam
834 3115 954 3167 tam
1007 3110 1325 3185 praeclare
1381 3109 1691 3168 fundatam
1756 3106 1936 3168 nobis
2000 3106 2135 3166 reli-

73 3195 364 3262 querunt,
413 3197 520 3249 aut
557 3189 691 3251 auri
732 3197 794 3250 et
827 3191 1062 3267 argenti
1091 3193 1168 3252 ad
1201 3191 1511 3252 avaritiam
1552 3198 1657 3252 aut
1700 3190 2132 3252 amoenitatum

71 3269 150 3326 ad
181 3270 645 3334 delectationem
690 3280 797 3334 aut
836 3276 1232 3350 supellectilis
1262 3277 1341 3336 ad
1386 3274 1633 3336 delicias
1673 3285 1775 3336 aut
1815 3276 2134 3350 epularum

71 3351 150 3408 ad
180 3353 568 3427 voluptates?
660 3359 753 3416 11.
796 3357 1009 3419 Ponite
1039 3368 1177 3421 ante
1203 3362 1421 3421 oculos
1463 3377 1650 3422 unum
1697 3374 2007 3434 quemque
2041 3372 2134 3416 re-

70 3448 234 3504 gum.
305 3435 505 3497 Vultis
545 3455 581 3496 a
621 3441 925 3501 Romulo?
982 3444 1163 3505 vultis
1206 3451 1355 3521 post
1404 3444 1653 3504 liberam
1706 3441 2008 3502 civitatem
2055 3440 2130 3499 ab

77 3580 131 3604 h.
