2381 3723
138 110 265 173 376
548 108 856 169 INCERTI
886 105 1275 169 AUCTORIS
1306 104 1808 168 CONSOLATIO.
2134 118 2240 173 18⁶

139 260 338 322 blicae
381 276 456 322 ac
507 258 722 336 populi
770 257 1029 320 Romani
1079 257 1425 319 cervicibus
1472 256 1750 333 depulsis
1783 259 2232 322 contraximus.

141 345 270 407 Sed
291 351 505 406 nostra
533 342 715 404 fuerit
742 358 1065 415 aerumna,
1097 340 1334 402 civibus
1367 340 1690 417 contigerit
1720 342 1889 403 salus
1921 349 1987 403 et
2018 343 2232 419 quies:

142 446 328 506 quam
375 426 556 489 etiam
597 425 724 487 vita
763 425 902 502 ipsa
943 425 1407 501 profundenda,
1448 424 1502 486 si
1545 441 1704 501 opus
1753 424 2004 499 fuisset,
2043 428 2234 489 liben-

140 511 376 574 tissime
423 511 929 572 redemissemuS.
1022 510 1117 569 15.
1161 508 1315 569 Nihil
1361 524 1627 569 necesse
1680 516 1778 569 est
1819 508 1964 569 mihi
2009 511 2093 572 de
2140 527 2231 571 me

137 597 278 673 ipso
312 592 694 672 praedicare.
739 592 865 654 Sed
894 600 1100 654 tamen
1129 590 1452 653 verissime
1480 592 1806 653 adfirmare
1829 609 2094 669 possum
2123 610 2230 655 eos

140 681 388 740 demum
418 693 619 738 annos
649 692 749 737 me
775 692 925 737 vere
953 675 1216 749 vixisse,
1252 691 1412 751 quos
1440 676 1500 735 in
1536 678 1856 752 praeclaro
1883 676 2104 754 aliquo
2126 694 2229 754 pa-

142 762 293 823 triae
340 762 436 822 vel
480 759 811 821 commodo
855 761 952 820 vel
987 766 1348 821 ornamento
1390 759 1771 835 consumpsi.
1840 761 1967 835 Ac,
2007 761 2068 823 si
2102 763 2227 823 lon·

139 846 275 923 gius
305 844 450 906 mihi
471 844 659 906 vitam
690 844 1040 919 producere
1069 842 1312 916 liceret,
1346 860 1470 906 non
1501 860 1599 904 me
1621 843 1738 903 alia
1767 859 1961 905 causa
1984 846 2069 906 ad
2101 845 2226 906 diu·

138 930 259 991 tius
292 928 627 991 vivendum
663 944 846 1004 quam
886 924 1170 1003 publicae
1215 924 1481 988 utilitatis
1512 926 1783 989 studium
1816 943 2100 1005 curaque
2128 930 2225 988 ad-

140 1015 425 1087 duceret,
459 1028 618 1089 quae
649 1027 772 1073 una
804 1011 1092 1087 cogitatio
1122 1010 1184 1070 in
1226 1009 1473 1071 homine
1504 1010 1781 1086 gloriosa
1810 1016 1874 1072 et
1899 1011 2224 1073 laudabilis

140 1105 237 1159 est
274 1096 554 1158 maxime.
641 1098 720 1155 V.
770 1094 868 1156 16.
911 1094 1114 1168 Nunc,
1150 1110 1311 1170 quae
1352 1101 1629 1156 extrema
1669 1096 1748 1154 de
1787 1095 2097 1157 aetatibus
2127 1113 2225 1157 su·

140 1187 382 1258 perest,
427 1179 577 1257 quid
620 1196 738 1255 ego
784 1179 863 1239 de
904 1176 1244 1240 senectutis
1285 1177 1694 1239 incommodis
1726 1194 1801 1239 ac
1841 1179 2111 1240 miseriis
2143 1182 2224 1241 lo-

142 1265 337 1339 quar?
385 1281 539 1340 quas
587 1262 880 1341 plurimas
922 1278 1068 1323 esse
1113 1268 1175 1322 et
1212 1260 1613 1336 gravissimas
1656 1269 1720 1322 et
1752 1278 1980 1325 nomen
2019 1263 2226 1340 ipsum

141 1348 452 1425 languoris
514 1345 997 1421 calamitatisque
1045 1343 1468 1420 plenissimum
1521 1345 1749 1407 indicat
1806 1355 1869 1406 et
1928 1355 2226 1423 aspectus

140 1432 277 1510 ipse
308 1448 527 1493 senum
558 1430 874 1493 hominum
907 1429 1213 1505 patefacit.
1282 1428 1438 1505 Quid
1481 1438 1579 1491 est
1621 1428 1784 1491 enim
1813 1428 1981 1491 aliud
2013 1447 2228 1493 senem

141 1514 353 1577 videre
383 1521 778 1585 trementem,
817 1513 1170 1586 incurvum,
1204 1521 1422 1574 canum
1442 1561 1457 1586 ,
1490 1512 1886 1587 imbecillum,
1916 1513 2229 1576 infirmum

142 1614 324 1673 quam
359 1605 613 1657 cernere
642 1596 1004 1658 morientem
1026 1595 1243 1657 'vivum
1273 1605 1378 1659 aut
1406 1596 1711 1658 viventem
1742 1601 2095 1660 mortuum?
2136 1601 2229 1658 Ac

141 1681 194 1742 si
227 1698 352 1741 non
384 1679 564 1741 nullis
599 1679 800 1743 visum
829 1687 928 1744 est
957 1697 1238 1756 magnam
1271 1697 1416 1743 esse
1447 1680 1656 1742 senilis
1688 1680 1906 1742 aetatis
1940 1684 2225 1743 consola·

139 1765 368 1827 tionem
401 1763 785 1841 prudentiam
818 1782 942 1826 usu
974 1781 1180 1826 rerum
1224 1764 1597 1840 quaesitam,
1630 1781 1791 1841 quae
1817 1764 1975 1827 illius
2007 1764 2222 1826 aetatis

139 1847 393 1927 propria
437 1855 566 1924 est,
609 1849 866 1911 eosdem
909 1848 1048 1910 illos
1094 1848 1269 1910 fateri
1309 1855 1583 1927 oportet,
1624 1867 1704 1910 ex
1747 1865 1822 1910 eo
1864 1847 2007 1926 ipso
2057 1850 2223 1911 sonte

140 1950 390 1995 manare
425 1933 605 2007 etiam
652 1935 733 1994 ad
765 1950 952 1995 senes
993 1949 1118 1994 non
1166 1932 1477 1995 minimum
1521 1933 1755 1995 doloris
1803 1939 1990 2009 atque
2037 1934 2222 1994 mole-

141 2018 315 2078 stiae.
408 2018 503 2077 17.
562 2016 675 2092 Qui
717 2016 878 2078 enim
935 2033 1007 2078 se
1060 2017 1424 2093 prudentem
1471 2033 1800 2093 rerumque
1845 2018 2222 2093 agendarum

141 2101 402 2176 peritum
447 2099 760 2177 agnoscit,
812 2117 924 2162 cur
969 2117 1094 2162 non
1143 2101 1376 2175 doleat,
1435 2117 1596 2176 quae
1652 2099 1881 2177 optime
1928 2099 2220 2176 intelligit,

142 2201 293 2261 prae
336 2183 556 2245 aetatis
600 2183 745 2244 vitio
798 2182 1026 2260 optime
1067 2183 1251 2245 etiam
1277 2185 1580 2260 perficere
1609 2199 1732 2245 non
1762 2185 1995 2260 posse?
2042 2191 2135 2256 et,
2173 2182 2222 2244 si

141 2267 400 2344 patriam
445 2264 669 2342 diligit,
711 2281 824 2326 cur
865 2282 989 2327 non
1020 2274 1311 2342 angatur,
1343 2267 1514 2343 quod
1546 2284 1729 2341 quam
1767 2266 2028 2330 consilio
2057 2267 2225 2328 iuvat

142 2367 335 2426 opera
377 2349 561 2411 etiam
610 2348 823 2409 iuvare
864 2366 989 2410 non
1043 2350 1283 2426 possit?
1339 2367 1543 2428 eoque
1590 2349 1787 2412 maior
1832 2350 2222 2427 prudentium

142 2434 323 2494 dolor
363 2440 492 2506 est,
539 2431 710 2507 quod
744 2431 1115 2507 optimorum
1160 2433 1557 2496 consiliorum
1603 2436 1866 2497 fructum
1906 2435 2079 2496 nulla
2110 2433 2223 2494 alia

140 2515 378 2578 ratione
410 2515 647 2592 percipi
676 2530 898 2592 posse,
933 2534 1117 2593 quam
1149 2517 1203 2576 si
1238 2516 1467 2594 optime
1498 2518 1578 2578 ad
1614 2517 1841 2579 exitum
1885 2519 2223 2593 perducan-

144 2608 273 2675 tur,
305 2598 678 2677 intelligunt,
717 2602 916 2677 quod,
956 2601 1073 2662 nisi
1114 2599 1209 2661 vir
1250 2600 1517 2677 optimus
1544 2601 1904 2677 patriaeque
1934 2600 2222 2662 amantis·

142 2683 334 2746 simus
393 2685 474 2745 ad
534 2685 842 2761 agendum
897 2685 1183 2758 accedat,
1243 2700 1503 2760 prorsus
1559 2684 1765 2746 inania
1820 2684 1943 2746 sint
2001 2687 2222 2746 futura.

138 2769 244 2829 Vl.
295 2767 392 2828 18.
438 2771 527 2830 De
557 2768 859 2829 aetatibus
890 2767 1040 2830 satis
1074 2767 1219 2828 mihi
1251 2767 1465 2830 videor
1496 2768 1750 2830 dixisse.
1810 2768 1968 2844 Quid
1998 2769 2120 2829 iam
2148 2768 2230 2827 de

139 2852 471 2928 generibus
500 2852 815 2915 hominum
842 2854 1105 2929 loquar?
1149 2862 1255 2913 aut
1282 2869 1428 2914 num
1460 2851 1609 2928 quid
1631 2852 1941 2930 principes
1970 2851 2143 2914 viros
2165 2856 2229 2911 et

140 2934 382 2998 medios
412 2942 474 2996 et
501 2934 747 2997 infimos
793 2953 992 3011 aeque
1022 2934 1286 2998 miseros
1318 2952 1463 2997 esse
1505 2952 1735 3013 negare
1763 2937 2068 3012 possum?
2109 2936 2226 2996 Re—

139 3036 251 3096 ges
297 3018 415 3096 ipsi
454 3036 638 3095 quam
673 3019 878 3080 miseri
909 3018 1032 3080 sint
1065 3027 1423 3095 quantoque
1458 3036 1650 3096 opere
1689 3018 2118 3091 sollicitudini,
2157 3016 2222 3077 ti·

140 3103 297 3164 mori
329 3111 516 3180 atque
545 3102 784 3164 insidiis
815 3101 1122 3181 propositi
1151 3103 1304 3165 satis
1334 3103 1607 3166 ostendit
1639 3102 2002 3181 DionysiuS,
2037 3117 2222 3179 quum

141 3184 493 3247 imminente
528 3185 712 3263 capiti
747 3186 950 3261 gladio
986 3188 1341 3248 Damoclem
1374 3188 1656 3248 fortunae
1687 3204 1838 3248 suae
1874 3186 2221 3248 felicitatem

140 3267 334 3326 voluit
368 3267 652 3342 experiri.
709 3271 833 3329 Nec
864 3269 1112 3341 mirum,
1157 3287 1346 3346 quum
1382 3269 1457 3330 iis
1489 3271 1790 3332 bellorum
1827 3272 2221 3339 calamitateS‚

143 3363 428 3419 agrorum
453 3349 867 3422 vastationeS,
912 3354 1283 3428 populorum
1319 3353 1578 3429 caedes,
1619 3353 1862 3414 urbium
1904 3352 2092 3414 exitia
2122 3351 2224 3412 im-
