2381 3723
195 147 296 201 141
955 135 1515 199 POEMATORUM.

195 291 389 362 Quum
416 293 577 351 caeli
599 292 775 351 nituit
793 291 1132 365 yenitabilis
1155 306 1317 350 aura
1342 293 1555 363 sereni,

195 375 570 448 Coniunqens
591 378 855 451 qeminos
881 375 1179 435 subtracto
1207 375 1405 435 sidere
1428 375 1653 436 Asellos
1668 395 1688 434 .-

191 459 439 520 Postilla
468 459 760 520 undosam
777 462 1006 535 poteris
1035 464 1309 535 spectare
1325 462 1677 534 procellam.

191 541 264 603 Si
288 545 469 616 niqra
497 545 576 604 sit
602 545 833 605 Phatne
846 589 861 617 ,
901 545 1154 618 oeminis
1180 546 1344 604 color
1370 561 1524 605 unus
1552 545 1616 602 in
1644 546 1824 604 astris

193 625 265 686 Si
289 629 498 700 niteat,
522 630 742 703 pluviis
768 628 1085 689 declivibus
1111 642 1265 688 arva
1288 628 1625 706 madebunt.

191 709 265 771 Si
286 711 526 789 Boreae
549 715 801 789 propior
826 715 1137 786 lanquenti
1165 718 1399 788 torpeat
1426 716 1565 787 ione

191 794 362 856 Nube
388 798 582 857 latens
608 813 796 859 caeca
810 842 826 870 ,
869 799 1056 858 niteat
1081 799 1332 858 vicinior
1360 796 1595 873 Ausa-o,

191 880 321 940 Par
348 882 619 942 metuisse
644 881 856 943 Notum
882 889 1000 944 est.-
1040 887 1252 943 contra
1278 883 1377 942 hic
1400 883 1457 942 si
1474 886 1770 954 marceat,
1815 882 1916 943 ille

191 965 477 1039 Fulqeat,
521 982 562 1025 a
593 982 767 1028 saevo
793 971 990 1027 ventos
1017 965 1307 1041 Aquilone
1332 967 1580 1028 notabis.

192 1050 405 1123 Atque
435 1047 620 1110 etiam
655 1057 879 1112 ventos
913 1056 1369 1126 praemonstrat
1402 1065 1595 1126 saepe
1624 1049 1867 1110 futuros

194 1131 481 1194 Inflatum
511 1149 708 1208 mare,
758 1152 944 1210 quum
977 1133 1183 1197 subito
1218 1133 1588 1210 penitusque
1619 1132 1923 1205 tumescit,

197 1216 488 1293 Saxaque
519 1233 672 1278 cana
701 1217 849 1280 salis
881 1218 1063 1281 niveo
1096 1225 1383 1295 spumata
1412 1218 1654 1294 liquore
1729 1294 1733 1299 Q

195 1299 530 1363 Tristificas
565 1311 799 1363 certant
824 1302 1109 1379 Neptuno
1141 1303 1407 1364 reddere
1434 1317 1644 1375 voceS,

196 1387 323 1447 Aut
358 1385 592 1448 densus
626 1386 856 1449 stridor
887 1404 1076 1463 quum
1108 1389 1279 1449 celso
1310 1404 1345 1447 e
1378 1386 1607 1448 vertice
1641 1386 1869 1446 montis

197 1470 382 1532 Ortus
413 1470 775 1546 adaugescit
803 1473 1205 1547 scopulorum
1237 1487 1429 1547 saepe
1458 1471 1768 1547 repulsuS.

193 1555 371 1615 Rava
402 1553 553 1616 fulix
584 1553 796 1618 itidem
831 1555 1072 1630 fugiens
1105 1572 1142 1617 e
1171 1556 1412 1632 gurgite
1447 1553 1618 1630 ponti

194 1637 457 1700 Nunciat
483 1637 808 1702 horribiles
841 1641 1114 1703 clamans
1143 1639 1376 1702 instare
1404 1641 1731 1716 proeellaS,

195 1721 378 1783 Haud
406 1723 686 1786 modicos
718 1727 979 1786 tremulo
1013 1725 1278 1787 fundens
1311 1741 1347 1787 e
1376 1731 1625 1800 gutture
1657 1732 1892 1786 cantuS.

199 1808 502 1885 Cepphum
530 1812 706 1870 etiam
734 1810 939 1871 videas
964 1812 1132 1873 caelo
1159 1812 1407 1872 volitare
1436 1825 1645 1871 sereno

199 1892 422 1954 Contra
449 1900 722 1956 venturos
751 1898 1075 1956 connixum
1107 1911 1361 1971 corpore
1387 1900 1583 1956 ventos
1598 1916 1616 1951 .-

199 1977 393 2053 Saepe
413 1976 599 2050 feras·
619 1986 827 2040 anates
854 1996 1073 2041 cernas
1101 1995 1402 2054 merqosve
1427 1979 1632 2039 relicto

198 2060 470 2137 Aequore
496 2078 637 2123 mox
663 2066 925 2124 tremulis
955 2066 1223 2125 tellurem
1243 2066 1542 2141 planyere
1562 2062 1794 2137 pennis,

195 2146 300 2207 Ad
320 2148 465 2221 iuqa
492 2164 556 2207 se
581 2164 806 2224 supera
831 2150 1042 2209 montis
1070 2148 1407 2208 distendere
1436 2146 1645 2206 nubem
1659 2166 1679 2203 .·

199 2230 356 2301 Quin
383 2233 560 2314 etiam
579 2236 781 2309 pappi
790 2279 804 2306 ,
849 2234 1076 2293 senium
1102 2234 1371 2294 canentis
1397 2230 1711 2302 acanthus,

194 2315 366 2375 Dant
393 2317 550 2376 venti
571 2317 858 2378 indicium
871 2362 887 2390 ‚
931 2333 1178 2379 numero
1207 2332 1386 2391 quum
1415 2314 1580 2389 sorte
1605 2316 1880 2375 videntur

197 2399 524 2461 Innumero
538 2401 780 2475 placidi
795 2404 1042 2475 fluitare
1064 2419 1187 2477 per
1215 2413 1480 2476 aequora
1499 2402 1689 2477 ponti.

196 2483 389 2545 Immo
415 2485 568 2546 adeo
597 2501 679 2546 ex
705 2488 812 2546 illa
825 2531 841 2559 ,
882 2488 1128 2547 volitant
1151 2501 1273 2561 qua
1302 2486 1442 2545 dira
1459 2502 1581 2560 per
1607 2491 1832 2545 aestum

199 2569 477 2642 Fulyura
490 2615 504 2642 ‚
539 2575 723 2646 parte
736 2576 910 2646 potes
937 2576 1211 2631 venturos
1239 2584 1482 2629 noscere
1502 2571 1705 2641 flatus.

197 2652 272 2730 Si
293 2653 502 2714 videas
527 2657 728 2715 stellas
754 2656 939 2715 noctis
965 2657 1214 2715 volitare
1231 2665 1349 2730 per
1375 2651 1646 2711 umbram

195 2738 568 2813 Praecipites
595 2741 912 2814 lonqosque
937 2755 978 2799 a
1000 2745 1168 2813 ter-90
1197 2738 1494 2798 albescere
1519 2739 1761 2803 tractus,

197 2820 332 2881 Hoc
357 2824 471 2882 iter
496 2824 719 2883 emensi
738 2825 971 2884 venient
984 2840 1106 2899 per
1133 2824 1343 2883 inania
1371 2822 1541 2881 venti.

199 2903 275 2965 Si
297 2909 473 2966 varia
501 2909 708 2968 varias
734 2907 939 2969 videas
965 2924 1047 2968 ex
1062 2912 1249 2984 parte
1273 2906 1551 2967 cadentes

196 2988 279 3049 In
306 2994 504 3052 terras
528 3008 709 3052 ruere
732 2998 791 3052 et
815 2994 975 3053 caeli
991 3008 1107 3067 per
1132 2991 1340 3050 nubila
1362 2987 1543 3061 ferri,

199 3073 521 3135 Discordes
548 3076 789 3137 tendent
811 3078 1051 3137 animae
1077 3077 1141 3135 in
1166 3074 1406 3135 diversa
1432 3076 1708 3144 locorum,

200 3156 282 3219 Et
304 3161 475 3220 vario
501 3159 799 3221 humanas
813 3164 1149 3236 percellent
1166 3160 1415 3233 flamine
1441 3161 1676 3218 mentes.

198 3242 454 3303 Fulmen
481 3244 585 3304 ubi
603 3260 687 3305 ex
712 3244 880 3306 Euro
893 3290 909 3318 ‚
947 3243 1185 3317 fulmen
1211 3243 1469 3305 volitabit
1494 3240 1571 3300 ab
1599 3241 1831 3311 Austr0‚

198 3325 282 3385 Et
306 3326 585 3404 Zephyro
611 3328 1050 3404 horrifer-isque
1075 3327 1284 3389 Arctoi
1304 3326 1610 3402 Aquilonis
1638 3324 1715 3385 ab
1739 3324 1926 3393 auris,

205 3407 374 3473 Tunc
400 3419 624 3474 nautae
637 3414 899 3490 pavidos
917 3417 1199 3488 penetrat
1223 3417 1443 3473 tremor
1470 3410 1709 3485 aloidas
1737 3411 1924 3468 artus.

2160 138 2282 204 331

2182 470 2287 527 170

2054 849 2058 853 ’
2181 888 2283 945 1⁷5

2183 1310 2285 1365 180

2185 1729 2283 1784 185

2185 2152 2284 2205 190

2184 2571 2283 2626 195
