2381 3723
183 87 313 151 258
980 89 1486 150 FRAGMENTA.
1583 132 1587 139 -
1899 150 1904 153 ,
2209 104 2287 159 68

506 242 614 302 EX
642 240 895 301 LIBRIS
922 240 1555 303 ACADEMICORUM
1583 240 1953 303 INCERTIS.
2282 294 2290 302 .

315 327 370 385 1.
417 323 563 385 Mihi
594 332 794 386 autem
843 340 967 385 non
1012 324 1201 384 modo
1242 325 1321 384 ad
1355 324 1716 401 sapientiam
1763 325 1931 387 caeci
1972 324 2281 404 videmur,

186 410 301 472 sed
330 409 411 468 ad
445 426 518 468 ea
549 407 718 485 ipsa,
759 424 918 485 quae
948 406 1157 483 aliqua
1197 424 1276 477 ex
1306 415 1479 483 parte
1509 407 1676 469 cerni
1708 409 2058 484 videantur,
2090 412 2279 474 hebe-

186 500 280 553 tes
316 499 377 552 et
420 492 645 553 obtusi.
742 507 1154 588 [Lactantius
1193 506 1281 560 lib.
1323 509 1413 561 111.
1454 524 1497 558 0.
1536 509 1616 559 14.
1655 508 1861 575 §.154

315 574 371 633 2.
416 576 634 636 Latent
671 575 788 636 ista
836 574 1069 649 omnia,
1110 576 1345 650 Varro,
1402 575 1639 652 magnis
1684 578 2016 640 obscurata
2058 586 2125 641 01
2162 580 2278 641 cir·

188 659 469 720 cumfusa
498 658 789 720 tenebris.
856 673 1252 741 [Marcianus
1275 672 1482 740 Capella
1508 674 1572 725 de
1596 674 1726 725 rhet.
1756 691 1810 741 p.
1835 677 1955 731 426.
1996 677 2079 730 ed.
2109 674 2272 743 capp

185 762 434 812 Fortunat.
476 761 561 812 lib.
598 762 689 812 111.
732 777 777 811 0.
817 761 899 814 16.
938 761 1004 811 de
1039 759 1352 810 Elocutionis
1398 759 1547 811 Cura.
1587 760 1656 811 of.
1698 760 1806 813 Cic.
1856 763 2015 815 Acad.
2056 778 2138 828 pr..
2182 763 2272 813 lib.

145 900 151 905 ’
183 846 242 894 11.
279 842 580 973 ⁰3.39'i']alia
620 911 766 973 mihi
805 911 1091 974 videntur
1136 911 1373 989 omnia,
1418 929 1578 989 quae
1622 913 1963 990 probabilia
1993 916 2096 975 vel
2142 915 2272 976 veri

183 995 400 1059 similia
422 996 632 1073 putavi
660 996 1061 1058 nominanda:
1095 1013 1257 1074 quae
1285 1002 1353 1057 tu
1384 995 1437 1058 si
1465 996 1583 1057 alio
1617 997 1867 1059 nomine
1899 998 1990 1059 vis
2019 1015 2270 1073 vocare,

180 1080 325 1142 nihil
371 1097 683 1158 repugno:
735 1080 901 1142 satis·
933 1079 1093 1141 enim
1140 1080 1284 1140 mihi
1327 1087 1426 1141 est
1473 1088 1534 1141 te
1577 1078 1695 1142 iam
1740 1082 1902 1143 bene
1947 1082 2274 1159 accepisse

182 1165 327 1240 quid
376 1164 604 1238 dicam,
649 1166 713 1224 id
753 1172 877 1236 est,
928 1163 1152 1241 quibus
1199 1164 1384 1225 rebus
1439 1165 1592 1225 haec
1636 1163 1884 1227 nomina
1932 1164 2269 1242 imponam.

177 1250 312 1310 Non
361 1248 521 1309 enim
571 1250 1014 1310 vocabulorum
1062 1247 1378 1324 opificem,
1430 1249 1544 1309 sed
1585 1265 1790 1312 rerum
1842 1248 2269 1326 inquisitorem

180 1333 359 1393 decet
399 1349 543 1394 esse
597 1331 959 1408 sapientem.
1051 1345 1171 1413 [Au
1231 1348 1483 1398 ustinus
1519 1355 1677 1400 contr.
1720 1347 2078 1401 Acad.lil>.11.
2112 1350 2269 1403 o.11.

174 1418 226 1479 s.
265 1415 351 1468 26.
390 1415 534 1465 Tom.
573 1418 661 1466 IV.
700 1432 751 1482 p.
790 1415 912 1468 432.
949 1416 1031 1466 ed.
1073 1363 1217 1480 Bas&

302 1501 362 1559 4.
404 1501 675 1574 Difficile
714 1509 803 1561 est
841 1518 1122 1577 promes,
1164 1510 1232 1562 ut
1265 1516 1617 1577 quemquam
1655 1516 1773 1561 non
1811 1509 2064 1573 moveat,
2112 1502 2276 1576 quod

173 1586 258 1644 ibi
276 1589 344 1654 (α
362 1584 640 1645 Cicerone
666 1587 731 1644 in
750 1584 1240 1646 Academicorum
1266 1587 1460 1656 libris)
1492 1585 1710 1645 dictum
1739 1591 1856 1645 est.-
1886 1584 2265 1647 Academico

176 1665 440 1742 sapienti
466 1668 543 1727 ab
575 1666 860 1729 omnibus
894 1674 1273 1729 caeterarum
1298 1675 1638 1740 sectarum,
1671 1666 1775 1743 qui
1803 1666 1920 1729 sibi
1949 1667 2267 1744 sapientes

173 1750 559 1825 viderentur,
593 1752 906 1812 secundae
932 1759 1141 1827 partes
1170 1753 1304 1813 dari
1338 1767 1524 1829 quum
1558 1751 1786 1827 primas
1815 1750 1930 1813 sibi
1956 1767 2269 1828 quemque

173 1833 487 1896 vindicare
517 1851 779 1898 necesse
800 1835 898 1898 sit.
958 1837 1053 1897 Ex
1077 1854 1202 1914 quo
1232 1853 1424 1914 posse
1451 1835 1847 1912 probabiliter
1868 1835 2092 1899 confici
2124 1852 2267 1898 eum

172 1928 339 1980 recle
385 1919 642 1995 primum
677 1938 820 1983 esse
863 1919 1090 1982 iudicio
1123 1938 1273 1995 su0‚
1311 1920 1414 1997 qui
1447 1922 1717 1982 omnium
1760 1927 2144 1981 caeterorum
2178 1920 2244 1982 iu

174 2003 333 2066 dicio
372 2003 454 2064 sit
497 2005 833 2066 secundus.
913 2004 1036 2066 Fac
1074 2004 1262 2078 enim,
1313 2004 1484 2067 verbi
1531 2020 1786 2077 caussa,
1840 2004 2116 2067 Stoicum
2154 2005 2267 2064 ad·

173 2104 316 2149 esse
351 2087 720 2164 sapientem:
758 2106 900 2149 nam
933 2096 1150 2152 contra
1184 2105 1298 2152 eos
1329 2086 2267 2165 potissimum·Academicorum„

171 2170 405 2232 exarsit
444 2171 784 2247 ingenium:
833 2188 982 2250 ergo
1024 2174 1190 2234 Zeno
1239 2174 1337 2233 vel
1375 2171 1787 2249 Chrysippus,
1832 2173 1886 2232 si
1926 2171 2266 2247 interroge-·

170 2262 271 2316 tur
301 2253 438 2330 quis
474 2254 874 2336 sit⁶sapiens‚
918 2255 1322 2333 respondebit
1366 2272 1505 2317 eum
1547 2272 1722 2330 esse,
1756 2273 1938 2331 quem
1981 2255 2118 2332 ipse
2159 2256 2265 2317 de-

171 2337 510 2413 scripserit.
546 2389 555 2399 .
600 2338 827 2399 Contra
880 2339 1185 2415 Epicurus
1236 2341 1339 2400 vel
1385 2338 1521 2415 quis
1564 2339 1721 2401 alius
1763 2338 2264 2414 adversariorum

170 2420 420 2495 negabit
464 2438 766 2498 suumque
812 2422 1019 2498 potius
1055 2422 1490 2500 peritissimum
1534 2425 1911 2500 voluptatum
1956 2439 2260 2498 aucupem

169 2503 512 2580 sapientem
538 2522 682 2567 esse
706 2508 1058 2570 contendet.
1116 2508 1268 2567 Inde
1296 2508 1375 2567 ad
1397 2506 1678 2583 iurgium.
1739 2507 1972 2568 Clamat
1997 2508 2165 2568 Zeno
2200 2515 2265 2567 et.

169 2595 299 2651 tota
327 2589 733 2666 illaporticus
765 2593 1192 2664 tumultuatur,
1225 2590 1533 2653 hominem
1565 2597 1770 2653 natum
1816 2592 1894 2651 ad
1932 2589 2259 2651 nihilesse

168 2672 335 2734 aliud
369 2690 549 2750 quam
591 2676 1014 2749 honestatem,
1055 2674 1256 2751 ipsam
1286 2691 1401 2736 suo
1434 2676 1770 2751 splendore
1810 2673 1869 2735 in
1912 2690 1983 2735 se
2017 2673 2259 2735 animos

170 2757 429 2831 ducere,
459 2759 626 2819 nullo
659 2776 920 2836 prorsus
961 2759 1290 2820 commodo
1323 2758 1710 2820 extrinsecus
1741 2757 1946 2835 posito
1985 2765 2049 2819 et
2080 2756 2259 2833 quasi

170 2840 559 2903 lenocinante
589 2844 894 2916 mercede,
920 2846 1423 2919 voluptatemque
1449 2841 1610 2903 illam
1640 2840 1890 2919 Epicuri
1920 2840 2071 2903 solis
2101 2841 2259 2902 inter

170 2939 242 2984 se
280 2925 614 3000 pecoribus
645 2943 799 3008 esse
822 2942 1240 3000 communem,
1276 2925 1337 2986 in
1372 2943 1629 3003 quorum
1663 2925 2024 2988 societatem
2057 2931 2120 2985 et
2148 2925 2259 2985 ho-

170 3006 390 3069 minem
425 3016 487 3070 et
516 3010 856 3086 sapientem
899 3012 1149 3072 trudere
1181 3012 1358 3072 nefas
1403 3027 1564 3072 esse.
1636 3011 1862 3071 Contra
1885 3008 1987 3069 ille
2024 3025 2258 3071 convo·

172 3098 309 3152 cata
340 3095 418 3153 de
448 3093 708 3156 hortulis
735 3094 794 3154 in
827 3094 1114 3157 auxilium
1149 3094 1328 3170 quasi
1353 3094 1546 3155 libera
1573 3094 1752 3155 turba
1780 3094 2257 3156 temulentorum

172 3176 595 3247 quaerentium
645 3184 880 3239 tantum
925 3196 1105 3256 quem
1153 3178 1483 3254 incomptis
1534 3178 1841 3253 unguibus
1877 3176 2258 3238 bacchantes

172 3271 525 3334 asperoque
569 3277 679 3324 ore
733 3260 1114 3343 discerpant,
1165 3261 1501 3339 voluptatis
1554 3278 1811 3336 nomen,
1866 3260 2257 3332 suavitatem,

176 3337 440 3411 quietem
470 3349 631 3404 teste
664 3334 898 3419 populo
932 3361 1347 3422 exaggerans,
1380 3345 1568 3407 instat
1608 3345 1858 3419 acriter,
1901 3351 1968 3405 ut
2011 3341 2147 3404 31110
2180 3357 2257 3403 ea
