2381 3723
133 148 262 211 290
924 120 1430 211 FRAGMENTA.
2111 165 2226 219 100

135 320 318 453 ἷιέυεζ
360 309 429 367 ut
484 303 782 449 callssigum
840 301 1135 375 reducaS,
1203 302 1256 363 si
1317 308 1377 363 te
1434 300 1690 364 alicuius
1738 302 1865 364 dati
1919 304 2223 381 poenitet.

218 402 402 437 onius
439 402 493 452 p.
642 422 652 433 .

141 552 221 618 [ld
262 470 364 530 77.
411 471 632 620 oggi-{e
655 468 1014 544 aggredere,
1050 484 1308 544 quaese,
1340 477 1404 529 et
1427 467 1776 546 gratificare
1797 468 1889 532 rei
1912 470 2222 547 publicae.

225 569 306 609 em
345 569 400 619 p.
549 593 558 603 .

262 635 364 698 78.
413 671 483 681 -
540 634 684 696 nihil
731 642 936 701 tamen
992 652 1167 709 esse,
1222 634 1283 696 in
1340 653 1463 712 quo
1511 652 1581 701 se
1627 635 1865 701 animus
1905 640 2220 705 excellens

134 722 391 782 tollere.
565 735 728 802 [Idem
764 751 816 801 p.
840 731 984 799 402]

260 803 364 866 79.
412 805 669 882 Captum
708 818 805 872 me
849 803 1144 876 fortasse,
1189 800 1415 879 inquit,
1461 809 1640 880 putas
1673 811 1735 868 et
1764 803 1860 878 id,
1891 805 2062 880 quod
2087 807 2218 865 nol·

133 889 284 961 lem,
319 887 601 950 confiteri
633 895 936 949 coactum.
1029 901 1193 966 [Idem
1231 917 1286 967 p.
1324 898 1469 967 253]

255 936 356 1032 80.
403 974 617 1047 Itaque
669 970 880 1032 necin
936 969 1332 1046 philosophia
1370 970 1654 1045 cuiquam
1709 968 1899 1032 cessit
1952 978 2014 1031 et
2055 972 2218 1032 vitae

132 1054 431 1130 gravitate
451 1054 775 1137 praestitit.
863 1070 1024 1137 [mam
1061 1086 1116 1137 p.
1156 1071 1250 1123 371
1263 1068 1304 1136 .]

260 1137 361 1199 81.
406 1139 606 1200 Habet
626 1138 786 1199 enim
815 1138 953 1214 ipsa
976 1147 1206 1200 certam
1243 1145 1306 1205 et
1328 1136 1641 1198 definitam
1667 1137 1856 1212 viam,
1887 1139 2000 1199 sed
2029 1154 2108 1198 ex
2141 1155 2216 1198 ea

134 1224 339 1284 multis
368 1222 526 1286 vitiis
562 1230 624 1284 et
663 1223 976 1285 erroribus
1016 1225 1357 1299 depravata
1384 1222 1724 1282 deducitur.
1791 1235 1950 1320 [mpm
1973 1255 2026 1304 p
2058 1236 2212 1304 239]

260 1305 362 1367 82.
405 1308 553 1368 Tum
583 1305 885 1381 intelligas
921 1323 1102 1382 quam
1133 1305 1282 1369 illud
1313 1321 1436 1367 non
1468 1303 1546 1366 sil
1574 1305 2010 1382 necessarium,
2044 1308 2216 1387 quod

131 1391 455 1452 redundat.
546 1407 708 1488 [Idem
746 1423 798 1472 p.
838 1407 979 1472 384]

261 1473 362 1536 83.
405 1476 483 1535 Et
529 1474 635 1552 qui
673 1483 996 1553 exspectat
1040 1472 1277 1549 pendet
1325 1467 1537 1544 animi,
1583 1470 1723 1548 quia
1775 1490 2024 1550 semper
2067 1473 2218 1550 quid

135 1559 399 1618 futurum
436 1558 541 1631 sit,
586 1560 884 1620 incertum
920 1566 1034 1619 est.
1121 1570 1285 1638 [Idem
1320 1588 1374 1638 p.
1414 1569 1560 1636 498]

259 1641 360 1702 84.
390 1641 471 1700 Ut
498 1639 679 1717 igitur
700 1641 1037 1704 domitores
1061 1656 1365 1725 equorum
1388 1658 1512 1702 non
1535 1640 1793 1700 verbera
1817 1642 2016 1701 solum
2041 1641 2216 1701 adhi-

132 1726 280 1785 bent
300 1724 381 1784 ad
405 1723 808 1799 domandum,
841 1726 954 1786 sed
980 1725 1179 1785 cibum
1207 1727 1387 1786 etiam
1419 1739 1609 1798 saepe
1635 1724 2018 1797 subtrahunt,
2052 1725 2219 1784 fame

135 1809 240 1887 [ut]
283 1806 631 1870 debilitetur
670 1811 1026 1873 eculeorum
1067 1808 1245 1870 nimis
1288 1808 1587 1870 effrenata
1620 1807 1733 1869 vis.
1790 1821 1951 1890 [mem
1977 1838 2031 1890 p.
2066 1822 2215 1891 105.]

257 1890 357 1953 85.
407 1892 520 1971 Qui
552 1912 742 1969 quum
777 1893 1050 1970 publicas
1082 1891 1331 1955 iniurias
1372 1893 1533 1953 lente
1566 1893 1837 1966 tulisset,
1880 1910 2056 1955 suam
2085 1910 2215 1954 non

134 1976 281 2038 tulit
376 1993 606 2060 [memp
610 1995 773 2051 .338.
778 1993 799 2059 ]

257 2061 357 2123 86.
404 2062 733 2125 Ponendae
764 2070 909 2125 sunt
936 2063 1094 2123 fides
1126 2068 1188 2122 et
1219 2059 1672 2143 tibiae.[1dem
1703 2092 1757 2143 p.
1795 2076 1941 2143 313.]

261 2144 361 2206 87.
407 2148 591 2208 Aliud
623 2164 700 2209 ex
729 2147 899 2209 silvis
931 2161 1215 2226 severum
1252 2152 1315 2206 et
1342 2143 1533 2206 triste.
1621 2160 1784 2227 [Idem
1815 2178 1866 2228 p.
1902 2161 2023 2214 390.
2060 2158 2215 2225 409.]

261 2227 362 2291 88.
404 2230 703 2291 Eumdem
761 2247 886 2291 non
949 2221 1240 2290 mediocri
1305 2228 1588 2306 pecunia,
1645 2231 1758 2291 sed
1809 2229 1990 2294 etiam
2043 2229 2213 2290 tenui

135 2314 455 2388 percipere
487 2329 839 2390 possumus
908 2330 1095 2409 [Idem
1128 2344 1180 2394 p.
1215 2327 1361 2394 411.]

259 2395 361 2456 89.
412 2395 522 2470 Qui
562 2396 710 2457 illud
754 2397 965 2458 nescio
1016 2396 1198 2471 quid,
1242 2397 1412 2472 quod
1459 2396 1520 2457 in
1568 2395 2041 2474 primoribus
2086 2396 2213 2456 ha

132 2480 341 2550 bem,
374 2485 440 2539 ut
468 2478 660 2554 aiunt,
693 2478 953 2541 labris.
1044 2496 1206 2563 [idem
1232 2514 1294 2577 .1>·
1322 2495 1470 2578 428]

255 2524 357 2622 90.
402 2596 488 2608 -
526 2580 650 2624 non
693 2570 755 2624 et
808 2563 941 2624 sine
982 2582 1056 2626 ea
1108 2565 1481 2640 cogitatione
1534 2562 1818 2625 ineundis
1864 2563 2214 2625 subducen-

134 2643 356 2721 disque
386 2645 744 2709 rationibus
835 2663 993 2730 [Idem
1030 2681 1081 2732 p
1120 2665 1270 2730 399]

259 2730 360 2791 91.
407 2764 490 2774 --
518 2732 857 2793 Maeoniam
885 2768 970 2779 —
994 2737 1162 2794 cuius
1188 2735 1329 2794 dum
1362 2733 1614 2813 brevitas
1643 2733 1789 2792 duos
1820 2731 2054 2805 fratres
2077 2727 2207 2803 Ly-

134 2815 273 2873 dum
321 2821 380 2874 et
435 2815 805 2891 Tyrrhenum
851 2817 1024 2891 ferre
1084 2834 1202 2877 non
1247 2824 1465 2893 posset,
1520 2834 1601 2877 ex
1656 2822 1811 2876 sorte
1866 2813 2210 2890 Tyrrhenus

132 2914 265 2957 cum
293 2901 519 2972 ingenti
542 2902 912 2970 multitudine
933 2901 1246 2977 profectus
1264 2908 1350 2963 est
1372 2908 1431 2961 et
1450 2907 1685 2976 partem
1706 2899 1925 2960 Italiae
1952 2897 2137 2957 tenuit
2153 2900 2213 2954 et

142 2980 535 3057 Tyrrheniam
582 2986 920 3045 nominavit.
1018 2986 1105 3046 Hi
1152 2986 1257 3045 diu
1302 2987 1623 3059 piraticam
1675 2986 2098 3051 exercuerunt,
2145 2985 2212 3038 ut

133 3068 306 3126 etiam
350 3066 553 3128 Cicero
593 3070 657 3127 in
701 3068 1014 3129 Hortensio
1048 3070 1243 3142 docet,
1284 3084 1462 3143 quum
1500 3070 1761 3143 captivos
1805 3068 1968 3127 novis
1995 3064 2211 3139 poenis

134 3150 491 3225 adfliqerent
527 3153 850 3211 occisorum
889 3169 987 3213 eos
1023 3156 1344 3227 reliqantes
1384 3152 1794 3212 cadaveribus.
1906 3164 1971 3231 [e
1986 3178 2051 3213 er
2064 3177 2093 3210 v
2108 3162 2166 3211 iu
2179 3175 2204 3210 s

136 3232 200 3281 ad
238 3234 381 3298 Virg.
422 3236 547 3284 Aen.
588 3233 680 3283 lib.
720 3237 853 3290 VIII.
888 3251 939 3288 v.
978 3235 1083 3287 479
1118 3250 1195 3300 sq.
1237 3235 1301 3286 cf.
1340 3236 1404 3286 de
1440 3251 1492 3285 re
1524 3235 1666 3301 publ.
1705 3235 1766 3287 11.
1806 3231 1887 3298 4.]

262 3311 364 3371 92.
422 3313 752 3391 Augustini
815 3317 895 3376 de
956 3316 1360 3377 Grammatica
1421 3314 1831 3376 testimonium
1895 3331 1955 3389 p.
2023 3308 2203 3369 2006.

135 3393 366 3454 Dictum
392 3404 483 3456 est
497 3414 538 3456 a
570 3399 685 3459 Cic.
718 3399 794 3459 de
819 3399 1181 3477 philosophis
1215 3405 1234 3436 ³
1253 3400 1650 3462 morturiunt'
1680 3401 1832 3459 mori
1851 3395 2205 3458 desiderant.
