2381 3723
194 139 312 201 124
540 141 738 201 CATO
776 139 1032 199 MAIOR
1067 138 1165 200 DE
1199 137 1644 199 SENECTUTE
1681 136 1912 197 LIBER
2236 149 2272 205 Β

187 307 394 354 seneS.
466 293 641 367 Quod
678 290 732 353 si
764 293 972 367 legere
1001 296 1109 350 aut
1142 288 1355 350 audire
1386 286 1605 351 voletis
1638 294 1922 362 externa,
1968 287 2272 357 maximas

187 390 288 436 res
314 376 589 450 publicas
615 376 691 435 ab
717 374 1219 435 adolescentibus
1244 373 1661 445 labefactatas,
1690 388 1728 431 a
1751 370 2005 433 senibus
2023 380 2271 439 susten·

187 465 344 520 tatas
382 465 443 518 et
476 459 789 520 restitutas
818 455 1163 534 reperietis.

359 556 528 629 Cedo,
566 560 671 631 qui
690 562 943 617 vestram
963 572 1091 617 rem
1103 556 1406 631 publicam
1427 562 1654 615 tantam
1676 556 1951 615 amisistis
1971 561 2093 617 tam
2114 557 2231 615 cito
2243 552 2276 615 ?

189 652 291 713 Sic
337 651 495 711 enim
543 659 1013 728 percontantur,
1072 661 1140 713 ut
1181 659 1280 712 est
1317 651 1378 712 in
1421 651 1629 712 Naevii
1675 654 1897 729 poetae
1928 651 2137 712 Ludo:
2181 668 2274 712 re·

192 736 578 811 spondentur
610 743 673 797 et
711 736 828 796 alia
862 745 922 797 et
949 737 1071 798 hoc
1100 735 1162 795 in
1197 734 1440 812 primis:

357 835 785 896 Proveniebant
810 843 1075 898 oratores
1102 838 1261 909 novi,
1307 837 1473 895 stulti
1500 836 1940 897 adolescentuli.

191 930 522 1027 Temeritas
590 940 686 995 est
747 932 1034 999 videlicet
1103 932 1383 994 florentis
1455 932 1707 1005 aetatis,
1792 930 2141 1017 prudentia·
2179 948 2275 993 se·

192 1024 523 1076 nescentis.

312 1127 443 1186 vss.
490 1062 765 1271 21.LnAt
794 1127 1086 1189 memoria
1120 1126 1428 1188 minuitur.
1502 1127 1730 1199 Credo,
1776 1125 1893 1188 nisi
1926 1142 2063 1189 eam
2095 1142 2272 1189 exer-

191 1227 336 1273 ceas
378 1217 486 1271 aut
516 1210 598 1271 eti
734 1211 787 1272 si
815 1211 904 1273 sis
933 1220 1152 1273 natura
1180 1209 1432 1272 tardior.
1507 1209 1950 1272 Themistocles
1998 1208 2271 1277 omnium

191 1294 412 1356 civium
443 1303 808 1371 perceperat
840 1295 1107 1356 nomina.
1186 1297 1342 1356 Num
1374 1292 1557 1369 igitur
1584 1293 1852 1357 censetis
1885 1310 2045 1366 eum,
2078 1310 2267 1368 quum

188 1385 390 1438 aetate
432 1378 873 1451 processisset,
930 1379 1033 1455 qui
1070 1377 1376 1440 Aristides
1419 1385 1591 1440 esset
1634 1377 2065 1455 Lysimachum
2109 1380 2264 1438 salu-

190 1469 319 1522 tare
356 1459 645 1520 solitum?
713 1461 1012 1538 Equidem
1042 1479 1165 1523 non
1200 1462 1384 1522 modo
1419 1477 1530 1523 eos
1569 1460 1746 1533 novi,
1796 1463 1897 1537 qui
1931 1468 2102 1534 sunt,
2154 1462 2267 1523 sed

192 1560 406 1604 eorum
449 1550 656 1618 patres
691 1544 871 1604 etiam
914 1552 975 1606 et
1015 1562 1200 1618 avoS‚
1266 1560 1383 1606 nec
1424 1547 1711 1621 sepulcra
1766 1546 1979 1620 legens
2021 1560 2266 1617 vereor,

193 1627 359 1701 quod
389 1624 586 1698 aiunt,
633 1644 712 1686 ne
743 1627 1099 1689 memoriam
1133 1629 1423 1705 perdam:
1464 1628 1559 1691 his
1605 1627 1766 1689 enim
1803 1627 1955 1703 ipsis
1987 1628 2265 1704 legendis

190 1708 247 1769 in
292 1708 646 1769 memoriam
699 1712 886 1773 redeo
933 1719 1336 1774 mortuorum.
1417 1713 1542 1773 Nec
1584 1729 1733 1773 vero
1767 1729 2137 1788 quemquam
2171 1729 2267 1773 se-

191 1809 329 1852 nem
362 1792 565 1852 audivi
608 1793 860 1855 oblitum
897 1812 1021 1871 quo
1063 1797 1205 1858 loco
1248 1797 1601 1858 thesaurum
1646 1796 1973 1858 obruisset.
2051 1795 2270 1857 Onmia

190 1894 350 1953 quae
377 1887 596 1939 curant
627 1896 641 1937 ι
691 1879 1048 1956 eminerunt,
1076 1880 1427 1942 vadimonia
1459 1879 1818 1954 constituta,
1850 1880 1952 1957 qui
1982 1879 2096 1941 sibi
2116 1929 2130 1954 ,
2167 1879 2268 1942 cui

189 1960 308 2038 ipsi
339 1897 686 2107 debeant.Z
712 1962 811 2023 22.
860 1964 1015 2039 Quid
1043 1964 1189 2025 iuris
1217 1963 1516 2037 consulti,
1554 1964 1701 2040 quid
1734 1964 2079 2041 pontificeS‚
2118 1963 2266 2039 quid

190 2062 483 2121 augureS,
540 2047 639 2122 qu·
721 2047 1071 2125 philosophi
1107 2050 1330 2109 senes?
1375 2065 1554 2124 quam
1598 2050 1786 2110 multa
1827 2040 2261 2118 meminerunt!

190 2129 438 2190 Manent
474 2130 717 2205 ingenia
764 2132 1043 2205 senibus,
1108 2133 1297 2194 modo
1349 2139 1705 2208 permaneat
1747 2132 2015 2194 studium
2068 2140 2131 2193 et
2178 2131 2262 2194 in-

191 2212 453 2286 dustria,
489 2229 605 2272 nec
634 2230 706 2273 ea
736 2217 937 2276 solum
968 2216 1030 2277 in
1063 2215 1246 2278 claris
1278 2222 1341 2276 et
1365 2216 1683 2278 honoratis
1706 2215 1885 2288 vifis,
1919 2217 2034 2278 sed
2054 2214 2118 2278 in
2141 2214 2263 2280 vita

190 2294 369 2354 etiam
400 2294 640 2369 privata
661 2304 729 2356 -et
759 2298 983 2373 quieta.
1058 2300 1404 2376 Sophocles
1436 2301 1514 2359 ad
1551 2317 1850 2361 summam
1885 2306 2263 2366 senectutem

192 2378 537 2452 tragoedias
571 2379 741 2452 fecit,
782 2383 952 2456 quod
981 2391 1241 2459 propter
1269 2382 1537 2444 studium
1569 2400 1757 2459 quum
1787 2401 1917 2446 rem
1950 2382 2261 2459 negligere

189 2459 537 2520 familiarem
579 2462 922 2539 videretur,
975 2483 1012 2527 a
1056 2466 1195 2528 filiis
1249 2467 1310 2528 in
1349 2466 1639 2529 iudicium
1690 2473 1948 2530 vocatus
1989 2474 2121 2540 est,
2177 2475 2259 2538 ut,

190 2561 371 2620 quem
400 2545 482 2604 ad
513 2548 761 2607 modum
804 2556 1019 2611 nostro
1050 2568 1224 2612 more
1254 2553 1412 2612 male
1441 2568 1572 2612 rem
1600 2551 1954 2628 gerentibus
1985 2550 2260 2628 patribus

188 2627 367 2689 bonis
399 2626 679 2692 interdici
709 2634 897 2705 solet,
939 2635 1033 2695 sic
1066 2633 1443 2710 iliuquuasi
1487 2635 1891 2711 desipientem
1919 2652 1956 2696 a
1991 2652 2061 2696 re
2098 2633 2261 2704 fami-

192 2711 320 2773 liari
366 2722 757 2776 removerent
787 2716 1054 2778 iudices.
1127 2720 1280 2779 Tum
1318 2734 1514 2780 senex
1548 2719 1765 2784 dicitur
1788 2723 1934 2783 »ea'm
1970 2720 2260 2789 fabulam,

190 2813 374 2870 quam
406 2797 464 2856 in
509 2799 786 2861 manibus
819 2802 1086 2862 habebat
1126 2809 1188 2863 et
1224 2801 1509 2877 proxime
1542 2802 1907 2880 scripserat,
1960 2802 2264 2877 oedipum

192 2881 526 2940 Coloneum
549 2882 845 2946 recitasse
871 2883 1817 2963 iudicibus-quaesissequenum
1843 2886 1990 2948 illud
2002 2903 2262 2954 aarum

188 2962 547 3039 desipientis
594 2966 927 3029 videretur.
999 2969 1130 3043 Quo
1177 2970 1436 3032 recitato
1472 2969 1805 3034 >sententiis
1851 2969 2124 3036 iudicum
2165 2977 2266 3034 est

187 3047 499 3110 liberatus.
588 3049 689 3109 23.
733 3054 885 3113 Num
919 3052 1107 3129 igitur
1133 3055 1330 3128 hunc,
1362 3071 1512 3117 num
1540 3056 1910 3128 Homerum,
1966 3071 2110 3120 num
2136 3055 2266 3120 ,He-

187 3130 454 3204 siodum,
532 3131 941 3210 Simonidem,
995 3136 1457 3210 Stesichorum,
1522 3155 1670 3204 num
1720 3155 1889 3214 ς(μισεῖ
1938 3144 2091 3202 -ante
2115 3135 2262 3209 dixi,

186 3213 549 3288 Isocratem,
587 3215 903 3293 Gorgiam,
948 3236 1093 3280 num
1125 3220 1635 3298 philosophorum
1664 3220 2010 3299 principes,
2042 3221 2263 3297 Pythi*

186 3309 430 3366 goram,
465 3298 907 3374 Democritum,
939 3319 1080 3362 num
1105 3306 1417 3366 Platonem
1438 3353 1452 3378 ,
1485 3323 1629 3368 num
1646 3306 2082 3376 Xenocratem,
2113 3321 2266 3365 num

188 3382 406 3450 postea
435 3379 774 3455 Zenonem,
830 3384 1179 3446 Cleanthem
1217 3397 1320 3448 aut
1365 3406 1534 3462 eum,
1585 3403 1770 3459 quem
1802 3405 1915 3453 vos
1955 3387 2134 3456 etiam
2179 3387 2262 3446 vi·
