2381 3723
139 93 266 155 200
925 96 1430 155 FRAGMENTA.
2145 105 2222 159 10

267 245 318 298 3.
390 245 799 297 FRAGMENTA
835 245 1188 297 ORATIONIS
1234 245 1360 296 PRO
1397 246 1457 306 Q.
1495 245 1723 296 ROSCIO
1761 244 2081 297 COMOEDO.

281 330 420 390 Quae
453 329 607 396 vulgo
646 328 938 379 ferebantur
968 328 1120 379 huius
1158 330 1400 378 orationis
1436 329 1745 395 fragmenta,
1782 344 1841 380 ca
1867 328 2070 378 minime
2099 342 2217 392 per-

141 400 301 449 tinere
349 398 417 449 ad
461 397 591 448 hanc
638 396 895 458 Ciceronis
944 399 1221 448 orationem
1273 398 1443 448 docuit
1488 398 1545 447 Β.
1591 396 1650 450 G.
1697 397 2001 447 Niebuhrius
2047 396 2099 444 in
2145 397 2214 445 Μ.

143 467 296 518 Tullii
351 466 606 518 Ciceronis
653 468 933 516 orationum
973 481 1066 531 pro
1115 466 1183 515 M.
1235 467 1442 517 Fonteio
1489 475 1538 516 et
1582 481 1673 533 pro
1725 466 1778 518 C.
1823 465 2028 516 Rabirio
2075 463 2215 529 frng-

141 537 325 587 mentis
361 534 578 601 [Romae
614 533 790 614 18ξο.]
829 550 883 600 Ρ.
923 535 1008 587 79.
1049 541 1097 584 et
1133 550 1185 604 p.
1229 535 1328 585 102
1360 549 1438 599 sq.

417 634 468 681 4.
542 628 948 680 FRAGMENTA
982 629 1334 681 ORATIONIS
1371 630 1497 681 PRO
1537 631 1604 684 M.
1647 628 1936 679 FONTEIO.

283 716 422 774 Quae
456 730 488 764 a
524 716 582 765 B.
622 713 679 765 G.
719 714 997 767 Niebuhrio
1033 715 1240 765 inventa
1275 722 1417 765 erant
1465 715 1748 780 fragmenta
1786 714 1937 764 huius
1973 715 2217 766 orationis

143 791 228 831 aut
265 784 327 833 ab
364 784 478 833 aliis
506 793 733 848 servata,
783 798 843 833 ea
881 784 1115 850 leguntur
1163 784 1215 832 in
1253 784 1477 834 editione
1511 792 1681 834 nostra
1724 778 1853 850 pai-t.
1892 784 1956 835 11.
2008 782 2111 833 vol.
2147 784 2212 837 11.

141 865 196 917 p.
238 852 378 904 15-
400 854 481 905 17.
555 853 649 902 Illa
695 859 861 902 autem
892 852 1205 924 frngmenta,
1262 868 1392 916 quae
1426 851 1623 905 Theod.
1667 850 1910 903 Oehlerus
1945 853 1996 901 in
2033 866 2215 902 coeno·

143 920 227 970 bio
264 927 453 972 tractus
483 920 715 972 Rhenani
762 921 1015 982 inferioris
1052 921 1311 971 invenisse
1352 921 1564 980 dicitur,
1613 921 1740 982 mihi
1778 935 1977 986 quoque
2012 920 2216 987 cog-nita
2282 916 2302 932 ⁸

143 1001 244 1038 non
290 998 405 1039 sunt
453 999 654 1056 praeter
697 989 855 1051 illud,
908 989 1042 1056 quod
1086 989 1139 1038 C.
1181 989 1412 1041 Halmius
1449 989 1644 1056 publici
1679 990 1805 1040 iuris
1849 988 1978 1038 fecit
2015 990 2067 1038 in
2105 988 2215 1038 edi-

141 1058 279 1107 tione
318 1073 412 1108 sua
445 1074 501 1124 p.
539 1058 693 1123 465„
734 1060 871 1121 quod
907 1067 984 1108 est
1015 1058 1168 1110 huius
1206 1059 1373 1108 modi:

266 1138 629 1216 Exsurgite,
667 1156 936 1215 quaeso,
993 1139 1102 1199 viri
1151 1139 1362 1217 optimi
1399 1147 1585 1216 atque
1635 1139 1978 1212 fortissimi,
2029 1137 2214 1213 legati

143 1222 555 1306 amplissimae
578 1231 764 1299 atque
788 1223 1263 1285 honestissimae
1289 1223 1547 1285 civitatis
1563 1272 1579 1297 ,
1615 1224 1879 1285 resistite
1918 1238 2031 1299 per
2058 1222 2214 1282 deos

143 1307 517 1390 immortales
554 1324 766 1368 eorum
817 1304 1096 1383 periuriis
1128 1306 1519 1383 iniuriisque,
1580 1326 1840 1383 quorum
1885 1321 2074 1380 saepe
2105 1322 2213 1364 nu·

145 1407 314 1451 mero
346 1391 482 1451 telis
513 1390 841 1451 restitistis.

239 1503 293 1552 5.
366 1501 779 1556 FRAGMENTA
815 1500 1156 1553 onA‘rlole
1196 1503 1445 1553 pamm:
1480 1504 1566 1553 DE
1602 1485 1771 1553 LEGE
1807 1499 2123 1551 AGflAmA.

285 1584 403 1648 Tria
456 1583 609 1638 huius
670 1586 912 1638 orationis
967 1584 1250 1651 fragmenta
1304 1587 1423 1636 vide
1479 1587 1542 1637 ab
1604 1586 1747 1634 initio
1806 1585 1916 1634 eius
1970 1584 2214 1635 orationis

142 1660 275 1717 part.
315 1654 378 1703 11.
417 1653 520 1704 vol.
552 1653 616 1701 11.
655 1668 709 1718 p.
752 1655 867 1705 155.

436 1746 488 1801 6.
564 1748 967 1799 FRAGMENTA
1003 1748 1348 1801 ORATIONIS
1385 1750 1509 1801 PRO
1552 1752 1607 1800 L.
1645 1749 1914 1801 FLACCO.

282 1830 440 1880 Huius
492 1831 731 1882 orationis
773 1830 1082 1899 fragmenta,
1145 1850 1274 1898 quae
1311 1840 1374 1890 Α.
1415 1837 1579 1887 Maius
1633 1835 1685 1884 in
1743 1834 1891 1885 codd.
1943 1832 2106 1883 Vatic.
2160 1840 2211 1880 et

144 1899 415 1951 Mediolon.
461 1901 683 1965 invenit,
718 1902 839 1961 vide
884 1910 1012 1968 part.
1051 1903 1113 1956 11.
1152 1904 1254 1955 vol.
1300 1905 1362 1958 11.
1404 1921 1457 1970 Ρ.
1506 1906 1609 1959 204
1657 1920 1735 1969 sq.
1805 1903 2069 1953 Praeterea
2109 1898 2213 1949 huc

144 1968 410 2023 referenda
445 1977 563 2020 sunt
598 1969 882 2037 fregmeuta
915 1971 1035 2021 bina
1067 1972 1219 2023 haec:

275 2053 327 2112 1.
417 2052 689 2129 Ingenita
719 2054 934 2131 levitas
959 2064 1018 2135 et
1046 2056 1284 2118 erudita
1308 2055 1543 2131 vanitas
1563 2057 2028 2130 [Graecorum].‘
2055 2053 2208 2112 Hie-

142 2153 422 2213 ronymus
435 2154 638 2199 comm.
667 2140 753 2197 αά
781 2140 973 2201 Galat.
1003 2138 1101 2199 lib.
1137 2142 1193 2200 1.
1219 2140 1277 2202 3.
1304 2149 1366 2211 et
1389 2158 1484 2216 ep.
1509 2142 1582 2212 X,
1599 2150 1661 2203 4εἰ.
1711 2140 1866 2215 Opp.
1895 2140 2012 2197 vol.
2040 2137 2206 2209 IV.2.

146 2236 201 2292 p.
246 2220 339 2281 16.
375 2220 472 2279 ed.
502 2221 735 2280 Bened.

268 2300 327 2361 2.
418 2302 605 2377 Quam
644 2302 1012 2365 benevolum
1044 2306 1206 2367 hunc
1238 2309 1465 2383 populo
1497 2308 1806 2379 Romarm,
1853 2321 2034 2381 quam
2061 2302 2207 2363 flde-

142 2385 260 2526 lejm
272 2385 552 2526 Lputgtis?
588 2386 774 2446 Arus.
803 2388 976 2450 Mess.
1007 2395 1259 2465 exempl.
1282 2393 1485 2451 elocut.
1520 2408 1577 2469 p.
1605 2386 1747 2455 368.
1781 2391 1954 2450 Rom.
1979 2405 2038 2464 p.
2063 2383 2207 2445 218.

142 2482 177 2524 e
225 2511 238 2527 .
320 2484 378 2527 m
428 2484 543 2527 em.

460 2583 509 2632 7.
582 2580 984 2633 FRAGMENTA
1022 2583 1364 2635 ORATIONIS
1396 2585 1462 2634 IN
1498 2585 1558 2637 L.
1596 2583 1892 2635 PISONEM.

279 2661 417 2720 Quae
447 2664 514 2714 ad
548 2663 677 2714 hanc
714 2666 988 2714 orationem
1027 2668 1278 2731 pertinent
1306 2666 1617 2733 fragmenta,
1650 2681 1680 2716 a
1715 2681 1796 2716 me
1833 2663 2073 2716 collocata
2091 2672 2206 2714 sunt

138 2736 271 2790 part.
307 2731 367 2780 ΙΙ.
405 2732 507 2782 vol.
547 2734 631 2781 ΙΙΙ.
667 2749 722 2798 p.
764 2732 863 2785 139
893 2748 967 2795 sq.

335 2937 414 2997 B.
500 2939 978 3002 FRAGMENTA
1023 2943 1477 3006 ORATIONUM
1521 2943 2008 3007 AMISSARUM.

712 3059 760 3109 1.
832 3059 918 3108 m:
942 3059 1115 3110 REGE
1151 3060 1633 3113 ALEXANomNO.

977 3199 1371 3257 Ancum-ruit.

281 3266 371 3316 Cn.
409 3268 639 3320 Cornelio
677 3271 886 3323 Lentulo
932 3276 991 3325 L.
1029 3278 1217 3327 Marcio
1263 3278 1500 3342 Philippo
1548 3293 1679 3331 coss.
1718 3278 1839 3329 698.
1890 3292 2043 3342 quum
2089 3280 2203 3331 Pto·

131 3326 364 3383 lemaeus
405 3336 612 3388 Auletes
648 3340 870 3405 Aegypti
919 3355 1010 3390 rex
1048 3346 1258 3394 Romam
1298 3346 1516 3412 supplex
1555 3346 1892 3414 confugisset,
1939 3346 2114 3396 Cicero
2150 3349 2204 3396 in

173 3588 211 3608 Β
