2381 3723
600 140 745 202 LIB.
781 142 878 201 111.
930 142 1096 202 CAP.
1135 151 1394 206 12—14.
1439 151 1490 211 s.
1523 153 1784 207 51—58.
2151 145 2233 209 9⁵

149 309 363 356 emere
394 291 628 369 coegit,
675 292 780 368 qui
822 309 900 354 ne
943 293 1225 356 hortatus
1253 293 1502 370 quidem
1534 296 1672 357 est?
1741 295 1850 356 Ille
1901 298 2070 372 quod
2110 315 2235 361 non

149 377 439 455 placebat
472 377 867 454 proscripsit,
922 385 988 440 tu
1021 380 1192 454 quod
1221 379 1507 456 placebat
1549 377 1767 440 emisti.
1840 381 2016 454 Quod
2050 380 2101 441 si
2134 382 2237 457 qui

149 459 550 540 proscribunt
581 460 911 522 “villam
952 461 1227 524 bonam
1272 463 1627 539 beneque
1668 462 2234 539 aedificatam,”

149 563 277 607 non
306 543 735 606 existimantur
771 545 1097 620 fefellisse,
1164 545 1348 607 etiam
1395 547 1448 609 si
1486 547 1586 608 illa
1621 563 1739 608 nec
1778 548 1943 608 bona
1984 557 2080 610 est
2120 566 2237 610 nec

149 628 476 691 aedificata
508 629 774 704 ratione,
828 631 1019 693 multo
1051 629 1253 693 minus
1294 631 1400 706 qui
1441 632 1691 693 domum
1733 649 1857 693 non
1891 633 2233 695 laudarunt.

148 712 268 775 Ubi
312 712 474 775 enim
511 712 806 775 iudicium
847 712 1148 792 emptoris
1198 724 1322 788 est,
1371 714 1459 776 ibi
1500 718 1668 778 fraus
1700 716 2040 780 venditoris
2075 734 2236 794 quae

148 804 363 876 potest
391 799 577 860 esse?
649 797 756 860 Sin
787 805 996 860 autem
1019 797 1251 861 dictum
1283 815 1407 860 non
1434 816 1616 861 omne
1643 803 2082 877 praestandum
2117 809 2232 872 est,

151 882 325 958 quod
357 881 588 942 dictum
613 898 743 947 non
775 888 901 956 est,
937 881 1001 944 id
1032 883 1472 960 praestandum
1506 885 1729 959 putas?
1772 883 1927 959 Quid
1954 901 2107 947 vero
2139 894 2235 947 est

149 964 402 1028 stultius
432 981 617 1040 quam
649 965 1035 1027 venditorem
1061 966 1203 1028 eius
1234 966 1356 1038 rei,
1404 983 1593 1042 quam
1621 969 1876 1039 vendat,
1923 968 2071 1030 vitia
2099 986 2234 1030 nar·

147 1051 333 1111 rare?
400 1048 557 1125 Quid
595 1056 801 1113 autem
828 1057 952 1111 tam
988 1050 1324 1112 absurdum
1364 1066 1546 1127 quam
1585 1049 1643 1112 si
1680 1050 1910 1113 domini
1939 1051 2114 1114 iussu
2150 1054 2234 1113 ita

147 1149 381 1211 praeco
412 1182 416 1188 .
445 1133 789 1210 praedicet:
894 1133 1257 1195 “domum
1316 1133 1820 1211 pestilentem
1876 1137 2232 1198 vendo?”

149 1219 250 1280 56.
303 1216 406 1278 Sic
436 1233 587 1292 ergo
617 1217 678 1279 in
717 1217 1087 1292 quibusdam
1117 1218 1328 1279 causis
1359 1217 1562 1279 dubiis
1589 1235 1666 1279 ex
1708 1220 1899 1278 altera
1927 1225 2102 1293 parte
2131 1221 2234 1280 de-

149 1299 421 1362 tenditur
451 1301 780 1378 honestas,
842 1318 919 1363 ex
957 1303 1151 1363 altera
1195 1301 1280 1362 ita
1321 1305 1399 1363 de
1439 1301 1698 1364 utilitate
1743 1300 1990 1377 dicitur,
2044 1309 2112 1364 ut
2150 1303 2232 1375 id,

156 1386 324 1461 quod
374 1384 521 1446 utile
558 1385 868 1459 videatur,
921 1399 1045 1448 non
1093 1387 1281 1447 modo
1339 1388 1545 1447 facere
1587 1386 1917 1447 honestum
1961 1385 2066 1460 sit,
2120 1387 2229 1448 sed

148 1468 334 1530 etiam
361 1486 489 1531 non
519 1470 725 1532 facere
753 1478 953 1547 turpe.
1028 1471 1202 1530 Haec
1231 1478 1329 1532 est
1356 1470 1486 1543 illa,
1528 1486 1691 1546 quae
1723 1469 1970 1532 videtur
1999 1471 2232 1533 utilium

147 1553 284 1614 fieri
316 1569 457 1616 cum
481 1553 758 1616 honestis
791 1570 982 1630 saepe
1010 1553 1344 1616 dissensio.
1421 1556 1590 1629 Quae
1633 1553 2025 1617 diiudicanda
2052 1563 2229 1616 sunt:

149 1654 274 1698 non
309 1636 500 1711 enim,
550 1644 620 1698 ut
649 1654 1118 1713 quaereremus,
1158 1638 1593 1714 exposuimuS‚
1646 1641 1761 1700 sed
1787 1646 1857 1700 ut
1897 1640 2231 1717 explicare·

149 1739 308 1785 mus.
401 1721 501 1782 57.
544 1722 678 1782 Non
709 1721 894 1798 igitur
917 1721 1163 1783 videtur
1188 1738 1308 1783 nec
1339 1723 1773 1785 frumentarius
1814 1723 1914 1784 ille
1949 1723 2230 1786 Rhodios

148 1822 265 1867 nec
295 1804 396 1866 hic
427 1805 671 1868 aedium
703 1805 992 1868 venditor
1039 1807 1242 1868 celare
1281 1815 1592 1883 emptores
1631 1806 1944 1870 debuisse.
2017 1810 2230 1884 Neque

146 1890 311 1951 enim
341 1889 406 1952 id
440 1897 537 1951 est
573 1892 809 1964 celare,
865 1889 1163 1967 quidquid
1196 1889 1492 1965 reticeas,
1544 1891 1657 1951 sed
1691 1909 1910 1966 quum,
1966 1894 2136 1967 quod
2167 1900 2229 1951 tu

147 1974 341 2046 scias,
385 1973 451 2034 id
487 1973 775 2049 ignorare
813 1973 1210 2036 emolumenti
1241 1976 1330 2035 tui
1372 1991 1563 2036 causa
1593 1974 1747 2035 velis
1779 1990 1922 2045 eOS‚
1968 1991 2229 2049 quorum

145 2056 388 2120 intersit
408 2057 471 2118 id
500 2057 681 2121 scire.
748 2059 884 2121 Hoc
913 2065 1117 2121 autem
1151 2058 1393 2119 celandi
1421 2075 1621 2135 genus
1647 2058 1828 2135 quale
1853 2056 1933 2119 sit
1962 2064 2024 2118 et
2055 2056 2228 2118 cuius

145 2140 412 2204 hominis
446 2142 586 2218 quis
632 2159 756 2204 non
789 2140 997 2205 videt?
1069 2143 1248 2204 Certe
1296 2159 1419 2203 non
1459 2142 1688 2219 aperti,
1746 2159 1869 2203 non
1913 2140 2228 2219 simplicis,

145 2243 269 2288 non
292 2225 575 2302 ingenui,
607 2243 731 2288 non
754 2226 925 2300 iusti,
954 2242 1080 2288 non
1106 2226 1223 2288 viri
1245 2226 1419 2302 boni,
1451 2227 1685 2288 versuti
1708 2227 1933 2303 potius,
1959 2225 2226 2299 obscuri,

144 2309 362 2383 astuti,
409 2308 672 2384 sallaeiS,
714 2309 1032 2385 malitiosi,
1086 2309 1317 2385 callidi,
1371 2311 1772 2385 veteratoris,
1817 2311 1989 2373 vafri.
2062 2312 2228 2371 Haec

144 2402 233 2456 tot
261 2401 328 2455 et
356 2393 476 2454 alia
505 2396 682 2470 plura
712 2412 918 2456 nonne
947 2393 1160 2457 inutile
1196 2402 1293 2456 est
1321 2394 1607 2457 vitiorum
1639 2395 1844 2457 subire
1874 2395 2163 2458 nomina?

264 2479 434 2539 XIV.
493 2476 594 2538 58.
683 2480 860 2553 Quod
912 2477 967 2539 si
1016 2477 1406 2556 vituperandi
1462 2480 1566 2555 qui
1617 2478 2014 2554 reticuerunt,
2081 2478 2228 2555 quid

142 2562 219 2623 de
276 2561 357 2624 iis
419 2561 889 2625 existimandum
959 2572 1080 2637 est,
1158 2563 1265 2639 qui
1326 2562 1618 2625 orationis
1679 2564 2005 2624 vanitatem
2061 2562 2226 2622 adhi-

142 2646 453 2708 buerunt?
540 2646 604 2706 C.
657 2646 911 2720 Canius,
979 2664 1173 2723 eques
1224 2649 1573 2721 Romanus,
1604 2663 1745 2706 ·nec
1795 2646 2097 2707 infacetus
2167 2651 2227 2704 et

142 2730 295 2792 satis
328 2729 665 2804 litteratuS,
726 2747 912 2808 quum
949 2747 1021 2793 se
1052 2730 1398 2808 Syracusas
1430 2729 1680 2806 otiandi,
1727 2736 1798 2790 ut
1838 2728 1975 2806 ipse
2020 2727 2227 2789 dicere

141 2815 423 2887 solebat,
457 2831 580 2877 non
621 2814 976 2891 negotiandi
1007 2831 1196 2875 causa
1228 2814 1621 2889 contulisset,
1654 2812 1970 2876 dictitabat
1996 2830 2066 2874 se
2087 2812 2225 2873 hor-

140 2901 308 2962 tulos
350 2897 598 2974 aliquos
649 2916 855 2962 emere
899 2900 1090 2974 velle,
1146 2916 1272 2976 quo
1310 2898 1570 2961 invitare
1620 2897 1854 2961 amicos
1908 2906 1969 2961 et
2010 2897 2114 2959 ubi
2155 2910 2226 2959 se

141 2983 463 3045 oblectare
506 2981 641 3044 sine
689 2982 1250 3060 interpellatoribus
1304 2992 1543 3059 posset.
1632 2985 1810 3060 Quod
1855 3000 2039 3060 quum
2087 2999 2228 3059 per-·

146 3066 554 3139 trebruisset,
572 3067 841 3145 -Pythius
874 3066 929 3129 ei
960 3065 1208 3143 quidam
1229 3114 1244 3142 ‚
1280 3066 1385 3142 qui
1416 3068 1822 3144 argentariam
1853 3070 2082 3129 faceret
2110 3065 2221 3141 Sy-

142 3150 413 3224 racusiS,
466 3152 722 3213 venales
771 3150 1017 3228 quidem
1067 3168 1138 3214 se
1167 3152 1386 3212 hortos
1413 3169 1540 3213 non
1584 3153 1840 3224 habere,
1894 3150 2006 3211 sed
2041 3148 2225 3208 licere

141 3234 226 3295 uti
256 3232 484 3309 Cani0,
532 3234 587 3296 si
618 3237 828 3309 vellet,
871 3241 941 3297 ut
972 3234 1131 3309 suis,
1166 3242 1230 3296 et
1259 3233 1438 3296 simul
1465 3237 1542 3296 ad
1575 3253 1790 3297 cenam
1819 3231 2128 3293 hominem
2162 3229 2219 3290 in

142 3317 360 3382 hortos
401 3317 681 3380 invitavit
721 3318 779 3379 in
812 3326 1133 3397 posterum
1177 3318 1356 3380 diem.
1434 3321 1630 3394 Quum
1671 3319 1771 3377 ille
1818 3312 2221 3387 promisisset,

146 3409 266 3464 tum
294 3400 589 3481 Pythius,
635 3403 738 3480 qui
770 3412 940 3465 esset
967 3410 1037 3464 ut
1075 3400 1460 3479 argentarius
1506 3401 1670 3477 apud
1724 3410 1941 3457 omnes
1974 3392 2220 3453 ordines
