2381 3723
260 99 366 153 215
837 87 1003 149 cAP.
1035 75 1303 153 32-35.
1344 97 1396 158 s.
1429 98 1761 152 112—122.
2217 90 2341 154 405

263 240 455 300 multo
489 238 908 315 gravioribus,
951 240 1154 316 qualia
1182 242 1370 301 multa
1411 242 1659 302 saecula
1692 258 1815 302 non
1850 240 2161 316 viderunt,
2210 242 2340 304 feli-

264 321 511 383 cissime
538 321 831 384 liberatus
863 332 1048 385 esset.
1145 323 1412 383 XXXIV.
1461 325 1598 384 117.
1686 323 1780 384 Ex
1803 324 2337 400 quibusomnibus

262 405 595 482 multisque
625 406 758 468 aliis
788 407 1183 483 perspicuum
1216 415 1313 468 est
1343 414 1692 483 pervertere
1721 407 2001 470 homines
2034 425 2136 482 ea,
2179 426 2339 485 quae

262 496 407 550 sunt
458 489 764 551 humanae
825 492 1223 552 fundamenta
1281 489 1582 552 felicitatis
1608 539 1623 564 ,
1686 508 1871 567 quum
1937 491 2251 553 utilitatem
2304 511 2341 554 a

261 578 459 633 morte
494 572 824 649 seiungunt
860 581 966 635 aut
994 592 1181 651 quum
1217 573 1523 635 miseriam
1554 590 1688 636 cum
1722 583 1917 637 morte
1948 584 2339 638 connectunt.

266 653 408 716 118.
448 656 517 716 L.
543 657 829 719 Crassum
846 703 861 730 ,
906 674 985 718 ex
1012 664 1228 718 nostra
1256 657 1500 719 civitate
1532 658 1935 721 clarissimum
1961 667 2024 721 et
2045 662 2340 736 eloquen-

254 738 564 801 tissimum
610 740 840 814 virum,
888 751 1125 803 matura
1162 758 1332 803 mors
1372 742 1614 817 quantis
1655 759 1690 803 e
1731 743 2339 819 molestiis-quantis-

263 840 386 899 que
418 823 827 886 incommodis
862 825 1114 900 eriquit!
1186 826 1369 898 Nam,
1410 825 1618 901 quain
1657 826 1914 902 patriam
1950 827 2176 902 pietate
2205 827 2336 900 suit,

260 923 341 967 ex
380 906 457 967 iis
505 908 712 980 malis,
755 926 915 984 quae
957 914 1215 971 mortem
1254 909 1385 970 eius
1423 916 1760 971 consecuta
1803 919 1974 983 sunt,
2017 908 2330 971 incredibi-

258 992 409 1063 lem,
457 990 511 1051 si
550 990 836 1066 vixisset,
884 994 1159 1055 dolorem
1199 992 1563 1069 accepisset.
1658 992 1795 1053 119.
1836 993 2145 1068 Flagravit
2176 994 2338 1054 enim

258 1075 423 1135 bello
453 1073 652 1151 Italia,
699 1075 930 1138 exarsit
958 1084 1209 1139 senatus
1236 1076 1491 1150 invidia,
1527 1076 1672 1137 nihil
1701 1077 1969 1152 denique
1997 1076 2056 1136 in
2088 1077 2338 1138 civitate

260 1158 377 1218 suit
410 1159 578 1235 quod
608 1176 732 1221 non
767 1160 897 1222 eius
928 1160 1224 1238 temporis
1259 1160 1657 1221 calamitatem
1696 1161 2048 1236 luctumque
2084 1177 2336 1235 persen-

261 1240 428 1303 serit.
516 1242 668 1303 Nam
711 1244 856 1319 quid
897 1245 1104 1321 fugam
1138 1244 1340 1317 Marii,
1389 1243 1534 1320 quid
1575 1250 1848 1316 caetera,
1894 1260 2053 1319 quae
2084 1243 2145 1304 in
2176 1242 2336 1304 illius

263 1325 549 1387 discessu
577 1326 962 1401 acciderunt,
997 1328 1260 1389 maxime
1288 1329 1571 1389 luctuosa
1600 1343 1962 1402 summeque
1987 1326 2335 1389 miseranda

262 1418 783 1472 commemorem?
841 1410 987 1487 quid
1027 1411 1287 1472 reditum
1326 1411 1491 1472 illum
1525 1409 2006 1487 sanguinarium,
2049 1410 2223 1472 cuius
2260 1427 2337 1470 ex

260 1494 694 1556 recordatione
722 1512 902 1557 nemo
937 1503 1034 1556 est
1064 1495 1167 1571 qui
1198 1512 1321 1557 non
1351 1494 1577 1557 intimis
1602 1494 1890 1556 sensibus
1915 1495 2335 1556 exhorrescat.

269 1576 409 1637 120.
454 1577 761 1639 Tenemus
806 1578 963 1639 enim
994 1578 1288 1640 memoria
1317 1586 1423 1640 aut
1451 1580 1670 1640 saltem
1706 1595 1781 1639 ex
1815 1585 2054 1653 patrum
2091 1576 2335 1654 scriptis

263 1660 615 1735 accepimus
647 1662 1132 1724 crudelissimam
1168 1662 1437 1724 omnium
1471 1663 1723 1724 caedem
1752 1662 1854 1723 illo
1891 1669 2168 1738 tempore
2187 1676 2336 1722 esse

263 1743 517 1816 factam,
569 1744 907 1807 trucidatos
938 1748 1138 1809 bonos
1169 1746 1341 1808 viros
1371 1754 1433 1807 et
1463 1746 1663 1818 civeS,
1707 1744 1934 1805 incisas
1966 1762 2178 1806 eorum
2209 1761 2336 1804 cer·

262 1825 436 1888 vices
476 1825 535 1888 in
581 1829 949 1907 Rostrisque
989 1830 1254 1906 positas,
1298 1831 1398 1904 qui
1442 1829 1767 1890 multorum
1815 1827 2034 1889 civium
2079 1830 2335 1890 salutem

196 1973 201 1977 ,
262 1926 338 1970 ac
377 1910 727 1986 dignitatem
764 1915 1116 1990 eloquentia
1149 1913 1556 1989 peperissent.
1645 1913 1838 1987 Quam
1874 1914 2098 1972 multos
2130 1927 2208 1971 ex
2236 1910 2337 1970 illa

260 1993 351 2054 rei
395 1994 674 2069 publicae
720 2003 1080 2071 tempestate
1122 2012 1603 2058 commemorare
1644 2011 2006 2071 possumus,
2047 1994 2335 2054 innocen·

262 2075 538 2141 tissimos
584 2079 865 2142 homines
912 2087 1100 2155 atque
1138 2079 1436 2154 optimoS,
1491 2086 1557 2139 ut
1596 2076 2053 2138 acerbissimam
2096 2075 2336 2138 calami·

261 2168 449 2221 tatem
482 2162 855 2238 effugerent,
892 2164 1228 2224 libertatem
1255 2171 1450 2224 morte
1472 2160 1825 2238 quaesisse!
1918 2159 2056 2220 121.
2099 2160 2145 2221 Ο
2170 2175 2336 2220 acer-

261 2245 410 2305 bum
449 2261 521 2306 ac
560 2246 784 2307 nemini
825 2264 948 2309 non
993 2247 1430 2322 poenitendum
1477 2244 1566 2307 rei
1611 2243 1895 2320 publicae
1933 2251 2157 2306 statum
2190 2259 2336 2304 con-

264 2327 698 2406 dicionemque
738 2329 1021 2392 vivendi!
1082 2347 1270 2406 quum
1309 2346 1420 2390 eos
1468 2329 1673 2406 ipsoS,
1721 2327 1826 2405 qui
1868 2344 1998 2388 rem
2029 2326 2336 2404 publicam

262 2427 382 2472 suo
429 2413 641 2474 labore
685 2414 928 2488 suoque
965 2413 1265 2488 sanguine
1311 2413 1623 2486 auxerint,
1675 2411 1966 2484 iuverint,
2015 2408 2334 2479 servarint,

264 2511 568 2570 nusquam
599 2504 730 2558 tuto
760 2496 1032 2573 nihilque
1060 2497 1255 2572 magis
1287 2512 1468 2572 quam
1499 2494 1986 2573 propinquorum
2017 2511 2235 2562 manus
2265 2508 2337 2552 ac

261 2578 504 2653 gladios
552 2579 834 2642 timentes
892 2581 1447 2654 horrescentesque
1496 2578 1754 2639 videas:
1820 2578 2058 2639 illorum
2115 2584 2337 2648 autem,

267 2677 531 2736 quorum
564 2680 684 2740 ope
712 2670 900 2740 atque
932 2662 1156 2724 auxilio
1190 2668 1476 2724 servatus
1510 2661 1626 2735 sis,
1665 2677 1851 2735 quum
1879 2660 2201 2722 horribiles
2235 2658 2335 2718 mi-

264 2761 574 2821 serosque
620 2762 803 2808 casus
845 2755 1119 2822 specteS,
1164 2748 1329 2808 nulla
1361 2753 1560 2806 tamen
1591 2743 1825 2805 ratione
1858 2742 2140 2819 opitulari
2169 2741 2337 2803 nihil·

266 2845 390 2903 que
425 2830 668 2890 adferre
697 2830 1026 2892 adiumenti
1062 2847 1274 2906 queas.
1359 2828 1598 2889 XXXV.
1650 2825 1789 2888 122.
1869 2826 2015 2902 Quis
2051 2832 2236 2902 neget
2263 2823 2336 2883 iis

261 2909 450 2986 ipsis,
507 2912 611 2987 qui
664 2914 816 2974 haec
857 2914 1076 2975 intueri
1125 2918 1754 2990 cogantur,‚mortem
1802 2927 1945 2972 esse
1988 2927 2111 2971 non
2150 2909 2337 2970 modo

264 2995 757 3072 detrectandam,
804 2998 918 3058 sed
948 2997 1127 3058 etiam
1164 2997 1546 3073 optandam?
1619 2995 1732 3070 Qui
1762 3003 1992 3064 autem,
2038 3010 2115 3053 ne
2143 2992 2204 3051 in
2233 2993 2338 3052 ho·

262 3094 399 3137 rum
440 3086 786 3157 temporum
829 3080 1135 3142 flammam
1180 3080 1480 3152 incidant,
1534 3077 1746 3139 mortis
1789 3076 2090 3137 beneficio
2123 3091 2337 3136 conse·

264 3161 384 3222 cuti
434 3162 586 3231 sint,
647 3179 759 3224 eos
806 3180 957 3226 vero
1009 3163 1400 3224 beatissimos
1445 3162 1575 3224 iure
1626 3175 1840 3223 omnes
1892 3159 2338 3231 existimabunt,

264 3246 507 3319 qualem
549 3246 743 3308 fuisse
780 3248 845 3307 L.
881 3248 1197 3320 Crassum,
1252 3247 1366 3308 nisi
1412 3263 1511 3307 res
1553 3245 1689 3323 ipsa
1732 3243 2148 3321 probavisset,
2194 3239 2335 3302 nihil

263 3335 437 3388 esset
463 3345 572 3390 cur
594 3330 868 3392 oratione
893 3330 1388 3407 persuadendum
1416 3329 1743 3391 videretur.
1806 3327 1931 3389 Sed
1956 3328 2108 3387 haec
2131 3325 2334 3401 paullo
