2381 3723
121 62 241 127 too
631 122 636 125 Α
925 61 1030 123 ΒΕ
1060 59 1379 127 OFFICIIS

121 212 478 292 impunitate
517 220 580 274 et
617 212 1000 289 ignoratione
1041 211 1311 277 omnium
1352 211 1677 289 proposita
1708 208 2017 272 abstinere
2044 224 2185 289 pos-

121 299 200 360 sit
226 296 484 358 iniuria?

244 383 462 444 XVlll
506 380 604 441 73
692 379 1136 452 Periclitemur,
1200 376 1255 440 si
1295 380 1526 454 placet,
1591 375 1655 441 in
1688 376 1793 439 iis
1809 375 2054 454 quidem
2088 393 2193 439 ex

122 465 368 542 emptis,
438 464 497 523 in
547 463 777 539 quibus
821 463 1066 539 peccari
1115 464 1371 538 vulgus
1388 459 1698 523 hominum
1753 463 2017 523 tortasse
2062 475 2192 520 non

123 555 311 626 putet
399 549 610 622 Neque
660 545 822 614 enim
862 548 943 608 de
984 545 1251 618 sicariiS,
1318 545 1646 618 veneficis,
1680 541 2193 616 testamentariis,

123 631 391 704 furibus,
417 629 886 707 peculatoribus
919 631 1041 693 hoc
1085 632 1225 692 loco
1271 629 1707 693 disserendum
1742 635 1866 701 est,
1923 626 2027 702 qui
2067 644 2192 688 non

126 714 327 776 verbis
379 721 525 776 sunt
561 721 622 775 et
661 711 1074 791 disputatione
1116 712 1658 790 philosophorum,
1722 713 1836 774 sed
1880 710 2101 772 vinclis
2137 719 2199 806 et

124 812 369 860 carcere
411 796 732 874 fatigandi,
772 799 885 862 sed
927 799 1084 859 haec
1120 795 1617 869 consideremus,
1669 811 1831 872 quac
1876 792 2177 858 faciuntii

124 882 230 960 qui
276 881 579 943 habentur
623 881 794 945 boni
878 882 945 942 L.
997 879 1244 943 Minucii
1304 879 1491 944 Basili
1547 878 1873 956 locupletis
1928 877 2198 942 hominis

123 969 341 1028 salsum
385 972 817 1028 testamentum
868 963 1115 1041 quidam
1156 981 1200 1026 e
1240 963 1493 1026 Graecia
1533 965 1794 1033 Romam
1841 956 2194 1025 ειῑιιιιιειίιιιι.ι

124 1050 303 1126 Quod
352 1067 474 1126 quo
529 1048 774 1117 facilius
812 1047 1186 1121 obtinerent,
1242 1046 1624 1124 scripserunt
1673 1047 1935 1108 heredes
1980 1062 2198 1107 secum

121 1137 203 1198 M.
259 1137 547 1197 Crassum
602 1143 664 1195 et
711 1134 781 1208 Q.
830 1133 1255 1206 Hortensium,
1319 1129 1615 1197 homines
1649 1130 1924 1192 eiusdem
1974 1128 2198 1193 aetatis

126 1218 619 1295 potentissimos:
687 1217 790 1293 qui
835 1233 1020 1293 quum
1060 1216 1207 1277 illud
1260 1216 1478 1277 falsum
1528 1231 1677 1276 esse·
1714 1212 2198 1290 suspicarentur,

125 1302 240 1364 sibi
296 1309 498 1363 autem
551 1301 773 1362 nullius
825 1307 1036 1362 essent
1086 1298 1323 1361 conscii
1368 1299 1613 1375 culpae,
1674 1297 1855 1358 alieni
1907 1295 2197 1359 facinoris

126 1387 556 1447 munusculum
586 1401 713 1446 non
739 1383 1238 1458 repudiaverunt.
1327 1381 1482 1457 Quid
1510 1384 1701 1457 ergo?
1745 1380 1902 1442 satin
1932 1381 2054 1442 hoc
2081 1389 2196 1456 est,

125 1477 191 1530 ut
242 1485 366 1529 non
426 1466 761 1542 deliquisse
820 1467 1196 1531 videantur‘t,
1248 1464 1394 1527 Mihi
1455 1464 1701 1541 quidem
1751 1482 1876 1527 non
1931 1465 2196 1537 videtur,

126 1567 497 1628 quamquam
547 1552 801 1611 alterum
851 1549 1053 1611 vivum
1104 1549 1336 1622 amavi,
1396 1550 1650 1611 alterum
1699 1564 1823 1610 non
1881 1548 1986 1611 odi
2037 1565 2197 1611 mor-

129 1644 319 1696 tuum.
407 1634 506 1695 74.
569 1632 691 1694 Sed
744 1650 929 1707 quum
982 1632 1229 1695 Basilus
1270 1634 1352 1693 M.
1403 1632 1664 1694 Satrium
1718 1632 1957 1694 sororis
2006 1632 2196 1694 filium

128 1734 351 1779 nomen
396 1732 576 1780 suum
632 1718 791 1778 serre
836 1715 1136 1779 voluisset
1185 1733 1451 1791 eumque
1484 1715 1742 1779 >iecisset
1779 1717 2068 1779 heredem
2111 1750 2198 1758 --

123 1803 289 1863 hunc
306 1800 444 1863 dico
462 1809 790 1877 patronum
810 1799 939 1878 agri
954 1800 1160 1864 Piceni
1171 1807 1237 1863 et
1249 1798 1473 1872 Sabini,
1501 1816 1542 1863 o
1556 1807 1799 1879 turpem
1812 1808 2026 1863 -notam
2045 1797 2167 1860 tem

131 1903 348 1963 porum
380 1886 905 1948 nomenmorum!
937 1918 1037 1959 -·‚
1073 1893 1378 1947 numerat
1395 1901 1661 1961 aequum
1681 1884 1990 1962 principes
2025 1884 2195 1945 cives

126 1988 256 2031 rem
304 1972 562 2044 habere,
622 1972 702 2031 ad
743 1968 1008 2033 Satrium
1063 1968 1208 2030 nihil
1253 1975 1499 2046 praeter
1548 1985 1771 2030 nomen
1832 1966 2197 2046 pervenire?

123 2054 391 2127 Etenim,
450 2054 503 2115 si
543 2055 628 2127 iS,
684 2053 809 2130 qui
828 2071 953 2117 non
982 2053 1257 2115 defendit
1292 2051 1570 2114 iniuriam
1606 2069 1812 2129 neque
1853 2054 2196 2129 propulsat,

128 2153 315 2211 quum
342 2144 581 2212 potest,
623 2136 846 2200 iniuste
883 2137 1057 2211 facit,
1105 2137 1262 2199 utin
1308 2135 1505 2212 primo
1539 2134 1691 2198 libro
1720 2135 2016 2209 disserui,
2048 2152 2196 2211 qua·

126 2220 198 2280 lis
228 2220 562 2280 habendus
580 2227 677 2280 est
715 2220 798 2293 is,
852 2220 957 2297 qui
995 2238 1120 2282 non
1152 2221 1338 2281 modo
1378 2236 1502 2281 non
1543 2219 1809 2296 repellit,
1860 2221 1974 2281 sed
2016 2218 2195 2279 etiam

127 2302 376 2363 adiuvat
438 2296 755 2363 iniuriam?
838 2303 982 2364 Mihi
1038 2304 1285 2380 quidem
1335 2303 1512 2364 etiam
1575 2320 1760 2365 verae
1823 2302 2196 2364 hereditates

126 2402 248 2447 non
279 2385 582 2446 honestae
607 2385 922 2462 videntur,
968 2386 1020 2451 si
1061 2395 1206 2449 sunt
1232 2385 1551 2449 malitiosis
1578 2385 1918 2460 blanditiis,
1962 2385 2197 2450 officio·

124 2485 258 2528 rum
316 2485 442 2530 non
503 2468 783 2545 veritate,
844 2471 958 2532 sed
1017 2468 1403 2533 simulatione
1459 2470 1796 2547 quaesitae.
1883 2468 2074 2547 Atqui
2137 2470 2195 2530 in

125 2552 345 2613 talibus
388 2553 578 2614 rebus
614 2551 779 2616 aliud
834 2553 976 2616 utile
1020 2553 1357 2628 interdum,
1420 2553 1583 2617 aliud
1627 2555 1955 2616 honestum
2000 2552 2198 2616 videri

124 2638 305 2698 solet.
396 2637 498 2699 75.
540 2636 755 2700 Falso:
800 2655 939 2699 nam
986 2639 1202 2699 eadem
1235 2638 1503 2701 utilitatis
1537 2655 1695 2715 quae
1726 2636 2065 2700 honestatis
2101 2645 2199 2699 est

124 2722 353 2795 regula.
444 2720 555 2797 Qui
584 2722 702 2783 hoc
744 2739 868 2784 non
896 2721 1275 2798 perviderit,
1315 2723 1392 2783 ab
1434 2722 1554 2783 hoc
1588 2723 1753 2784 nulla
1785 2724 1950 2784 fraus
1983 2720 2196 2794 aberit,

127 2804 355 2863 nullum
410 2803 667 2865 facinus.
760 2804 863 2866 Sic
912 2804 1071 2867 enim
1126 2805 1434 2881 cogitans:
1525 2806 1670 2867 ‘Est
1728 2805 1886 2867 istuc
1947 2803 2195 2882 quidem

125 2887 482 2960 honestum,
551 2904 762 2950 verum
819 2890 939 2951 hoc
993 2889 1298 2964 expedit’,
1362 2905 1462 2952 res
1515 2907 1552 2949 a
1603 2897 1822 2951 natura
1875 2891 2196 2967 copulatas

124 2968 372 3032 audebit
406 2987 617 3032 errore
651 2971 973 3047 divellere,
1021 2974 1124 3048 qui
1161 2975 1301 3035 fons
1344 2980 1443 3035 est
1483 2972 1814 3047 fraudium,
1867 2972 2197 3034 maleficio-

123 3072 287 3128 rum,
332 3055 634 3115 scelerum
676 3056 967 3117 omniumr
1050 3058 1208 3118 XIX.
1246 3055 1469 3133 'Itaque
1504 3057 1559 3118 si
1601 3056 1695 3117 vir
1739 3058 1943 3119 bouus
1974 3057 2201 3118 habeat

124 3138 281 3197 hanc
313 3138 463 3211 vim,
513 3145 605 3211 ut,
654 3137 706 3200 si
735 3138 937 3215 digitis
971 3141 1429 3218 concrepuerit,
1476 3141 1681 3217 possit
1705 3140 1766 3201 in
1796 3140 2199 3219 locupletium

125 3226 489 3281 testamenta
534 3238 757 3283 nomen
788 3221 920 3283 eius
961 3222 1270 3300 irrepere,
1316 3224 1433 3286 hac
1483 3223 1543 3283 vi
1584 3241 1708 3287 non
1747 3231 1983 3299 utatur,
2037 3241 2117 3286 ne
2149 3224 2201 3285 si

126 3300 506 3375 exploratum
560 3304 807 3379 quidem
861 3306 1101 3366 habeat
1140 3306 1202 3367 id
1253 3306 1499 3369 omnino
1555 3306 1857 3370 neminem
1908 3325 2198 3385 umquam
