2381 3723
118 92 201 154 20
926 95 1029 154 DE
1061 94 1385 157 oFFlcuS

298 246 409 306 Vos
435 247 588 306 enim
604 291 618 317 ,
661 247 918 318 iuvenes,
963 249 1226 305 animum
1253 249 1465 320 §eritis
1494 249 1853 323 muliebrem,
1892 252 1999 310 illa
2031 251 2204 325 vit-90

1810 349 1941 400 vm.

116 418 178 472 et
212 411 263 473 si
296 412 441 489 quid
482 413 614 474 eius
644 411 839 472 modi:

280 525 627 587 Salmacida
654 528 846 601 spolia
874 528 1001 586 sine
1026 526 1245 586 sudore
1270 533 1332 586 et
1353 530 1664 600 sanquine.

116 636 466 710 Contraque
494 634 555 696 in
586 635 897 709 laudibus,
935 652 1096 712 quae
1125 652 1345 712 magno
1380 636 1582 698 animo
1617 635 1856 699 fortiter
1893 639 2199 699 excellen-

117 728 333 793 terque
365 726 543 794 gesta
575 725 752 794 sunt,
802 735 877 780 ea
909 717 1121 781 nescio
1171 737 1295 796 quo
1339 722 1526 782 modo
1564 720 1741 797 quasi
1773 720 2050 797 pleniore
2086 737 2199 783 ore

113 801 459 863 laudamus,
530 800 688 865 Hinc
717 804 1032 865 rhetorum
1056 820 1312 879 campus
1343 804 1421 864 de
1443 804 1830 878 Marathone,
1864 805 2196 879 Salamine,

112 884 407 960 PlataeiS,
458 887 924 965 Thermopylis,
974 887 1284 961 Leuctris,
1326 886 1470 949 hinc
1499 895 1716 949 noster
1749 889 1997 962 CocleS,
2053 889 2197 950 hinc

113 969 282 1033 Decii
301 1017 317 1044 ,
349 971 493 1032 hinc
525 971 631 1032 Cn.
666 978 728 1033 et
758 972 820 1031 P.
853 970 1206 1046 Scipiones,
1251 969 1393 1032 hinc
1422 973 1502 1036 M.
1534 972 1893 1047 MarcelluS,
1919 972 2197 1033 innume-

113 1053 338 1115 rabiles
371 1055 500 1131 alii,
534 1055 922 1132 maximeque
950 1055 1089 1132 ipse
1118 1057 1389 1133 populus
1418 1057 1734 1118 Romanus
1758 1054 1942 1117 animi
1964 1056 2197 1132 magni-

113 1137 325 1200 tudine
355 1140 619 1202 excellit.
690 1142 1048 1202 Declaratur
1090 1148 1292 1201 autem
1333 1138 1601 1201 studium
1644 1140 1901 1202 bellicae
1935 1140 2195 1216 gloriae,

115 1224 286 1296 quod
317 1231 554 1287 statuas
586 1241 840 1302 quoque
872 1224 1156 1285 videmus
1194 1233 1412 1286 ornatu
1442 1226 1570 1284 fere
1602 1223 1859 1285 militari.

234 1334 391 1395 XIX.
438 1335 537 1396 62.
629 1335 755 1396 Sed
790 1352 864 1396 ea
892 1333 1077 1396 animi
1109 1335 1326 1409 elatio,
1369 1351 1530 1412 quae
1562 1333 1831 1396 cernitur
1860 1333 1918 1395 in
1950 1334 2167 1412 pericu

113 1415 186 1478 lis
216 1424 278 1477 et
310 1417 654 1492 laboribuS,
698 1416 749 1479 si
784 1418 1011 1481 iustitia
1037 1426 1223 1480 vacat
1262 1427 1622 1496 pugnatque
1665 1436 1788 1480 non
1836 1436 1950 1495 pro
1992 1421 2197 1482 salute

114 1500 451 1571 communi,
495 1502 608 1562 sed
640 1519 753 1579 pro
786 1502 918 1564 suis
952 1502 1329 1576 commodis,
1372 1502 1432 1563 in
1466 1502 1614 1564 vitio
1650 1510 1764 1564 est.
1837 1505 1969 1565 Non
2002 1506 2192 1567 modo

112 1584 273 1645 enim
301 1583 364 1644 id
391 1584 634 1647 virtutis
665 1603 787 1647 non
820 1593 949 1662 est,
993 1588 1106 1649 sed
1139 1593 1239 1648 est
1278 1585 1486 1663 potius
1524 1586 1907 1655 immanitatis
1945 1603 2194 1649 omnem

112 1667 542 1730 humanitatem
592 1671 966 1745 repellentis.
1034 1673 1250 1746 Itaque
1296 1672 1495 1744 probe
1552 1670 1842 1731 definitur
1882 1687 1920 1731 a
1963 1670 2193 1733 Stoicis

111 1751 444 1826 fortitudo,
507 1770 694 1828 quum
741 1771 877 1815 eam
917 1753 1206 1815 virtutem
1258 1771 1401 1815 esse
1443 1753 1655 1816 dicunt
1698 1763 2191 1831 propugnantem

112 1853 224 1910 pro
257 1836 582 1915 aequitate.
652 1822 953 1915 Quocirca
982 1854 1196 1912 nemo,
1234 1836 1338 1914 qui
1362 1837 1733 1901 fortitudinis
1761 1837 2017 1915 gloriam
2043 1855 2187 1902 con·

110 1927 361 1983 secutus
407 1930 502 1984 est
550 1922 788 1986 insidiis
832 1929 894 1985 et
933 1921 1186 1995 malitia,
1251 1922 1494 1983 laudem
1537 1930 1635 1983 est
1676 1924 1973 2000 adeptus:
2043 1924 2192 1984 nihil

109 2005 439 2068 honestum
471 2023 615 2069 esse
643 2015 878 2085 potest,
913 2008 1084 2084 quod
1110 2003 1337 2067 iustitia
1374 2014 1570 2067 vacat.
1658 2006 1757 2069 63.
1799 2007 2190 2068 Praeclarum

105 2087 289 2165 igitur
332 2092 477 2151 illud
534 2092 837 2154 Platonis:
903 2094 1109 2154 ‘Non’
1156 2089 1355 2166 inquit
1396 2092 1634 2152 ‘solum
1680 2089 1968 2163 scientia,
2028 2108 2191 2166 quae

109 2180 206 2233 est
234 2181 471 2234 remota
508 2175 585 2234 ab
625 2174 882 2250 iustitia,
943 2173 1242 2236 calliditas
1285 2173 1491 2251 potius
1524 2191 1709 2250 quam
1750 2173 2052 2251 sapientia
2094 2183 2194 2236 est

108 2257 505 2331 appellanda,
558 2275 772 2319 verum
816 2258 997 2320 etiam
1032 2259 1270 2319 animus
1317 2267 1568 2334 paratus
1599 2258 1679 2319 ad
1712 2257 2082 2335 periculum,
2136 2259 2192 2321 si

110 2355 224 2400 sua
263 2339 628 2416 cupiditate,
682 2359 807 2403 non
849 2342 1108 2403 utilitate
1150 2341 1461 2403 communi
1493 2340 1848 2419 impellitur,
1890 2343 2190 2403 audaciae

109 2422 316 2498 potius
351 2441 577 2485 nomen
607 2426 832 2486 habeat
859 2442 1041 2502 quam
1072 2423 1493 2486 fortitudinis!
1566 2428 1779 2502 Itaque
1801 2425 1970 2487 viros
1995 2427 2190 2487 fortes

109 2507 532 2583 magnanimos
578 2510 834 2571 eosdem
881 2511 1084 2572 bonos
1128 2518 1190 2570 et
1239 2508 1577 2586 simplices,
1629 2510 1906 2571 veritatis
1953 2510 2190 2572 amicos

106 2590 479 2670 minimeque
537 2595 790 2656 fallaces
850 2611 996 2656 esse
1049 2596 1369 2656 volumus:
1436 2610 1595 2669 quae
1648 2602 1792 2655 sunt
1854 2611 1932 2654 ex
1986 2594 2192 2654 media

105 2676 289 2739 laude
338 2676 623 2740 iustitiae.
712 2678 814 2739 64.
870 2675 996 2740 Sed
1045 2678 1197 2738 illud
1239 2676 1525 2739 odiosum
1571 2685 1694 2751 est,
1752 2678 1921 2753 quod
1962 2676 2023 2736 in
2070 2677 2192 2738 hac

106 2760 370 2823 elatione
410 2769 473 2822 et
514 2761 931 2839 magnitudine
971 2761 1156 2822 animi
1200 2759 1483 2821 facillime
1533 2760 1870 2839 pertinacia
1912 2769 1975 2822 et
2003 2761 2192 2822 nimia

106 2844 408 2921 cupiditas
450 2846 830 2924 principatus
879 2845 1235 2907 innascitur.
1324 2846 1403 2906 Ut
1449 2844 1607 2905 enim
1653 2846 1819 2922 apud
1868 2846 2190 2907 Platonem

105 2936 203 2989 est
255 2934 538 2991 ‘omnem
587 2948 822 2992 morem
881 2929 1512 2991 Lacedaemoniorum
1557 2929 1999 2990 inflammatum
2042 2946 2192 2990 esse

105 3012 439 3091 cupiditate
497 3011 853 3089 vincendi’,
930 3014 1021 3077 sic
1077 3022 1146 3076 ut
1211 3013 1475 3090 quisque
1531 3013 1712 3074 animi
1769 3012 2191 3089 magnitudine

101 3098 364 3160 maxime
387 3099 660 3171 excellit,
690 3097 774 3160 ita
796 3099 1059 3160 maxime
1078 3100 1212 3160 vult
1236 3098 1527 3175 princeps
1562 3096 1830 3160 omnium
1851 3100 1955 3158 vel
1976 3096 2188 3173 potius

102 3183 277 3244 solus
321 3200 485 3244 esse.
560 3181 821 3246 Difficile
866 3191 1070 3244 autem
1115 3189 1242 3257 est,
1306 3198 1493 3259 quum
1534 3188 1855 3258 praestare
1898 3180 2185 3242 omnibus

104 3264 526 3342 concupieris,
575 3283 830 3329 servare
859 3266 1262 3342 aequitatem,
1308 3281 1467 3341 quae
1497 3272 1594 3326 est
1626 3264 1889 3326 iustitiae
1919 3263 2184 3326 maxime

219 3346 374 3425 pria.
441 3353 535 3412 Ex
568 3367 690 3427 quo
725 3350 794 3409 fit
823 3356 892 3411 ut
921 3366 1125 3426 neque
1156 3346 1603 3424 disceptatione
1626 3347 1785 3409 vinei
1816 3364 1885 3409 se
1914 3364 2032 3408 nec
2055 3348 2185 3408 ullo
