2381 3723
632 97 850 158 ῐ.1Β.1.
901 76 1067 158 CA‘P.
1099 107 1361 160 30—32.
1404 105 1457 166 s.
1501 105 1822 179 ios—115.
2171 94 2255 157 35

187 264 566 322 omnemque
607 246 792 309 vitam
835 250 1057 309 nullam
1105 246 1575 323 discrepantiam
1620 249 1899 308 conferre
1938 247 2241 308 debemus

192 329 328 390 112.
374 332 588 406 Atque
629 332 781 392 haec
824 330 1169 393 differentia
1208 338 1558 392 naturarum
1609 337 1837 390 tantam
1881 330 2065 390 habet
2113 328 2246 403 vim,

188 423 253 473 ut
283 429 408 473 non
443 431 778 489 numquam
806 423 1063 476 mortem
1095 414 1209 476 sibi
1239 413 1377 490 ipse
1407 413 1798 476 consciscere
1829 412 1984 474 alius
2015 413 2252 485 debeat,

186 497 340 557 alius
371 496 432 556 in
473 498 688 558 eadem
719 515 904 560 causa
935 517 1059 561 non
1105 499 1345 559 debeat.
1416 501 1570 559 Num
1602 496 1761 558 enim
1792 497 1909 557 alia
1961 498 2020 557 in
2066 511 2255 556 causa

187 583 265 640 M.
303 581 453 642 Cato
487 580 628 654 fuit,
678 581 795 642 alia
824 580 1078 656 caeteri,
1130 581 1233 656 qui
1278 581 1435 642 sein
1466 581 1672 643 Africa
1705 580 1947 642 Caesari
1994 579 2253 640 tradide-

189 667 365 725 runt?
433 665 625 740 Atqui
692 664 947 726 caeteris
1012 664 1265 727 forsitan
1326 663 1471 726 vitio
1536 666 1744 726 datum
1802 672 1997 737 esset,
2066 661 2119 724 si
2182 679 2255 723 se

188 745 673 819 interemissent,
734 757 1062 824 propterea
1113 749 1281 824 quod
1326 749 1524 810 lenior
1576 766 1786 811 eorum
1838 750 1961 808 vita
2016 754 2079 808 et
2126 763 2253 808 mo·

188 849 291 893 res
350 832 589 890 fuerant
643 831 974 906 faciliores,
1035 833 1246 893 Catoni
1297 850 1483 907 quum
1535 831 1949 894 incredibilem
2008 829 2253 892 tribuis·

191 923 285 976 set
344 921 564 974 natura
619 913 978 991 gravitatem
1041 932 1299 991 eamque
1360 915 1496 991 ipse
1555 925 1853 992 perpetua
1910 913 2254 976 constantia

190 997 615 1059 roboravisset
647 1015 1017 1075 semperque
1053 998 1114 1060 in
1162 999 1483 1076 proposito
1534 1007 1951 1076 susceptoque
1992 996 2249 1060 consilio

190 1079 663 1156 permansisset,
704 1082 1086 1145 moriundum
1117 1082 1322 1158 potius
1358 1099 1538 1158 quam
1576 1083 1819 1159 tyranni
1856 1084 2064 1143 vultus
2094 1080 2253 1157 aspi·

190 1165 446 1226 ciendus
499 1163 625 1225 fuit.
717 1166 853 1227 113.
911 1167 1102 1242 Quam
1152 1167 1338 1227 multa
1382 1183 1609 1242 passus
1661 1176 1754 1226 est
1782 1165 1989 1227 Ulixes
2039 1166 2098 1223 in
2149 1164 2250 1226 illo

190 1265 403 1310 errore
445 1246 756 1323 diuturno,
808 1268 995 1326 quum
1040 1257 1102 1310 et
1140 1248 1527 1323 mulieribuS,
1581 1248 1636 1310 si
1677 1249 1848 1310 Circe
1887 1257 1948 1309 et
1984 1249 2250 1323 Calypso

192 1331 476 1393 mulieres
522 1334 924 1408 appellandae
967 1341 1138 1406 sunt,
1190 1332 1519 1394 inserviret
1558 1340 1619 1394 et
1653 1332 1714 1393 in
1757 1331 1922 1394 omni
1965 1347 2252 1393 sermone

191 1413 475 1476 omnibus
509 1416 830 1476 adfabilem
866 1425 929 1478 et
954 1415 1284 1478 iucundum
1326 1432 1468 1478 esse
1502 1433 1571 1477 se
1601 1417 1809 1478 vellet!
1887 1415 2065 1478 Domi
2096 1432 2248 1477 vero

190 1498 367 1559 etiam
402 1499 802 1561 contumelias
836 1515 1155 1561 servorum
1189 1500 1668 1577 ancillarumque
1695 1499 1960 1576 pertulit,
1993 1508 2062 1562 ut
2084 1501 2160 1560 ad
2188 1500 2247 1559 id

189 1582 551 1656 aliquando,
595 1585 762 1658 quod
803 1583 1112 1660 cupiebat,
1143 1583 1509 1660 perveniret.
1579 1587 1665 1644 At
1700 1584 1857 1645 Aiax
1890 1601 2012 1659 quo
2047 1583 2248 1644 animo

192 1665 449 1726 traditur
481 1664 714 1727 miliens
742 1675 1038 1744 oppetere
1080 1674 1338 1728 mortem
1373 1684 1552 1742 quam
1591 1667 1693 1727 illa
1732 1666 1966 1744 perpeti
2007 1666 2250 1728 maluis-

188 1757 300 1810 set.
376 1751 544 1824 Quae
571 1753 1055 1827 contemplantes
1086 1752 1438 1827 expendere
1469 1751 1775 1827 oportebit
1805 1749 1948 1826 quid
1987 1749 2251 1826 quisque

189 1833 410 1895 habeat
432 1831 547 1906 sui,
578 1849 773 1910 eaque
802 1833 1107 1896 moderari
1138 1851 1253 1896 nec
1279 1836 1437 1896 velle
1466 1833 1731 1911 experiri
1754 1851 1935 1909 quam
1960 1850 2031 1895 se
2053 1835 2248 1894 aliena

192 1918 480 1979 deceant:
525 1917 586 1977 id
617 1917 773 1979 enim
811 1916 1072 1979 maxime
1115 1934 1422 1994 quemque
1453 1919 1659 1990 decet,
1719 1917 1887 1991 quod
1923 1924 2020 1976 est
2050 1916 2249 1978 cuius·

190 2019 309 2076 que
351 1999 615 2061 maxime
659 2019 856 2062 suum.
950 2002 1089 2061 114.
1132 2003 1324 2063 Suum
1367 2000 1629 2076 quisque
1668 1998 1851 2075 igitur
1896 2006 2115 2059 noscat
2160 1998 2249 2059 in-

188 2083 432 2161 genium
465 2100 794 2160 acremque
838 2103 909 2146 se
942 2092 1005 2146 et
1048 2086 1353 2146 bonorum
1394 2091 1455 2143 et
1495 2082 1774 2144 vitiorum
1814 2098 2069 2144 suorum
2098 2080 2249 2143 iudi-

189 2183 321 2228 cem
363 2167 687 2244 praebeat,
737 2186 815 2229 ne
844 2167 1109 2230 scaenici
1142 2170 1279 2243 plus
1314 2182 1493 2242 quam
1525 2183 1640 2229 nos
1671 2164 1997 2228 videantur
2019 2166 2249 2228 habere

186 2250 571 2328 prudentiae.
646 2250 734 2311 Illi
776 2250 935 2313 enim
976 2269 1098 2312 non
1152 2250 1443 2328 optimas,
1499 2252 1611 2312 sed
1661 2249 1778 2313 sibi
1821 2252 2247 2313 accommoda·

185 2334 454 2396 tissimas
497 2334 734 2395 fabulas
763 2335 1024 2412 eligunt:
1072 2334 1174 2411 qui
1220 2350 1372 2395 voce
1404 2334 1540 2396 freti
1567 2341 1743 2410 sunt,
1772 2333 2090 2411 Epigonos
2123 2337 2245 2396 Me·

186 2420 486 2494 dumque,
520 2417 625 2495 qui
655 2428 864 2494 gestu,
904 2418 1167 2494 Menalip
1217 2436 1345 2490 am,
1388 2421 1963 2497 Clytaemnestram,
2003 2436 2248 2494 semper

183 2502 496 2579 Rupilius,
529 2518 712 2577 quem
741 2519 859 2578 ego
893 2502 1166 2575 memmi,
1202 2501 1548 2578 Antiopam,
1581 2519 1705 2563 non
1736 2518 1926 2577 saepe
1953 2503 2245 2578 Aesopus

183 2585 458 2647 Aiacem.
525 2586 688 2661 Ergo
734 2585 946 2647 histrio
991 2587 1112 2647 hoc
1166 2584 1397 2646 videbit
1434 2586 1494 2645 in
1536 2600 1791 2658 scaena,
1846 2601 1970 2645 non
2017 2584 2250 2646 videbit

182 2670 433 2746 sapiens
463 2668 559 2729 vir
584 2667 645 2728 in
678 2668 840 2730 vita?
908 2670 1007 2729 Ad
1040 2687 1194 2746 quas
1228 2668 1409 2745 igitur
1438 2684 1540 2729 res
1570 2665 1866 2743 aptissimi
1898 2665 2155 2743 erimus,
2184 2667 2248 2728 in

183 2753 249 2814 iis
277 2752 671 2829 potissimum
706 2753 1172 2814 elaborabimus.
1250 2751 1355 2813 Sin
1387 2751 1715 2828 aliquando
1744 2750 2084 2815 necessitas
2129 2769 2248 2815 nos

182 2838 257 2896 ad
288 2854 365 2897 ea
396 2835 756 2908 detruserit,
817 2854 977 2910 quae
1009 2835 1204 2899 nostri
1246 2835 1469 2911 ingenii
1499 2853 1621 2897 non
1655 2844 1863 2910 erunt,
1913 2837 2111 2900 omnis
2146 2840 2249 2899 ad-

184 2919 450 2981 hibenda
470 2919 587 2980 erit
611 2935 784 2989 cura,
824 2920 1162 3000 meditatio,
1198 2918 1531 2995 diligentia,
1568 2926 1635 2980 ut
1663 2936 1738 2980 ea
1768 2919 1820 2981 si
1848 2939 1973 2983 non
1998 2922 2246 2994 decore,

185 3012 242 3063 at
270 3019 458 3079 quam
487 3002 730 3063 minime
757 3002 1051 3065 indecore
1080 3006 1284 3064 facere
1316 3000 1659 3078 possimus,
1693 3020 1809 3065 nec
1839 3012 1960 3065 tam
1997 3012 2095 3065 est
2122 3001 2240 3065 eni«

185 3087 432 3148 tendum
466 3095 534 3147 ut
563 3087 726 3148 bona
771 3103 930 3162 quae
970 3088 1151 3148 nobis
1187 3087 1330 3146 data
1359 3104 1482 3149 non
1526 3086 1646 3148 sint
1691 3104 2027 3164 sequamur
2064 3102 2246 3163 quam

188 3179 247 3229 ut
287 3170 438 3230 vitia
481 3169 802 3245 fugiamus.
887 3172 1125 3232 XXXII.
1183 3171 1316 3230 115.
1404 3173 1497 3230 Ac
1536 3172 1775 3231 duabus
1820 3171 1893 3231 iis
1942 3169 2247 3245 personis,

187 3271 337 3327 quas
373 3270 567 3329 supra
610 3252 766 3327 dixi,
820 3253 996 3315 tertia
1042 3251 1419 3328 adiungitur,
1476 3263 1660 3330 quam
1704 3268 1887 3311 casus
1928 3252 2114 3323 aliqui
2143 3259 2249 3310 aut

186 3344 424 3415 tempus
447 3335 735 3413 imponit:
796 3346 1013 3413 quarta
1046 3337 1256 3409 etiam,
1311 3351 1493 3410 quam
1527 3334 1836 3468 ⁰⁰bi⁸m3e1
1870 3329 2246 3405 ipsissiudicio
