2381 3723
687 148 830 210 ΠΒ.
861 150 932 208 11.
979 151 1146 210 CAP.
1183 161 1339 214 16-
1358 161 1439 215 18.
1483 161 1536 222 S.
1570 163 1833 217 50—63.
2073 178 2090 201 f
2208 153 2293 217 69

221 301 332 362 vit.
408 300 531 362 Sed
565 301 800 361 honori·
826 317 1066 361 summo
1108 319 1307 378 nuper
1346 310 1561 364 nostro
1600 302 1812 364 Miloni
1845 301 1985 375 luit,
2040 304 2140 377 qui
2171 305 2293 378 gla-

223 384 567 445 diatoribus
598 382 818 458 emptis
841 383 927 444 rei
954 383 1237 460 publicae
1260 401 1465 460 causa,
1499 401 1658 463 quae
1689 387 1886 447 salute
1916 391 2130 445 nostra
2152 402 2293 447 con·

221 467 565 540 tinebatur,
625 483 839 528 omnes
881 468 947 528 P.
980 467 1169 528 Clodii
1212 476 1468 529 conatus
1504 471 1871 544 furoresque
1903 468 2292 544 compressit.

223 551 429 612 Causa
478 548 661 627 igitur
706 548 1042 625 largitionis
1097 559 1221 624 est,
1280 551 1333 612 si
1380 559 1485 612 aut
1523 568 1786 613 necesse
1834 560 1932 614 est
1983 559 2089 612 aut
2128 552 2292 613 utile.

220 634 326 694 59.
381 635 451 693 ln
505 632 598 694 his
650 640 854 693 autem
907 632 1060 710 ipsis
1116 632 1551 696 mediocritatis
1614 637 1827 711 regula
1890 634 2118 710 optima
2177 643 2288 696 est.

221 719 288 778 L.
332 717 579 792 quidem
611 714 925 792 Philippus
959 718 1027 792 Q.
1058 718 1122 777 F.
1173 734 1393 794 magno
1435 718 1530 779 vir
1566 719 1809 794 ingenio
1852 719 1911 779 in
1955 718 2289 795 primisque

222 802 430 863 clarus
477 799 1018 884 gloriarisolebat
1063 817 1134 861 se
1181 801 1315 862 sine
1355 803 1477 863 ullo
1522 819 1775 863 munere
1816 804 2105 879 adeptum
2149 818 2292 865 esse

221 884 434 946 omnia
486 884 643 958 q'uae
694 884 1066 944 haberentur
1116 884 1533 959 amplissima.
1597 885 1848 946 Dicebat
1893 885 2054 946 idem
2098 888 2291 958 Cotta,

223 967 431 1029 Curio.
504 966 691 1028 Nobis
737 968 985 1044 quoque
1035 967 1177 1028 licet
1215 968 1274 1028 in
1317 969 1437 1029 hoc
1489 970 1755 1044 quodam
1798 971 1982 1029 modo
2026 969 2290 1044 gloriari.

222 1052 376 1113 Nam
399 1067 513 1126 pro
533 1049 929 1126 amplitudine
951 1049 1275 1125 Bonorum,
1310 1068 1468 1126 quos
1494 1051 1729 1112 cunctis
1752 1052 2063 1127 suffragiis
2088 1051 2289 1128 adepti

223 1152 440 1196 sumus
483 1141 697 1195 nostro
747 1133 992 1208 quidem
1034 1152 1230 1207 anno,
1289 1136 1457 1210 quod
1503 1133 1754 1210 contigit
1796 1151 2009 1195 eorum
2049 1135 2287 1204 nemini,

226 1235 391 1294 quos
423 1219 608 1278 modo
643 1216 979 1290 nominavi,
1019 1234 1171 1278 sane
1202 1217 1462 1294 exiguus
1492 1224 1774 1291 sumptus
1810 1214 2130 1278 aedilitatis
2163 1218 2273 1278 suit

223 1302 328 1363 60.
383 1301 590 1377 Atque
644 1300 822 1361 etiam
871 1301 1008 1362 illae
1057 1299 1376 1378 impensae
1421 1300 1740 1375 melioreS,
1795 1300 1977 1373 muri,
2034 1299 2291 1375 navalia,

224 1392 480 1460 portuS,
533 1401 828 1459 aquarum
870 1385 1092 1446 ductus
1123 1383 1482 1461 omniaque,
1532 1401 1688 1460 quae
1735 1386 1813 1444 ad
1842 1402 2020 1445 usum
2054 1388 2142 1445 rei
2185 1402 2292 1461 pu-

224 1466 425 1545 blicae
481 1467 802 1544 pertinent.
889 1470 1267 1543 Quamquam
1319 1469 1485 1543 quod
1525 1485 1821 1543 praesens
1875 1476 2185 1544 tamquam
2232 1467 2291 1528 in

226 1567 477 1612 manum
521 1551 700 1611 datur
745 1550 1068 1612 iucundius
1111 1560 1234 1625 est,
1278 1553 1431 1612 haec
1459 1559 1658 1612 tamen
1690 1551 1748 1612 in
1791 1559 2111 1628 posterum
2156 1568 2284 1628 gra·

224 1634 406 1695 tiora.
483 1635 767 1707 Theatra,
817 1634 1123 1711 porticuS,
1170 1652 1333 1695 nova
1375 1639 1601 1712 templa
1632 1635 2041 1697 verecundius
2085 1652 2289 1712 repre-

226 1717 434 1778 hendo
478 1725 733 1793 propter
757 1718 1140 1794 Pompeium,
1201 1720 1314 1779 sed
1360 1718 1697 1780 doctissimi
1726 1737 1850 1780 non
1882 1720 2176 1795 probant,
2229 1725 2294 1778 ut

226 1808 291 1860 et
313 1799 409 1860 hic
433 1800 569 1877 ipse
595 1801 949 1877 Panaetius,
980 1807 1161 1877 quem
1186 1803 1438 1864 multum
1462 1802 1522 1863 in
1549 1802 1642 1864 his
1673 1803 1839 1863 libr1s
1864 1809 2115 1864 secutus
2140 1819 2295 1876 sum,

228 1902 353 1945 :aon
408 1884 869 1964 interpretatus,
930 1893 991 1946 et
1045 1885 1371 1948 Phalereus
1433 1886 1803 1959 DemetriuS‚
1851 1885 1953 1960 qui
2001 1887 2292 1947 Periclem

229 1966 568 2043 principem
621 1969 911 2029 Graeciae
963 1968 1293 2045 vituperat,
1355 1970 1521 2044 quod
1577 1975 1804 2028 tantam
1867 1968 2199 2041 pecuniam.
2232 1967 2291 2027 in

229 2052 548 2127 praeclara
576 2051 678 2112 illa
710 2054 1050 2129 propylaea
1081 2050 1428 2113 coniecerit.
1506 2051 1630 2111 Sed
1663 2052 1740 2111 de
1765 2051 1885 2110 hoc
1908 2067 2135 2126 genere
2166 2058 2293 2111 toto

228 2134 293 2194 in
340 2134 415 2195 iis
455 2133 653 2207 libris,
715 2153 874 2211 quos
916 2136 1032 2195 ‘de
1077 2150 1142 2195 re
1183 2135 1459 2211 publica’
1513 2133 1762 2210 scripsi,
1831 2133 2153 2209 diligenter
2202 2143 2297 2193 est

229 2216 627 2293 disputatum.
717 2220 869 2279 Tota
925 2218 1108 2295 igitur
1155 2217 1309 2279 ratio
1370 2217 1573 2279 talium
1634 2216 2017 2294 largitionum
2070 2234 2295 2293 genere

231 2298 456 2361 vitiosa
503 2310 624 2374 est,
682 2302 1060 2378 temporibus
1102 2299 1454 2362 necessaria
1488 2309 1549 2362 et
1587 2309 1713 2363 tum
1742 2302 1943 2379 ipsum
1994 2309 2056 2362 et
2096 2303 2173 2361 ad
2214 2303 2295 2360 fa-

231 2386 495 2444 cultates
549 2386 1074 2446 accommodanda
1137 2392 1199 2445 et
1258 2385 1690 2453 mediocritate,
1736 2386 2114 2447 moderanda
2181 2395 2295 2445 est.

228 2468 450 2528 xV111.
490 2466 589 2528 61.
679 2470 743 2529 ln
789 2468 892 2530 illo
934 2476 1136 2530 autem
1172 2470 1364 2530 altero
1406 2485 1634 2544 genere
1665 2468 1988 2545 largiendi,
2044 2471 2211 2545 quod
2261 2484 2297 2526 a

230 2549 589 2612 liberalitate
621 2551 1059 2627 proficiscitur,
1095 2569 1218 2613 non
1249 2554 1589 2613 unomodo
1623 2553 1680 2611 in
1709 2553 2055 2628 disparibus
2093 2551 2294 2613 causis

228 2633 455 2695 adlecti
486 2650 629 2696 esse
661 2637 978 2697 debemus.
1051 2634 1187 2696 Alia
1223 2652 1412 2696 causa
1458 2642 1554 2695 est
1602 2634 1769 2709 eius,
1822 2635 1924 2709 qui
1958 2635 2295 2695 calamitate

229 2717 550 2794 premitur,
584 2726 644 2779 et
673 2718 832 2793 ciue,
888 2718 990 2796 qui
1019 2735 1120 2779 res
1152 2718 1437 2780 meliores
1479 2718 1714 2792 quaerit
1744 2719 1923 2779 nullis
1950 2719 2080 2779 suis
2110 2719 2294 2778 rebus

229 2800 535 2862 adversis.
624 2801 723 2863 62.
767 2802 1144 2879 Propensior
1195 2802 1536 2879 benignitas
1580 2818 1725 2863 esse
1768 2801 2013 2864 debebit
2051 2802 2110 2863 in
2144 2804 2294 2863 cala-

228 2883 524 2958 mitosoS,
564 2884 681 2946 nisi
711 2887 864 2947 l'orte
896 2894 1073 2947 erunt
1101 2884 1268 2962 digni
1297 2886 1655 2947 calamitate.
1726 2887 1792 2948 In
1826 2886 1898 2948 iis
1928 2895 2161 2962 tamen,
2194 2886 2297 2962 qui

227 2984 301 3028 se
329 2967 608 3029 adiuvari
636 2970 872 3043 volent,
905 2986 1030 3030 non
1061 2985 1138 3029 ne
1173 2968 1572 3045 adfligantur,
1619 2970 1731 3031 scd
1767 2978 1834 3031 ut
1865 2971 2139 3032 altiorem
2165 2985 2297 3044 gra-

228 3053 376 3111 dum
409 3051 776 3124 ascendant,
812 3052 1076 3113 restricti
1108 3054 1357 3120 omnino
1388 3070 1531 3115 esse
1562 3056 1727 3115 nullo
1762 3056 1945 3116 modo
1979 3056 2296 3117 debemus,

228 3134 342 3195 sed
387 3132 446 3193 in
491 3133 828 3210 deligendis
871 3134 1112 3196 idoneis
1142 3135 1437 3197 iudicium
1477 3144 1536 3197 et
1580 3137 1948 3215 diligentiam
1984 3135 2274 3196 adhibere

227 3217 376 3278 Nam
409 3220 725 3293 praeclare
760 3218 992 3280 Ennius
1008 3238 1034 3279 z·

396 3302 565 3362 Bene
589 3302 765 3376 facta
794 3306 949 3363 male
975 3306 1170 3363 locata
1198 3306 1355 3363 male
1380 3302 1555 3376 facta
1584 3306 1859 3361 arbitror.

228 3383 331 3445 63.
376 3385 554 3460 Quod
589 3394 791 3446 autem
820 3386 1108 3446 tributum
1133 3391 1230 3445 est
1254 3386 1417 3445 bono
1449 3383 1581 3443 viro
1609 3389 1669 3441 et
1698 3387 1891 3453 grat0,
1922 3376 1978 3436 in
2006 3394 2081 3436 eo
2109 3390 2292 3449 quum
