2381 3723
690 152 832 212 LIB.
863 152 960 212 111.
1008 153 1175 212 CAP.
1217 164 1265 214 1.
1300 163 1351 214 2.
1393 160 1446 223 S.
1482 162 1671 217 1—9.
2136 153 2220 215 81

140 300 480 365 memoriae
536 300 1076 378 philosophorum,
1143 303 1298 364 haec
1346 311 1405 364 te
1457 302 1716 365 adsidue
1771 301 1984 364 audire
2036 310 2224 378 atque

142 386 428 462 accipere
473 385 752 458 confido,
807 392 1011 446 tamen
1065 388 1416 451 conducere
1462 386 1726 448 arbitror
1771 386 1997 447 talibus
2038 403 2222 448 aures

140 480 282 531 tuas
315 468 574 529 vocibus
605 467 882 544 undique
927 467 1387 532 circumsonare
1425 486 1540 531 nec
1573 487 1712 545 eaS,
1753 469 1806 530 si
1836 469 1968 530 fieri
2001 469 2222 546 possit,

143 553 482 630 quidquam
512 551 677 613 aliud
709 552 942 613 audire.
1030 554 1088 615 6.
1133 554 1311 629 Quod
1341 572 1528 630 quum
1558 553 1842 615 omnibus
1874 561 1971 614 est
1999 554 2223 614 facien·

143 639 321 710 dum,
374 635 479 711 qui
511 635 697 696 vitam
727 636 1051 699 honestam
1086 636 1326 713 ingredi
1357 638 1655 714 cogitant,
1709 645 1836 700 tum
1878 638 2043 698 haud
2089 636 2220 698 scio

142 738 216 781 an
248 719 478 780 nemini
511 719 715 795 potius
748 736 928 796 quam
965 718 1089 781 tibi.
1165 721 1448 783 Sustines
1484 720 1645 783 enim
1675 740 1799 784 non
1834 738 2082 799 parvam
2117 738 2221 782 ex-

142 802 592 881 spectationem
638 802 967 864 imitandae
997 804 1337 867 industriae
1377 813 1658 880 nostrae‚
1705 822 1982 881 magnam
2030 805 2220 866 hono·

141 905 314 960 rum,
362 886 487 948 non
532 888 755 946 nullam
801 889 1068 949 fortasse
1100 888 1386 950 nominis.
1461 887 1805 966 Suscepisti
1845 906 2004 950 onus
2045 905 2220 965 prae·

140 980 315 1033 terea
346 985 537 1046 grave
577 976 641 1031 et
672 971 1046 1032 Athenarum
1092 980 1154 1033 et
1184 971 1479 1049 Cratippi:
1525 973 1603 1032 ad
1644 990 1803 1048 quos
1846 990 2034 1047 quum
2072 979 2220 1032 tam·

142 1072 328 1132 quam
363 1054 443 1114 ad
467 1061 871 1116 mercaturam
905 1055 1207 1117 bonarum
1237 1055 1451 1117 artium
1483 1056 1569 1116 sis
1595 1058 1944 1131 profectus,
1976 1055 2220 1116 inanem

140 1138 348 1200 redire
379 1136 805 1234 turpissimum
838 1146 938 1200 est
978 1140 1452 1201 dedecorantem
1501 1145 1564 1200 et
1595 1140 1764 1200 urbis
1796 1138 2221 1199 auctoritatem

141 1230 204 1283 et
232 1219 529 1312 magistri.
603 1222 734 1296 Qua
762 1238 829 1283 re
854 1229 1149 1299 quantum
1188 1222 1417 1284 conniti
1444 1222 1648 1285 animo
1679 1229 1894 1300 poteS,
1928 1228 2222 1296 quantum

140 1294 357 1366 labdre
404 1306 810 1379 contendere,
866 1305 917 1366 si
962 1305 1244 1368 discendi
1285 1307 1463 1368 labor
1502 1314 1599 1369 est
1631 1306 1837 1383 potius
1885 1321 2068 1381 quam
2118 1320 2221 1365 vo·

140 1393 382 1466 luptas,
444 1394 681 1449 tantum
738 1391 831 1450 fac
867 1397 938 1450 ut
998 1389 1232 1453 efficias
1286 1407 1443 1451 neve
1486 1389 1831 1452 committas
1880 1396 1973 1463 ut,
2035 1405 2220 1466 quum

141 1472 351 1535 omnia
395 1472 788 1547 suppeditata
829 1473 953 1535 sint
979 1473 1249 1548 anobis,
1304 1482 1431 1536 tute
1477 1474 1584 1535 tibi
1629 1473 1902 1536 defuisse
1945 1472 2220 1534 videare.

142 1557 268 1619 Sed
301 1556 460 1615 haec
489 1555 817 1618 hactenus:
862 1559 1048 1618 multa
1078 1555 1237 1618 enim
1268 1576 1460 1634 saepe
1490 1559 1567 1619 ad
1600 1565 1662 1621 te
1693 1557 2056 1620 cohortandi
2086 1573 2222 1634 gra-

142 1641 225 1701 tia
268 1636 653 1715 scripsimus.
723 1642 896 1701 Nunc
925 1642 1004 1700 ad
1047 1640 1342 1717 reliquam
1390 1649 1624 1718 partem
1669 1641 2027 1719 propositae
2070 1640 2222 1702 divi-

145 1721 341 1786 sionis
371 1729 775 1784 revertamur.
1013 1758 1018 1761 -

272 1808 333 1867 7.
389 1804 715 1868 Panaetius
766 1805 977 1883 igitur,
1042 1807 1146 1883 qui
1196 1807 1330 1870 sine
1383 1810 1809 1872 controversia
1863 1811 1942 1870 de
1999 1807 2219 1871 officiis

143 1890 612 1953 accuratissime
642 1891 976 1967 disputavit
1017 1908 1325 1969 quemque
1368 1911 1485 1955 nos
1536 1894 1921 1954 correctione
1956 1894 2222 1969 quadam

144 1972 419 2036 adhibita
454 1973 840 2050 potissimum
881 1973 1077 2036 secuti
1108 1993 1356 2050 sumuS,
1409 1976 1603 2037 tribus
1631 1975 1963 2050 generibus
1996 1991 2222 2050 propo·

145 2059 311 2133 sitis,
361 2057 422 2117 in
459 2056 681 2132 quibus
712 2059 1050 2119 deliberare
1087 2059 1369 2119 homines
1400 2066 1462 2120 et
1492 2062 1844 2120 consultare
1884 2059 1962 2118 de
2014 2057 2219 2118 officio

146 2145 439 2214 solerent,
473 2158 627 2215 uno,
660 2160 844 2217 quum
869 2142 1218 2203 dubitarent
1246 2142 1654 2211 honestumne
1681 2143 1743 2203 id
1768 2149 1956 2215 esset,
1990 2143 2068 2202 de
2097 2156 2220 2215 quo

145 2233 454 2303 ageretur,
480 2242 557 2285 an
578 2232 788 2301 turpe,
820 2228 1010 2287 altero
1033 2225 1261 2287 utilene
1285 2232 1454 2287 esset
1475 2244 1549 2287 an
1573 2226 1800 2299 inutile,
1831 2225 2031 2300 tertiO,
2063 2224 2116 2285 si
2135 2224 2221 2303 id,

148 2310 314 2386 quod
352 2307 626 2385 speciem
649 2310 902 2372 haberet
921 2308 1198 2383 honesti,
1229 2318 1533 2387 pugnaret
1562 2328 1698 2372 cum
1732 2328 1840 2385 eo,
1877 2310 2046 2386 quod
2078 2308 2223 2369 utile

152 2394 489 2466 videretur,
534 2409 657 2468 quo
694 2395 881 2454 modo
929 2410 1003 2453 ea
1032 2392 1300 2455 discerni
1331 2402 1673 2469 oporteret,
1722 2395 1799 2455 de
1840 2395 2086 2455 duobus
2119 2409 2223 2470 ge—

149 2475 400 2537 neribus
424 2474 634 2551 primis
671 2477 862 2538 tribus
893 2475 1060 2537 libris
1085 2476 1431 2553 explicavit,
1464 2479 1542 2539 de
1564 2478 1742 2539 tertio
1768 2486 1969 2539 autem
1993 2492 2222 2553 genere

150 2559 449 2635 deinceps
491 2574 563 2619 se
593 2559 839 2635 scripsit
884 2558 1185 2622 dicturum
1215 2577 1330 2621 nec
1363 2561 1629 2622 exsolvit
1657 2562 1748 2636 id,
1797 2563 1964 2637 quod
1996 2559 2220 2637 promi—

148 2652 334 2705 serat.
425 2639 483 2701 8.
529 2643 707 2718 Quod
752 2660 827 2705 eo
871 2643 1063 2718 magis
1097 2643 1314 2719 miror,
1360 2643 1502 2719 quia
1532 2644 1826 2721 scriptum
1858 2644 2221 2720 adiscipulo

147 2728 280 2788 eius
314 2725 652 2788 Posidonio
693 2734 820 2801 est,
865 2726 1108 2801 triginta
1136 2727 1313 2789 annis
1344 2727 1576 2790 vixisse
1617 2727 1967 2788 Panaetium
2004 2734 2224 2803 postea

149 2828 335 2887 quam
385 2809 524 2870 illos
569 2811 759 2871 libros
814 2810 1127 2872 edidisset.
1216 2814 1408 2887 Quem
1468 2813 1671 2873 locum
1726 2810 1913 2872 miror
1968 2830 2005 2872 a
2053 2810 2222 2873 Posi-

147 2894 337 2955 donio
392 2892 659 2960 breviter
711 2911 855 2955 esse
912 2901 1137 2955 tactum
1189 2895 1251 2956 in
1315 2894 1680 2971 quibusdam
1749 2895 2220 2968 commentariis,

147 2974 512 3054 praesertim
546 2995 732 3054 quum
768 2978 993 3039 scribat
1019 2981 1251 3040 nullum
1291 2996 1434 3041 esse
1464 2983 1665 3043 locum
1699 2982 1758 3042 in
1790 2989 1921 3043 tota
1951 2980 2221 3058 philoso-

149 3061 291 3138 phia
336 3067 463 3120 tam
505 3061 947 3123 necessarium.
1020 3062 1077 3122 9.
1118 3062 1366 3124 Minime
1414 3081 1563 3125 vero
1600 3065 1911 3128 adsentior
1950 3066 2057 3136 iis,
2120 3061 2222 3135 qui

147 3152 379 3220 negant
408 3157 547 3203 eum
590 3146 794 3206 locum
830 3163 865 3206 a
894 3146 1180 3208 Panaetio
1212 3148 1745 3224 praetermissum,
1791 3149 1903 3209 sed
1937 3148 2220 3206 consulto

147 3229 428 3289 relictum
484 3244 600 3289 nec
658 3229 905 3290 omnino
962 3228 1355 3291 scribendum
1414 3230 1635 3304 fuisse,
1701 3231 1843 3307 quia
1892 3243 2223 3302 numquam

146 3319 374 3389 posset
422 3310 650 3373 utilitas
702 3329 840 3373 cum
886 3313 1211 3374 honestate
1266 3329 1561 3388 pugnare.
1650 3316 1740 3371 De
1792 3325 1914 3381 quo
1967 3312 2225 3367 alterum

150 3402 363 3474 potest
399 3394 628 3457 habere
672 3395 1141 3457 dubitationem.
1202 3395 1691 3454 adhibendumne
1732 3388 1912 3526 ΐιιὲιίι
1950 3390 2071 3446 hoc
2124 3402 2227 3457 ge-

235 3495 350 3538 616.
382 3480 489 3538 IV.
520 3488 575 3542 3.
