2381 3723
127 120 252 184 248
911 117 1415 178 FRAGMENTA.
2144 126 2221 181 50

132 279 278 334 cunt
304 272 677 332 medimnum
707 287 821 330 vm
853 268 1095 329 milibus
1126 275 1408 343 centum,
1447 269 1507 329 id
1537 276 1662 343 est,
1704 269 1973 332 modium
2016 285 2212 331 xnvm

130 355 372 417 milibus
402 372 506 429 nc,
551 356 739 432 dupla
772 370 1013 415 summa
1040 353 1181 412 anni
1211 353 1474 429 proximi
1507 352 1811 416 addicitur
1840 353 2214 416 medimnum

128 457 243 502 vm
293 438 537 500 milibus
593 456 653 511 c,
718 437 964 498 dimidio
1009 437 1139 496 fere
1186 437 1378 513 pluris
1435 455 1619 514 quam
1662 455 1824 503 anno
1864 438 2208 514 superiore.

133 524 522 591 [Arusianus
554 524 841 574 Messius
873 537 929 589 p.
967 520 1088 574 507.
1130 522 1211 571 ed.
1253 521 1462 572 Mediol.
1499 537 1555 589 p.
1595 523 1712 575 223.
1745 521 2006 589 Lindem.]

267 606 415 672 [Mihi
451 608 605 657 etiam
642 622 774 656 nunc
814 607 877 657 de
924 606 1303 658 commentariis
1339 606 1560 657 dubitari
1606 622 1762 674 posse
1805 608 2011 659 videtur
2055 615 2103 657 et
2142 609 2211 656 ita

128 677 299 742 potius
329 676 677 735 statuendum,
720 681 777 724 ut
811 689 942 738 quae
984 677 1271 727 Arusianus
1301 676 1517 726 Messius
1553 677 1717 728 adfert
1762 678 1828 727 ad
1870 678 2034 742 ipsam
2070 675 2214 725 Cice-

128 746 269 796 ronis
301 745 578 795 orationem
613 745 869 816 pertinere
902 745 1183 796 videantur.
1256 742 1513 809 KLOTZ.]

253 827 330 965 2¹¹·
353 828 446 888 Re
486 826 774 917 vendita,
819 826 1035 889 iterum
1078 835 1304 904 empta.
1374 842 1757 908 [Diomedes
1794 843 1882 893 lib.
1920 843 1958 892 1.
1996 857 2048 907 p.
2081 840 2206 895 365.

126 914 311 1041 Patag-
318 910 528 1055 JQuae
574 978 834 1042 Orellius
882 979 1058 1056 quasi
1101 997 1180 1041 ex
1226 979 1676 1043 commentariis
1724 995 2049 1041 causarum
2089 993 2213 1056 pro

127 1063 382 1128 Gabinio
415 1066 642 1138 adfert,
693 1081 768 1126 ea
795 1064 1069 1125 Nobbius
1099 1065 1175 1124 ad
1203 1063 1547 1126 orationum
1582 1065 1987 1140 fragmentum
2021 1068 2211 1122 rettu-

127 1151 211 1211 lit.
306 1164 463 1232 [Vide
502 1181 659 1233 supra
688 1182 742 1232 p.
780 1168 883 1218 216
920 1162 1026 1230 sq.]

516 1287 556 1301 κ
680 1250 738 1309 4.
783 1250 931 1311 PRO
964 1250 1029 1309 Τ.
1061 1249 1310 1311 ANNIO
1333 1248 1644 1310 MILONE.

262 1347 550 1398 Orationem
597 1348 802 1409 Cicero,
864 1358 918 1400 ut
962 1348 1171 1400 Cassius
1216 1348 1311 1399 Dio
1363 1347 1491 1414 [lib.
1532 1348 1642 1399 XL.
1697 1362 1812 1413 cap.
1852 1341 1975 1410 54.]
2032 1345 2213 1404 refert,

121 1416 520 1533 praemeditatus
552 1417 599 1466 si
635 1418 868 1483 scripsit,
923 1425 1090 1475 utrum
1126 1420 1376 1483 integram
1412 1418 1592 1468 litteris
1627 1416 1942 1481 conceperit,
1995 1429 2061 1464 au
2094 1415 2214 1465 eius

143 1485 424 1534 ineameuta
455 1493 649 1535 tantum
688 1495 773 1536 aut
809 1493 954 1537 autea
988 1494 1074 1537 ant
1109 1495 1287 1552 postea
1322 1487 1373 1536 in
1413 1486 1800 1537 commentarios
1835 1483 2081 1534 rettulerit
2117 1483 2208 1533 Ti-

121 1554 324 1603 ronisve
359 1568 512 1603 manu
548 1553 817 1605 referenda
852 1558 1103 1606 curaverit
1130 1556 1376 1607 incertum
1413 1564 1506 1606 est.
1579 1555 1802 1604 Dubium
1832 1567 1933 1604 uon
1968 1560 2046 1602 est
2081 1554 2210 1616 quin

122 1624 425 1672 ornatiorem
474 1630 652 1687 postea
688 1623 923 1674 ediderit.
999 1624 1110 1674 Duo
1149 1634 1265 1674 suut
1295 1626 1435 1690 apud
1471 1624 1866 1685 Quinctilianum
1905 1622 2029 1686 loci,
2077 1636 2209 1685 quo·

119 1704 230 1739 rum
276 1690 499 1754 priorem
533 1690 755 1743 Orellius
807 1693 938 1743 inter
972 1694 1263 1759 primitivae
1307 1695 1551 1745 orationis
1599 1693 1894 1776 fragmenta
1936 1705 2205 1741 numerare

121 1772 219 1808 nou
257 1758 481 1820 dubitat,
526 1762 857 1826 posteriorem
886 1762 987 1812 utri
1024 1764 1246 1814 ascribat
1274 1764 1487 1816 dubitat.
1562 1764 1709 1823 Quod
1741 1763 1793 1812 iu
1819 1762 1988 1826 priore
2019 1759 2208 1810 Fabius

119 1827 342 1879 Tullium
391 1828 593 1895 digredi
636 1831 782 1891 dicit,
836 1846 937 1883 non
983 1832 1217 1916 impedit·
1240 1848 1339 1897 quo
1378 1834 1546 1884 minus
1584 1834 1737 1883 etiam
1774 1830 1864 1882 ille
1906 1829 2206 1897 fragmentis

120 1899 365 1949 orationis
397 1901 687 1965 primitivae
732 1901 975 1962 addatur,
1042 1904 1093 1952 in
1139 1904 1283 1954 cuius
1317 1902 1578 1970 prooemio
1613 1903 1731 1953 item
1772 1900 1962 1965 legitur
2000 1900 2204 1965 digres-

118 1968 216 2019 sio.
286 1969 432 2088 3380
465 1985 625 2104 3uum
663 1970 732 2020 ita
778 1973 905 2035 sint,
954 1970 1083 2022 haec
1127 1971 1262 2022 dieta
1308 1972 1685 2022 commentariis
1730 1970 1982 2021 subiicere
2030 1968 2204 2018 visum

119 2046 211 2087 est.
378 2038 456 2087 BB

241 2127 294 2165 a.
337 2108 546 2167 Prima
573 2112 791 2183 oratic,
834 2126 981 2171 vere
1008 2108 1247 2181 habita,
1292 2126 1455 2170 nunc
1482 2106 1835 2184 deperdita:
1884 2103 2201 2167 ‘Ciceroni

119 2205 370 2264 quoque
419 2189 479 2250 in
528 2192 846 2286 prooemio
893 2211 1083 2270 quum
1134 2193 1369 2255 diceret
1410 2210 1522 2270 pro
1557 2190 1790 2253 Milone
1819 2189 2057 2266 digredi
2088 2189 2202 2250 fuit

115 2288 407 2343 necesse,
442 2273 670 2349 utipsa
695 2275 1092 2348 oratiuncula,
1129 2295 1251 2352 qua
1274 2295 1428 2339 usus
1452 2284 1577 2350 est,
1612 2279 1823 2352 patet!
1867 2290 2201 2358 [Quinoti-

114 2356 328 2405 lianus
367 2358 453 2407 lib.
495 2359 584 2409 IV.
614 2373 730 2424 cap.
760 2359 808 2412 3.
848 2363 895 2421 S.
940 2362 1021 2411 17.
1059 2361 1193 2411 conf.
1229 2361 1316 2414 lib.
1358 2362 1443 2414 111.
1480 2376 1576 2429 cap
1582 2363 1680 2421 ..§
1718 2357 1830 2425 93]

239 2431 294 2485 b.
340 2426 433 2485 An
467 2426 643 2487 huius
667 2430 768 2489 ille
797 2431 976 2504 lepis,
1028 2447 1208 2505 quam
1236 2429 1485 2491 Clodius
1533 2445 1568 2490 a
1609 2445 1681 2489 se
1723 2427 2037 2489 inventam
2065 2427 2200 2501 glo-

115 2505 333 2580 riatur,
386 2509 760 2573 mentionem
796 2513 998 2574 facere
1039 2532 1233 2576 ausus
1264 2523 1434 2575 esset
1459 2512 1597 2574 vivo
1628 2512 1884 2583 Milone,
1937 2527 2058 2572 non
2109 2509 2198 2570 di·

115 2606 245 2651 cam
275 2595 570 2656 consule?
605 2595 683 2656 de
714 2603 992 2659 nostrum
1019 2597 1177 2658 enim
1215 2597 1483 2659 omnium
1508 2632 1591 2644 —-
1613 2614 1736 2658 non
1761 2597 1963 2657 audeo
1995 2600 2197 2655 totum

111 2674 338 2738 dicere.
415 2692 928 2762 [Quinctilianus
964 2695 1053 2749 lib.
1092 2695 1179 2747 IX.
1211 2711 1323 2761 cap.
1364 2697 1416 2749 2.
1460 2694 1505 2761 ξ.
1547 2693 1659 2762 54.]

887 2865 1405 2931 ORATIONES

519 2968 567 3018 n
617 2966 878 3020 Gnauco
929 2966 997 3018 m
1040 2967 1342 3019 LA‘nNUM
1393 2966 1787 3019 convenam

834 3055 886 3110 A
949 3055 1022 3109 Μ.
1085 3054 1131 3109 Τ
1152 3054 1201 3111 U
1223 3056 1263 3110 L
1288 3051 1327 3111 L
1350 3055 1374 3111 1
1396 3054 1461 3113 O.

237 3166 291 3224 1.
330 3123 891 3240 DEMOSTHENIS
933 3167 1084 3230 PRO
1129 3167 1655 3231 CTESIPHONTE
1689 3166 1998 3231 ORATIO.
2065 3183 2192 3251 [Gi-

107 3260 259 3297 cero
293 3249 356 3298 de
394 3257 498 3314 opt.
532 3265 646 3316 gem
688 3260 814 3301 orat.
860 3250 938 3318 5.]

233 3312 293 3372 2.
333 3266 742 3379 AESCHINIS
770 3319 847 3379 IN
873 3317 1461 3383 CTESIPHONTEM
1483 3319 1791 3384 ORATIO.
1837 3336 2001 3403 [Idem
2035 3333 2192 3402 ibid.]
