2381 3723
104 112 221 173 132
457 110 653 171 CATO
688 110 944 171 MAIOR
979 112 1080 172 DE
1114 110 1556 172 SENECTUTE
1594 111 1824 170 LIBER
2114 121 2179 173 16

105 271 299 336 cerat,
351 264 711 324 redeuntem
754 280 789 322 a
831 279 984 325 cena
1024 279 1238 324 senem
1275 278 1466 338 saepe
1509 260 1794 322 videbam
1835 279 2019 339 puer,
2077 264 2184 321 de-

103 347 444 407 lectabatur
475 347 694 407 crebro
729 345 916 407 funali
950 353 1011 406 et
1039 345 1316 418 tibicine,
1359 362 1518 423 quae
1548 344 1661 406 sibi
1692 347 1859 407 nullo
1892 345 2179 421 exemplo

101 429 381 507 privatus
411 440 791 506 sumpserat:
837 438 1064 491 tantum
1098 429 1377 489 licentiae
1406 429 1590 489 dabat
1621 427 1834 505 gloria.
1912 430 2015 489 45.
2056 428 2182 488 Sed

105 513 254 588 quid
295 529 411 589 ego
455 514 653 575 alios?
714 514 793 573 ad
833 513 1159 590 meipsum
1189 512 1309 572 iam
1345 521 1636 573 revertar.
1708 511 1973 574 Primum
1996 511 2184 572 habui

107 615 355 673 semper
396 599 669 658 sodales·
745 596 1115 659 sodalitates
1169 603 1375 657 autem
1421 613 1520 657 me
1576 604 1908 670 quaestore
1956 594 2181 657 consti-

105 688 275 741 tutae
307 688 451 741 sunt
493 680 688 742 sacris
719 681 920 741 Idaeis
955 680 1216 755 Magnae
1249 679 1462 741 Matris
1497 679 1790 756 acceptis.
1872 680 2187 756 Epulabar

107 764 292 839 igitur
319 781 454 825 cum
492 764 809 826 sodalibus
858 764 1105 826 omnino
1142 762 1413 838 modice,
1466 765 1580 824 sed
1618 772 1748 825 erat
1789 762 2034 839 quidam
2070 764 2183 823 ser·

107 866 222 909 vor
264 848 512 922 aetatis,
570 866 692 923 qua
736 847 1171 924 progrediente
1213 847 1417 908 omnia
1462 847 1618 909 fiunt
1655 845 1716 907 in
1754 847 1888 908 dies
1922 845 2184 907 mitiora.

107 934 320 1007 Neque
357 931 514 992 enim
558 932 834 1007 ipsorum
880 929 1309 993 conviviorum
1349 930 1815 992 delectationem
1860 931 2189 1006 voluptati-

109 1015 226 1075 bus
273 1015 553 1090 corporis
602 1015 794 1091 magis
849 1032 1028 1091 quam
1074 1023 1258 1076 coetu
1308 1013 1641 1075 amicorum
1690 1022 1753 1075 et
1795 1012 2187 1075 sermonibus

110 1098 424 1159 metiebar.
499 1101 670 1160 Bene
699 1098 860 1159 enim
891 1097 1156 1161 maiores
1189 1097 1667 1159 ‘accubitionem
1699 1101 2012 1174 epularem
2045 1096 2184 1156 ami·

113 1187 380 1254 corum',
417 1182 560 1257 quia
589 1182 752 1243 vitae
783 1182 1279 1244 coniunctionem
1308 1183 1595 1254 haberet,
1630 1189 1648 1218 ²
1668 1180 2049 1243 convivium’
2081 1197 2188 1241 no·

109 1264 445 1338 minarum,
499 1265 738 1341 melius·
759 1264 1222 1342 quam-Graeci,
1263 1265 1367 1340 qui
1395 1266 1516 1326 hoc
1549 1264 1709 1325 idem
1743 1273 1867 1326 tum
1901 1271 2189 1340 ‘compo-

111 1349 457 1422 tationem',
517 1355 643 1410 tum
696 1348 1274 1411 ‘concenationem'
1332 1356 1586 1422 vocant,
1642 1358 1736 1421 ut,
1791 1349 1961 1424 quod
2005 1348 2065 1407 in
2110 1365 2187 1408 eo

113 1449 340 1506 genere
372 1431 684 1493 minimum
716 1441 843 1506 est,
884 1432 947 1491 id
979 1431 1242 1492 maxime
1271 1432 1536 1508 probare
1564 1431 1904 1495 videantur.

236 1517 399 1575 XIV.
451 1516 556 1576 46.
641 1516 773 1589 Ego
837 1532 990 1576 vero
1042 1521 1300 1591 propter
1351 1515 1654 1577 sermonis
1719 1515 2192 1577 delectationen:

119 1596 501 1673 tempestivis
547 1615 797 1674 quoque
837 1597 1138 1660 conviviis
1187 1601 1483 1660 delector.
1506 1615 1623 1660 nec
1657 1616 1795 1660 cum
1826 1597 2189 1674 aequalibus

115 1683 348 1754 solum,
393 1681 495 1756 qui
524 1680 709 1757 pauci
755 1682 1085 1743 admodum
1122 1689 1385 1755 restant,
1431 1684 1545 1743 sed
1586 1700 1723 1744 cum
1761 1690 1970 1744 vestra
2011 1682 2189 1745 etiam

115 1772 315 1825 aetate
359 1772 546 1841 atque
586 1764 943 1838 vobiscum,
1005 1767 1332 1840 habeoque
1384 1765 1685 1828 senectuti
1728 1784 2010 1842 magnam
2056 1783 2171 1843 gra

115 1849 288 1924 tiam,
357 1868 518 1925 quae
568 1848 713 1910 mihi
772 1848 1074 1914 sermonis
1127 1849 1478 1914 aviditatem
1536 1849 1731 1924 auxit,
1795 1849 2065 1926 potionis
2134 1868 2196 1910 et

117 1934 232 1995 cibi
264 1934 528 1996 sustulit.
613 1936 792 2010 Quod
834 1934 887 1996 si
937 1952 1116 2010 quem
1164 1935 1346 1995 etiam
1396 1934 1515 1996 ista
1558 1936 1892 2009 delectant,
1946 1953 2031 1995 ne
2066 1951 2189 1994 om-

117 2019 260 2080 nino
313 2018 539 2079 bellum
579 2017 878 2081 indixisse
916 2019 1131 2080 videar
1167 2019 1501 2095 voluptati,
1554 2018 1726 2080 cuius
1774 2026 1871 2081 est
1922 2021 2194 2082 fortasse

120 2102 366 2177 quidam
409 2102 703 2164 naturalis
752 2105 1003 2177 modus,
1063 2120 1186 2163 non
1229 2100 1501 2178 intelligo
1544 2120 1622 2163 ne
1662 2102 1722 2162 in
1767 2102 1901 2164 istis
1946 2101 2191 2178 quidem

118 2184 271 2260 ipsis
323 2186 746 2259 voluptatibus
796 2203 1007 2247 carere
1054 2204 1245 2248 sensu
1296 2193 1696 2247 senectutem.
1774 2187 1875 2247 Me
1925 2202 2075 2248 vero
2135 2194 2200 2246 et

118 2268 467 2343 magisteria
503 2270 809 2330 delectant
835 2286 872 2328 a
914 2270 1248 2331 maioribus
1289 2269 1562 2331 instituta
1602 2278 1664 2329 et
1707 2268 1760 2330 is
1802 2286 2039 2343 sermo,
2092 2268 2199 2345 qui

118 2368 291 2412 more
334 2350 633 2411 maiorum
675 2369 711 2410 a
760 2370 999 2414 summo
1054 2354 1378 2414 adhibetur
1418 2353 1477 2413 in
1527 2355 1786 2429 poculo,
1848 2360 1910 2413 et
1949 2355 2199 2429 pocula,

119 2433 277 2494 sicut
319 2432 378 2493 in
420 2435 743 2510 symposio
774 2436 1206 2512 Xenophontis
1248 2445 1369 2509 est,
1424 2436 1653 2500 minuta
1693 2443 1879 2512 atque
1924 2436 2199 2498 rorantia

120 2525 181 2577 et
212 2516 591 2591 refrigeratio
630 2527 862 2580 aestate
892 2527 953 2580 et
987 2519 1254 2582 vicissim
1300 2530 1405 2581 aut
1434 2522 1528 2582 sol
1561 2527 1666 2581 aut
1690 2519 1857 2596 ignisx
1877 2519 2194 2582 hibernus.

121 2601 287 2675 Quae
321 2600 567 2676 quidem
601 2603 778 2664 etiam
806 2602 867 2664 in
901 2603 1143 2665 Sabinis
1175 2604 1469 2680 persequi
1511 2606 1685 2666 soleo
1720 2603 2199 2679 conviviumque

123 2684 456 2747 vicinorum
492 2686 718 2748 cotidie
750 2689 1064 2764 compleo,
1115 2690 1283 2763 quod
1314 2690 1392 2748 ad
1427 2691 1675 2749 multam
1719 2694 1964 2755 noctem
2011 2704 2199 2762 quam

122 2770 383 2830 maxime
414 2788 756 2846 possumus
786 2771 1278 2833 variosermone
1307 2770 1727 2846 producimus.
1813 2773 1916 2831 47.
1959 2773 2041 2830 At
2070 2788 2195 2831 non

120 2860 217 2914 est
246 2854 627 2929 voluptatum
658 2863 826 2917 tanta
856 2855 1035 2932 quasi
1065 2853 1320 2917 titillatio
1358 2855 1418 2915 in
1454 2854 1727 2917 senibus.
1798 2855 2027 2928 Credo,
2079 2856 2199 2915 sed

121 2952 198 2996 ne
229 2935 600 3000 desideratio
637 2939 901 3014 quidem.
968 2938 1117 3000 Nihil
1150 2947 1350 3000 autem
1384 2946 1481 2999 est
1509 2942 1834 3000 molestum
1869 2939 2037 3014 quod
2070 2955 2195 2999 non

123 3019 460 3081 desidereS.
529 3023 699 3086 Bene
740 3023 1116 3099 Sophocles,
1174 3040 1359 3097 quum
1408 3039 1487 3083 ex
1527 3039 1603 3083 eo
1638 3021 1883 3098 quidam
1928 3022 2047 3081 iam
2092 3021 2172 3080 ad

122 3105 280 3165 fecto
324 3111 525 3165 aetate
562 3114 886 3180 quaereret
927 3114 1282 3167 utereturne
1334 3107 1518 3168 rebus
1546 3104 1866 3167 venereis:
1932 3105 2039 3165 ‘Di
2072 3121 2189 3165 me·

123 3185 336 3246 liorat’
379 3187 604 3263 inquit:
648 3188 941 3252 ‘libenter
976 3207 1123 3251 vero
1174 3189 1355 3251 istinc
1402 3190 1560 3251 sicut
1606 3207 1644 3251 a
1678 3189 1928 3258 domino
1967 3186 2196 3265 agresti

122 3283 192 3326 ac
237 3266 472 3332 furioso
513 3272 805 3347 profugi!
895 3273 1145 3349 cupidis
1192 3274 1352 3336 enim
1393 3289 1601 3335 rerum
1647 3275 1855 3335 talium
1910 3272 2196 3334 odiosum

124 3350 386 3411 fortasse
418 3360 478 3413 et
517 3357 844 3416 molestum
896 3365 991 3417 est
1043 3374 1285 3427 carere,
1347 3357 1580 3419 satiatis
1627 3375 1780 3420 vero
1825 3365 1886 3417 et
1932 3355 2197 3434 exple-tis
