2381 3723
124 121 213 183 42
935 119 1037 178 DE
1077 117 1398 177 OFFlclls
1428 115 1436 123 ’

254 272 580 333 XXXVIII.
636 270 772 332 136.
864 271 985 331 Sed
1028 286 1151 345 quo
1184 269 1372 330 modo
1405 268 1464 330 in
1502 267 1665 330 omni
1703 265 1825 327 vita
1862 263 2217 327 rectissirne

128 355 505 433 praecipitur
532 361 599 415 ut
630 353 1123 431 perturbationes
1155 352 1488 428 fugiamuS,
1523 352 1584 412 id
1620 357 1743 424 est,
1787 358 1991 411 motus
2024 347 2216 410 animi

128 439 350 500 nimios
391 438 611 500 rationi
654 455 776 498 non
823 437 1354 512 obtemperantes,
1411 435 1502 497 sic
1551 435 1685 496 eius
1731 434 1897 494 modi
1938 434 2216 495 motibus

126 541 336 585 sermo
368 523 554 583 debet
588 537 838 594 vacare,
870 537 949 580 ne
980 527 1084 581 aut
1113 520 1204 581 ira
1232 519 1490 581 exsistat
1522 526 1627 580 aut
1661 517 1966 594 cupiditas
2002 516 2218 594 aliqua

131 615 235 668 aut
273 605 514 683 pigritia
553 613 657 665 aut
699 603 942 679 ignavia
984 609 1091 665 aut
1118 606 1242 664 tale
1263 602 1499 680 aliquid
1542 610 1867 679 appareat,
1922 601 2216 662 maxime-

131 707 253 766 que
297 690 633 750 curandum
679 695 779 747 est
818 696 888 748 ut
927 705 1071 762 eoS,
1126 688 1487 762 quibuscum
1534 702 1883 748 sermonem
1933 687 2216 765 consere-

133 791 297 848 mus,
353 781 414 833 et
456 773 656 833 vereri
700 778 762 831 et
795 770 1049 848 diligere
1091 770 1431 832 videamur.
1508 770 1979 846 Obiurgationes
2027 767 2215 829 etiam

132 875 256 918 non
290 873 620 931 numquam
655 855 929 916 incidunt
958 854 1377 928 necessariae,
1422 855 1479 915 in
1526 855 1750 932 quibus
1785 854 2079 914 utendum
2113 861 2219 914 est

136 944 402 1002 fortasse
433 948 496 1001 et
526 939 698 1003 vocis
730 939 1124 1001 contentione
1164 938 1397 1001 maiore
1430 946 1495 1000 et
1539 937 1869 999 verborum
1909 936 2217 1012 gravitate

132 1024 389 1098 acriore,
424 1023 483 1083 id
510 1026 815 1100 agendum
835 1023 1037 1097 etiam,
1070 1030 1140 1083 ut
1169 1039 1243 1083 ea
1274 1025 1477 1084 facere
1504 1022 1823 1083 videamur
1841 1020 1996 1082 irati.
2062 1021 2216 1095 Sed,

133 1116 201 1169 ut
244 1109 324 1169 ad
370 1109 671 1169 urendum
713 1115 777 1169 et
816 1107 1184 1182 secandum,
1238 1108 1328 1176 sic
1373 1109 1449 1168 ad
1481 1107 1603 1169 hoc
1631 1122 1833 1182 genus
1868 1105 2216 1181 castigandi

133 1209 274 1253 raro
317 1191 613 1269 invitique
649 1192 999 1264 veniemuS,
1049 1207 1165 1252 nec
1211 1208 1502 1266 umquam
1549 1189 1665 1252 nisi
1711 1188 2101 1263 necessario,
2161 1187 2215 1250 si

133 1278 299 1338 nulla
321 1276 662 1353 reperietur
676 1277 792 1336 alia
810 1275 1140 1336 medicina:
1165 1276 1279 1336 sed
1306 1283 1505 1336 tamen
1527 1273 1617 1335 ira
1634 1276 1851 1350 procul
1869 1273 2045 1345 absit,
2072 1289 2215 1334 cum

136 1377 259 1436 qua
276 1360 423 1420 nihil
450 1367 615 1420 recte
644 1359 804 1432 fieri,
837 1358 982 1419 nihil
1008 1359 1399 1421 considerate
1423 1365 1651 1436 potest.
1746 1356 1883 1418 137.
1926 1359 2214 1432 Magnam

130 1451 338 1503 autem
365 1450 600 1518 partem
633 1441 913 1503 clementi
939 1442 1341 1520 castigatione
1371 1442 1515 1504 licet
1533 1440 1652 1515 uti,
1682 1440 1981 1515 gravitate
2007 1449 2216 1502 tamen

134 1526 450 1599 adiuncta,
513 1532 582 1586 ut
637 1525 937 1587 severitas
1001 1526 1365 1587 adhibeatur
1422 1533 1484 1586 et
1527 1524 1893 1587 contumelia
1953 1527 2215 1600 repella·

136 1618 264 1682 tur,
307 1617 493 1684 atque
521 1607 701 1669 etiam
724 1608 871 1670 illud
905 1608 1140 1686 ipsum,
1194 1611 1363 1685 quod
1404 1607 1751 1670 acerbitatis
1781 1609 1967 1669 habet
2008 1608 2218 1669 obiur-

129 1692 329 1769 gatio,
379 1691 846 1766 significandum
890 1700 1018 1768 est,
1072 1693 1268 1769 ipsius
1306 1693 1367 1753 id
1415 1710 1632 1767 causa,
1689 1691 1791 1769 qui
1834 1691 2214 1769 obiurgetur,

135 1792 280 1837 esse
329 1783 706 1853 susceptum.
782 1777 1039 1838 Rectum
1085 1785 1183 1838 est
1230 1784 1434 1838 autem
1487 1777 1665 1838 etiam
1707 1774 1915 1838 inillis
1957 1782 2214 1838 conten-

138 1860 436 1934 tionibuS‚
493 1877 653 1937 quae
701 1878 839 1922 cum
881 1858 1314 1923 inimicissimis
1355 1861 1536 1936 fiunt,
1589 1860 1770 1922 etiam
1811 1859 1865 1923 si
1903 1860 2082 1924 nobis
2125 1860 2215 1921 in·

138 1945 321 2021 digna
378 1945 729 2020 audiamus,
793 1953 997 2006 tamen
1060 1945 1423 2021 gravitatem
1479 1945 1774 2018 retinere,
1834 1944 2211 2007 iracundiam

135 2032 454 2105 repellere.
544 2031 714 2105 Quae
737 2029 899 2091 enim
946 2046 1082 2090 cum
1135 2028 1338 2106 aliqua
1397 2029 1851 2106 perturbatione
1901 2030 2081 2102 fiunt,
2138 2045 2214 2089 ea

137 2130 251 2173 nec
284 2120 642 2174 constanter
691 2113 824 2174 fieri
864 2121 1139 2189 possunt
1175 2129 1292 2174 nec
1331 2113 1434 2187 iis,
1490 2114 1596 2189 qui
1635 2114 1881 2185 adsunt,
1936 2113 2209 2189 probari.

141 2198 425 2259 Deforme
454 2195 632 2257 etiarn
668 2202 766 2257 est
803 2198 883 2258 de
914 2214 985 2258 se
1016 2197 1218 2274 ipsum
1259 2196 1619 2274 praedicare
1645 2199 1815 2258 salsa
1847 2196 2207 2272 praesertim

137 2286 199 2338 et
228 2296 364 2339 cum
395 2278 678 2341 irrisione
708 2280 1079 2341 audientium
1113 2279 1334 2342 imitari
1364 2281 1643 2342 ‘militem
1672 2280 2058 2357 gloriosum.’

259 2363 529 2423 XXXIX.
579 2360 715 2424 138.
803 2363 906 2436 Et,
963 2366 1252 2440 quoniam
1297 2365 1501 2426 omnia
1541 2364 1987 2442 persequimur,
2039 2368 2210 2426 volu·

133 2462 270 2506 mus
302 2445 546 2532 quidem
579 2453 775 2521 certe,
822 2445 1145 2508 dicendum
1184 2456 1281 2510 est
1302 2449 1483 2510 etiam
1515 2450 1754 2525 qualem
1796 2448 2057 2510 hominis
2102 2449 2209 2511 ho·

134 2527 334 2589 norati
366 2535 429 2589 et
458 2528 750 2606 principis
781 2532 1029 2596 domum
1058 2534 1302 2609 placeat
1335 2549 1497 2606 esse,
1542 2532 1715 2594 cuius
1740 2532 1878 2594 finis
1911 2541 2008 2595 est
2035 2550 2208 2604 usuS,

135 2613 214 2672 ad
246 2630 429 2689 quem
466 2616 996 2677 accommodanda
1028 2623 1125 2677 est
1157 2615 1523 2678 aedificandi
1553 2616 1886 2695 descriptio
1918 2625 1981 2678 et
2002 2624 2209 2678 tamen

133 2696 483 2759 adhibenda
528 2698 977 2762 commoditatis
1022 2700 1458 2776 dignitatisque
1490 2699 1820 2776 diligentia.
1896 2702 2000 2763 Cn.
2034 2701 2209 2762 Octa·

139 2780 270 2856 vi0,
329 2781 433 2857 qui
480 2783 711 2858 primus
761 2800 839 2844 ex
883 2781 982 2844 illa
1036 2783 1257 2844 familia
1301 2785 1519 2845 consul
1566 2786 1766 2846 sactus
1808 2792 1933 2859 est,
1984 2783 2212 2847 honori

133 2862 329 2924 fuisse
372 2867 753 2940 accepimus,
811 2867 979 2942 quod
1022 2870 1399 2945 praeclaram
1444 2867 1837 2930 aedificasset
1880 2869 1940 2930 in
1976 2869 2209 2931 Palatio

132 2954 199 3009 et
235 2949 477 3023 plenam
524 2949 830 3025 dignitatis
875 2952 1154 3013 domum:
1210 2967 1370 3027 quae
1411 2969 1600 3026 quum
1651 2954 1839 3035 vulgo
1883 2953 2210 3028 viseretur,

133 3031 470 3108 suffragata
505 3033 753 3095 domino
802 3051 968 3097 novo
1019 3035 1247 3096 homini
1297 3035 1374 3096 ad
1417 3038 1802 3097 consulatum
1846 3038 2209 3115 putabatur:

134 3115 293 3175 hanc
324 3116 596 3178 Scaurus
628 3118 954 3179 demolitus
986 3118 1411 3181 accessionem
1442 3119 1719 3181 adiunxit
1748 3122 2024 3184 aedibus.
2092 3122 2211 3182 lta-

132 3213 260 3272 que
307 3197 407 3259 ille
463 3199 523 3260 in
576 3217 752 3262 suam
806 3201 1055 3262 domum
1107 3205 1496 3264 consulatum
1541 3203 1773 3279 primus
1823 3206 2050 3279 attulit,
2110 3205 2211 3265 hic

132 3279 356 3340 summi
397 3288 459 3341 et
498 3282 814 3345 clarissimi
859 3282 970 3343 viri
1010 3285 1170 3346 filius
1214 3286 1271 3345 in
1307 3287 1555 3348 domum
1585 3288 2041 3364 multiplicatam
2079 3304 2205 3349 non

135 3363 442 3440 repulsam
485 3367 684 3426 solum
732 3364 990 3440 rettulit,
1045 3369 1157 3428 sed
1203 3368 1596 3446 ignominiam
1646 3370 1824 3432 etiam
1868 3380 1928 3433 et
1967 3371 2210 3433 calami

308 3597 475 3619 A*
