2381 3723
169 130 241 181 “a
476 120 761 179 V.'·CAP.
786 131 838 182 3.
882 129 934 188 §-
961 131 1047 182 41.
1104 123 1203 178 Vl.
1253 122 1415 180 CAP.
1442 134 1489 184 1.
1514 133 1566 183 2.
1609 132 1944 192 §.zia-47.
2119 123 2241 187 189

169 288 355 347 quam
389 273 510 331 eris
543 270 717 331 dives
749 279 917 343 ante,
961 290 1141 346 quam
1174 271 1278 332 tibi
1310 290 1387 333 ex
1423 271 1542 338 tuis
1576 272 2083 348 possessionibus
2117 283 2215 335 tan

167 363 296 414 tum
332 351 673 426 reficiatur,
727 360 795 413 ut
830 371 904 414 eo
941 355 1097 416 tucri
1141 373 1252 415 sex
1292 354 1567 431 legiones
1607 363 1668 415 et
1708 373 1929 432 magna
1971 357 2237 432 equiturn

167 454 242 496 ac
284 435 557 513 peditum
609 436 831 496 auxilia
880 438 1105 512 possis.
1177 441 1303 498 Iam
1352 441 1558 499 fateris
1607 439 1787 513 igitur
1830 458 1951 501 non
1998 458 2142 502 csse
2186 449 2243 500 te

167 521 448 592 dlvitem,
508 517 606 580 cui
660 528 891 581 tantum
938 522 1127 595 desit,
1179 530 1247 582 ut
1300 525 1552 598 expleas
1594 522 1684 595 id,
1741 526 1906 599 quod
1959 533 2242 599 exoptas,

168 606 380 679 Itaque
409 602 589 663 istam
635 611 1056 681 paupertatem
1086 604 1184 665 vel
1216 606 1421 681 potius
1468 613 1803 682 egestatem
1842 624 1915 667 ac
1958 607 2243 667 mendici-

165 693 354 747 tatem
396 693 559 747 tuam
597 704 930 763 numquam
975 689 1242 750 obscure
1279 689 1485 751 tulisti.
1575 691 1644 748 11.
1684 690 1786 750 46.
1873 692 2021 751 Nam
2055 698 2121 751 ut
2148 691 2240 762 iis,

167 769 273 845 qui
303 771 564 831 honeste
595 775 723 831 rein
758 779 1062 846 quaerunt
1088 773 1447 833 mercaturis
1479 772 1806 847 faciendis,
1859 774 2066 849 operis
2098 776 2244 833 dan-

167 854 294 929 dis,
327 853 586 927 publicis
616 854 962 928 sumendis,
994 855 1379 931 intelligimus
1415 874 1574 931 opus
1607 874 1749 917 esse
1784 857 2093 932 quaesito,
2131 857 2240 930 sic,

169 936 276 1013 qui
306 936 472 998 videt
498 936 665 998 domi
699 946 837 999 tuae
873 938 1102 1012 pariter
1139 947 1568 1001 accusatorum
1601 948 1786 1016 atque
1808 940 2073 1002 iudicum
2101 957 2243 1001 con·

167 1020 440 1082 sociatos
479 1037 733 1097 greges,
773 1021 875 1096 qui
908 1032 1206 1084 nocentes
1239 1030 1299 1083 et
1334 1021 1712 1099 pecuniosos
1745 1041 1889 1085 reos
1925 1025 2146 1084 codem
2181 1032 2242 1082 te

167 1112 422 1165 auctore
454 1107 863 1182 corruptelam
909 1104 1114 1167 iudicii
1160 1106 1517 1179 molientes,
1575 1105 1679 1181 qui
1718 1114 1855 1166 tuas
1891 1108 2240 1166 mercedum

170 1187 488 1263 pactiones
533 1189 593 1247 in
626 1189 1010 1264 patrociniis,
1063 1190 1545 1251 intercessiones
1588 1188 1983 1265 pecuniarum
2027 1188 2085 1248 in
2120 1189 2242 1250 coi-

169 1271 439 1332 tionibus
463 1272 945 1345 candidatorum,
979 1272 1368 1334 dimissiones
1393 1272 1747 1334 libertorum
1772 1274 1850 1332 ad
1877 1274 2240 1332 fenerandas

167 1354 669 1431 diripiendasque
700 1356 1080 1432 provincias:
1135 1356 1238 1432 qui
1276 1355 1675 1432 expulsiones
1714 1355 2083 1427 vicinorum,
2138 1357 2240 1431 qui

167 1438 486 1498 latrocinia
514 1438 573 1498 in
611 1441 773 1514 agris
794 1488 808 1512 ,
844 1440 945 1515 qui
978 1457 1113 1501 cum
1149 1440 1376 1514 servis,
1409 1457 1546 1500 cum
1577 1438 1840 1514 libertiS,
1890 1456 2027 1500 cum
2060 1439 2245 1499 clien-

168 1521 334 1582 tibus
369 1521 733 1594 societateS,
785 1523 886 1597 qui
917 1525 1357 1600 possessiones
1389 1540 1649 1595 vacuaS,
1706 1522 1809 1598 qui
1847 1522 2246 1597 proscriptio—

167 1622 282 1665 nes
307 1605 700 1681 locupletium
720 1653 735 1678 ,
769 1606 872 1681 qui
904 1610 1126 1667 caedes
1158 1606 1654 1684 municipiorum,
1691 1605 1793 1681 qui
1822 1606 1980 1666 illam
2011 1606 2242 1666 Sullam

171 1688 466 1765 temporis
499 1706 764 1750 messem
802 1693 1192 1763 recordetur,
1244 1689 1349 1766 qui
1379 1698 1745 1752 testamenta
1781 1690 2088 1764 subiecta,
2137 1690 2243 1763 qui

169 1772 448 1834 sublatos
481 1780 573 1835 tot
599 1773 899 1846 homines,
952 1774 1056 1850 qui
1082 1772 1349 1849 denique
1385 1772 1589 1835 omnia
1618 1773 1887 1848 venalia,
1939 1772 2241 1840 dilectum,

171 1858 515 1932 decretum,
559 1856 844 1932 alienam,
886 1876 1058 1920 suam
1092 1857 1485 1930 sententiam,
1541 1859 1768 1929 forum,
1813 1858 2092 1930 domum,
2136 1874 2244 1915 vo-

172 1957 337 2013 cem,
382 1941 717 2015 silentium,
762 1943 898 2018 quis
930 1944 1093 2004 hunc
1125 1959 1248 2003 non
1285 1949 1457 2018 putet
1488 1938 1766 2001 confiteri
1809 1938 1924 1999 sibi
1961 1939 2240 2013 quaesito

171 2042 333 2099 opus
377 2028 558 2086 esse?
630 2025 736 2086 Cui
782 2034 982 2086 autem
1031 2024 1312 2101 quaesito
1365 2041 1523 2100 opus
1585 2023 1694 2095 sit,
1766 2022 1903 2097 quis
1951 2038 2238 2096 umquam

168 2109 337 2168 hunc
381 2125 526 2168 vere
570 2108 789 2169 dixerit
823 2109 1112 2170 divitem?
1198 2110 1298 2168 47.
1343 2106 1577 2167 Etenim
1620 2105 1962 2166 divitiarum
2007 2108 2240 2165 fructus

169 2191 229 2252 ‘n
266 2191 448 2267 copia
490 2199 614 2265 est,
678 2192 916 2268 copiam
957 2199 1160 2253 autem
1206 2194 1475 2251 declarat
1516 2189 1765 2251 satietas
1810 2207 2012 2249 rerum
2059 2196 2242 2263 atque

169 2275 568 2337 abundantia=
637 2294 818 2352 quam
851 2285 918 2337 tu
949 2275 1236 2352 quoniam
1270 2291 1599 2350 numquam
1644 2275 2018 2348 adsequere‚
2047 2289 2242 2332 ,num-

171 2375 354 2434 quam
391 2358 638 2421 omnino
680 2377 748 2420 es
792 2362 1028 2421 futurus
1062 2361 1258 2419 diveS.
1346 2359 1545 2417 Meam
1573 2365 1776 2419 autem
1821 2358 2107 2433 quoniam
2138 2370 2243 2432 pe-

171 2442 410 2502 cuniam
442 2446 814 2518 contemnis,
863 2451 924 2504 et
957 2452 1124 2504 recte
1152 2478 1238 2486 —-
1273 2451 1369 2502 est
1398 2441 1554 2502 enim
1586 2441 1665 2500 ad
1694 2439 1860 2517 vulgi
1890 2439 2239 2516 opinionem

171 2524 530 2598 mediocris,
578 2529 657 2586 ad
701 2534 867 2588 tuam
911 2529 1102 2598 nulla,
1155 2527 1231 2585 ad
1266 2542 1462 2584 meam
1496 2522 1738 2585 modica
1764 2556 1846 2567 -—-
1861 2525 2006 2595 ,de
2037 2541 2135 2583 me
2166 2519 2241 2583 si-

171 2611 346 2682 lebo,
408 2611 486 2669 de
530 2627 597 2670 re
645 2612 882 2686 loquar.
970 2609 1070 2672 48.
1131 2609 1196 2670 Si
1240 2609 1552 2669 censenda
1601 2604 1781 2666 nobis
1833 2614 2015 2681 atque
2064 2603 2243 2664 aesti-

169 2694 395 2752 manda
423 2710 525 2754 res
560 2692 665 2767 sit,
721 2701 920 2756 utrum
964 2695 1210 2753 tandem
1254 2690 1444 2769 pluris
1489 2688 1879 2750 aestimemus
1922 2685 2240 2779 pecuniam

168 2775 419 2854 Pyrrhi,
457 2794 638 2851 quam
674 2777 950 2838 Fabricio
990 2778 1203 2849 dabat,
1250 2793 1324 2834 an
1367 2771 1790 2835 continentiam
1824 2768 2107 2842 Fabricii,
2141 2767 2241 2843 qui

168 2860 329 2920 illam
362 2860 680 2935 pecuniam
724 2860 1122 2936 repudiabat?
1166 2866 1370 2919 utrum
1417 2874 1629 2917 aurum
1662 2853 1994 2916 Samnitum
2044 2870 2117 2912 an
2152 2868 2243 2912 re-

168 2961 473 3019 sponsum
515 2945 617 3004 Μ’.
662 2944 861 3005 Curii?
914 2943 1312 3005 hereditatem
1358 2943 1422 3001 L.
1470 2938 1656 3001 Paulli
1707 2956 1783 2999 an
1826 2930 2239 3000 liberalitatem

165 3027 474 3099 Africani,
513 3027 618 3103 qui
650 3029 781 3090 eius
818 3027 1169 3088 hereditatis
1207 3028 1272 3100 Q.
1300 3024 1565 3085 Maximo
1600 3023 1767 3085 fratri
1804 3030 2037 3100 partem
2068 3037 2239 3081 suam

168 3110 526 3172 concessit?
596 3114 766 3172 Haec
801 3113 1112 3188 prosectO,
1152 3126 1309 3185 quae
1342 3116 1487 3171 sunt
1530 3125 1903 3168 summarum
1935 3104 2243 3173 virtutum,

168 3193 360 3270 pluris
393 3194 777 3255 aestimanda
806 3202 950 3257 sunt
977 3211 1157 3291 quam
1187 3194 1319 3267 illa,
1355 3209 1512 3269 quae
1543 3199 1690 3253 sunt
1718 3189 2031 3267 pecuniae.
2099 3184 2243 3261 Quis

167 3277 371 3354 igitur,
404 3278 456 3339 si
496 3278 772 3355 quidem,
814 3287 880 3339 ut
911 3278 1175 3355 quisque
1207 3278 1375 3353 quod
1408 3274 1649 3351 plurimi
1674 3275 1751 3335 sit
1781 3271 2130 3349 possideat,
2161 3267 2244 3330 ita

170 3360 572 3425 divitissimus
613 3364 936 3424 habendus
977 3362 1080 3435 sit,
1145 3359 1380 3423 dubitet
1422 3359 1564 3436 quin
1620 3359 1679 3417 in
1728 3356 1947 3417 virtute
2001 3353 2242 3414 divitiae

174 3445 332 3506 sint?
377 3440 667 3522 quoniam
699 3449 862 3508 nulla
894 3444 1248 3523 possessio,
1281 3446 1444 3505 nulla
1479 3442 1569 3503 vis
1601 3438 1730 3501 auri
1760 3447 1821 3499 et
1852 3436 2085 3513 argenti
2115 3438 2239 3510 plu·
