2381 3723
198 95 324 157 412
617 96 919 158 INCERTI
950 95 1340 158 AUCTORIS
1374 93 1853 157 CONSOLATIO
2189 104 2273 157 222

199 245 429 308 idcirco
474 264 598 308 non
633 249 915 308 eumdem
947 246 1161 323 probis
1195 256 1256 308 et
1283 246 1580 324 improbis
1615 246 1776 306 vitae
1802 242 2144 306 terminum
2177 260 2273 303 nee

196 330 412 391 eadem
463 331 720 392 mortuis
774 329 1046 407 praemia
1096 337 1458 392 statuerunt.
1551 330 1689 390 147.
1734 331 1866 405 Qua
1909 345 2035 389 nos
2083 344 2274 390 recor·

195 413 446 475 datione
477 411 863 489 potissimum
896 414 1065 475 refici
1103 431 1177 474 ac
1208 414 1475 475 recreari
1507 414 1713 487 decet,
1761 412 1867 489 qui
1898 411 2273 473 carissimam

194 497 378 557 filiam
413 498 767 574 optimeque
798 500 876 558 de
905 497 1086 558 nobis
1115 497 1405 559 meritam·
1422 497 1504 558 ita
1531 496 1766 557 vixisse
1792 495 2062 567 scimuS,
2112 504 2183 557 ut
2208 495 2271 555 ad

197 579 465 656 optimos
514 598 719 643 mores
764 598 1190 656 summamque
1234 580 1618 658 prudentiam
1662 579 1804 640 nihil
1850 587 2083 656 posset
2114 595 2274 640 acce·

197 664 375 735 dere,
432 673 495 722 et
533 663 618 723 ita
665 672 997 738 mortuam,
1050 671 1119 725 ut
1153 664 1214 724 in
1253 665 1504 737 dolore,
1555 680 1738 741 quem
1783 679 1864 724 ex
1910 672 2273 739 partu-con-

195 751 495 818 traxerat,
550 763 850 808 summam
892 746 1074 809 animi
1117 748 1594 824 magnitudinem
1648 763 2085 823 summamque
2143 764 2273 808 con·
2341 757 2342 760 ’

194 828 476 891 stantiam
535 831 923 907 praestiterit.
1015 829 1201 893 Cuius
1248 832 1473 895 mentio
1524 832 1705 894 nobis
1751 833 1969 893 dolore
2018 830 2173 905 iam,
2228 829 2269 891 si

193 929 318 976 non
353 913 597 990 penitus
630 915 967 989 exstincte,
1007 922 1174 976 certe
1205 933 1428 992 magno
1462 932 1653 992 opere
1680 918 1883 977 levato
1919 932 2051 976 non
2084 917 2268 976 solum

193 998 448 1071 acerba,
496 999 609 1059 sed
655 999 835 1061 etiam
880 999 1149 1060 iucunda
1178 999 1415 1060 accidit.
1499 1001 1618 1075 Qui
1654 999 1812 1060 enim
1847 998 2031 1060 aliter
2061 999 2270 1060 debet?

196 1098 382 1156 quum
414 1097 531 1143 nec
560 1082 681 1158 ipsi
705 1085 1038 1159 quidquam
1065 1084 1372 1146 accideret
1393 1083 1534 1143 mali
1558 1100 1673 1144 nec
1697 1100 1813 1159 ego
1838 1084 1963 1143 ulla
1982 1098 2088 1155 re,
2124 1097 2268 1159 quae

195 1172 363 1227 tanto
398 1182 590 1243 opere
620 1184 758 1228 cum
789 1176 1008 1229 natura
1042 1175 1342 1243 congruat
1369 1174 1592 1228 etcum
1617 1168 1898 1229 omnibus
1924 1165 2266 1248 hominibus

196 1250 635 1324 communicet,
671 1252 813 1327 angi
835 1260 940 1313 aut
959 1250 1304 1326 perturbari
1327 1251 1607 1314 debeam.
1680 1251 1881 1312 XLIII.
1917 1248 2065 1311 148.
2123 1248 2265 1327 Quid

193 1349 342 1408 ergo
394 1334 537 1395 mihi
582 1337 813 1397 restat?
898 1335 1054 1396 Nihil
1100 1351 1252 1397 sane
1303 1334 1417 1396 nisi
1460 1352 1649 1411 quum
1685 1352 1760 1396 ea
1787 1334 1995 1395 divino
2027 1332 2265 1409 potissi-

193 1434 356 1479 mum
402 1418 705 1479 beneficio
752 1419 912 1479 vitae
956 1436 1211 1480 munere
1254 1421 1578 1496 perfuncta
1618 1418 1723 1491 sit,
1768 1427 1835 1480 ut
1867 1419 1946 1478 ad
1980 1435 2123 1479 eam
2157 1432 2263 1478 ma-

189 1500 353 1561 xime
396 1500 648 1562 vivendi
689 1501 1118 1564 condicionem
1164 1502 1595 1578 cogitationem
1638 1520 1833 1564 meam
1878 1510 2263 1578 mentemque

190 1584 483 1655 reseram,
539 1601 663 1658 qua
703 1600 867 1645 nunc
899 1586 1096 1662 ipsam
1132 1586 1362 1661 perfrui
1389 1586 1726 1662 credimus»,
1772 1604 1843 1649 ac
1879 1586 1933 1649 si
1970 1588 2149 1662 quod
2178 1602 2262 1645 ae-

191 1682 380 1740 quum
420 1673 518 1727 est
561 1667 735 1727 fateri
764 1668 1053 1742 velimus,
1101 1670 1279 1730 etiam
1310 1670 1717 1747 intelligimus.
1806 1672 1935 1747 Qua
1970 1687 2051 1732 ex
2088 1668 2263 1731 medi-

188 1748 420 1811 tatione
464 1766 540 1811 eo
585 1752 879 1814 maiorem
913 1753 1293 1829 voluptatem
1334 1764 1739 1832 percepturus
1779 1773 1947 1827 sum,
1994 1771 2124 1831 quo
2155 1769 2263 1814 me·

189 1834 341 1896 liore
390 1834 493 1896 illa
532 1852 696 1898 nunc
737 1843 930 1911 statu,
982 1854 1165 1914 quam
1204 1854 1387 1913 quem
1421 1838 1637 1902 vivens
1672 1846 1930 1917 experta
1960 1846 2094 1913 est,
2141 1838 2262 1901 sine
2347 1898 2348 1909 ,

187 1920 311 1979 ulla
344 1919 722 1983 dubitatione
755 1921 1104 1998 perfruitur.
1196 1922 1351 1998 Quid
1383 1923 1542 1985 enim
1576 1924 1722 2001 boni
1752 1941 1876 1987 non
1907 1923 2130 1985 merita
2159 1928 2262 1994 est,
2347 1916 2348 1967 l

188 2018 349 2077 quae
385 2002 529 2064 nihil
572 2022 863 2103 umquam
899 2005 1024 2082 egit
1065 2023 1139 2067 ac
1179 2024 1260 2068 ne
1290 2007 1586 2084 cogitavit
1620 2008 1864 2084 quidem
1898 2007 2070 2081 mali,
2109 2014 2174 2068 et
2198 2005 2264 2065 iis

186 2086 523 2161 angoribus
554 2105 628 2149 ac
656 2092 864 2162 malm,
911 2107 1071 2166 quae
1096 2089 1325 2152 viventi
1357 2091 1599 2153 obiecta
1631 2100 1807 2165 sunt,
1851 2092 1936 2154 ita
1965 2090 2265 2168 patienter

185 2171 506 2246 perfuncta
545 2171 649 2243 sit,
694 2180 763 2233 ut
804 2190 924 2234 non
974 2190 1158 2235 secus
1206 2174 1283 2236 de
1317 2173 1599 2237 adversis
1639 2194 1823 2253 quam
1859 2179 1938 2236 de
1975 2173 2264 2237 secundis

183 2253 372 2314 rebus
416 2252 512 2316 dis
550 2254 994 2318 immortalibus
1033 2258 1325 2333 gratulari
1371 2257 1725 2336 gratiasque
1769 2275 1954 2335 agere
2002 2260 2266 2320 soleret?

152 2343 245 2396 ·et
269 2354 453 2409 quum
488 2337 634 2399 nihil
666 2337 1044 2400 nisit-ectum
1075 2341 1531 2418 honestumque
1562 2344 1887 2421 cogitaret,
1920 2351 2124 2404 tamen
2149 2354 2260 2403 una

183 2420 564 2481 conscientia
597 2428 889 2483 contenta
915 2440 1030 2484 nec
1061 2442 1174 2486 sua
1206 2426 1531 2488 benefacta
1555 2427 1615 2489 in
1651 2430 1788 2489 luce
1827 2425 2121 2490 collocari
2154 2437 2260 2485 nec

182 2501 298 2562 sibi
345 2502 679 2579 quidquam
726 2515 1057 2583 propterea
1096 2510 1296 2571 laudis
1338 2518 1449 2572 aut
1483 2512 1717 2588 gloriae
1758 2511 1971 2575 deberi
2014 2509 2258 2572 arbitra·

181 2593 367 2647 retur.
461 2587 601 2650 149.
644 2590 811 2665 Quae
853 2608 1002 2668 ergo
1045 2592 1128 2654 ita
1157 2592 1422 2657 animata
1455 2596 1664 2670 tuerit,
1705 2602 1773 2658 ut
1798 2596 1881 2658 de
1913 2612 1984 2656 se
2013 2593 2254 2671 quidem

181 2669 521 2747 minimum,
567 2674 645 2735 de
682 2682 851 2736 recta
880 2684 1085 2738 mente
1115 2693 1188 2738 ac
1221 2678 1299 2739 de
1332 2680 1640 2755 aequitate
1669 2680 1995 2756 plurimum
2022 2679 2256 2740 labora·

178 2761 304 2827 ret,
350 2771 426 2816 an
458 2774 584 2819 non
620 2758 716 2819 dis
746 2758 899 2834 ipsis
931 2776 1258 2833 censemus
1288 2762 1552 2826 maxime
1580 2774 1810 2840 gratam
1844 2772 1909 2826 et
1939 2764 2255 2838 probatam

181 2836 404 2912 fuisse,
464 2839 525 2900 in
580 2859 702 2916 qua
750 2859 874 2904 non
914 2843 1060 2905 ficta
1098 2852 1163 2907 et
1202 2846 1594 2921 adumbrata,
1645 2857 1715 2911 ut
1752 2848 1810 2909 in
1857 2846 2097 2921 multis,
2154 2841 2254 2905 sed

179 2921 442 2984 maxime
476 2925 678 2985 solida
703 2934 766 2988 et
794 2943 1098 3003 expressa
1127 2928 1372 2992 virtutis
1400 2933 1686 2994 elucebat
1724 2931 2006 3009 effigies?
2093 2932 2253 2997 Nam,

179 3023 364 3080 quum
396 3024 531 3071 eam
562 3010 743 3072 talem
777 3018 994 3072 natura
1018 3012 1371 3088 genuisset,
1402 3022 1471 3077 ut
1495 3017 1661 3092 quod
1690 3017 1968 3093 pulcrum
1998 3022 2253 3076 rectum·

178 3106 300 3163 que
344 3094 726 3167 agnoscebat
765 3111 881 3156 sua
913 3102 1140 3171 sponte
1171 3109 1563 3174 sequeretur,
1606 3107 1811 3161 tamen
1844 3117 1921 3162 eo
1954 3116 2083 3161 non
2118 3112 2251 3159 con-

176 3178 360 3268 tenta·
385 3192 625 3236 summa
669 3176 727 3236 vi
762 3178 1016 3240 rationis
1056 3181 1544 3258 prudentiaeque
1577 3186 1951 3259 perfecerat,
1996 3190 2070 3245 ut
2101 3180 2255 3244 nulla

175 3268 243 3310 re
265 3271 493 3351 ‘ml-nus-
529 3276 712 3332 quam
753 3268 970 3321 natura
1019 3264 1176 3325 duce
1214 3282 1398 3339 egere
1432 3266 1764 3329 videretur.
1860 3266 2002 3327 150.
2047 3269 2258 3340 Itaque

178 3349 284 3402 qul
313 3351 446 3396 elus
476 3340 754 3402 instituta
783 3351 843 3402 et
872 3361 1076 3406 mores
1104 3349 1311 3422 paullo
1337 3348 1685 3425 diligentius
1709 3349 2125 3426 inspexisset,
2159 3342 2258 3424 qui
