2381 3723
159 86 288 150 302
949 42 1458 143 FRAGMENTA.
2001 148 2020 161 ‚
2141 91 2245 145 ιη

282 237 341 298 2.
382 239 508 298 Nec
547 254 698 299 vero
742 234 998 299 scientia
1038 231 1187 295 iuris
1233 233 1568 295 maioribus
1604 232 1734 295 suis
1776 234 1845 307 Q.
1887 232 2103 294 Aelius
2132 232 2245 294 Tu·
2305 224 2310 229 ’

158 320 607 470 izer02²‹1e§rui7t3
677 317 955 382 doctrina
1025 317 1207 378 etiarn
1274 317 1594 393 superfuit.
1716 332 2003 399 [Gellius
2059 334 2151 387 lib.
2204 335 2243 383 1.

159 422 278 472 esp.
390 443 403 455 .
478 443 490 455 .
566 443 579 455 .

594 524 761 577 m.
802 520 1087 573 EDICTUM
1122 520 1180 571 L.
1217 518 1461 570 RAcan
1484 519 1666 572 ‘'rnffl.
1702 520 1798 570 PL.

305 609 546 675 [Scripsit
577 608 677 658 hoc
717 609 778 661 L.
818 607 1002 657 Racilii
1037 606 1240 657 nornine
1282 603 1461 654 Cicero
1499 606 1551 654 in
1588 606 1928 657 Invectionem
1962 606 2019 657 Ρ.
2059 606 2244 669 Clodii,

161 679 279 730 vide
323 675 496 728 Schol.
535 677 662 731 Bob.
708 677 777 727 sd
822 684 948 727 orst.
996 688 1089 741 pro
1137 673 1345 722 Plancio
1379 688 1490 739 cap.
1528 673 1615 725 32.
1685 674 1914 726 Racilius
1950 685 2118 728 sutem
2153 678 2245 725 tri·

161 748 403 813 bunstnrn
439 747 599 812 gessit
630 744 843 796 Lentulo
874 743 1166 794 Marcellino
1204 750 1253 792 et
1287 741 1528 808 Philippo
1561 757 1698 801 coss.
1732 759 1783 799 a.
1820 760 1875 811 p.
1913 760 1968 797 u.
2011 761 2056 797 c.
2092 743 2243 811 6983

655 892 764 944 11.
798 890 886 941 DE
922 890 1310 943 ORDINANDA
1343 892 1430 943 RE
1459 892 1754 945 PUBLICA.

301 1014 414 1064 Fuit
462 1012 547 1063 hic
594 1012 720 1062 liber
756 1003 1229 1077 συμβουλευτικός
1275 1009 1372 1075 (ad
1413 1014 1518 1065 Att.
1569 1011 1659 1062 lib.
1706 1011 1823 1062 XII.
1873 1026 1959 1079 ep.
2006 1012 2121 1078 40.)
2164 1014 2246 1064 vel

159 1083 380 1203 {aazia
414 1082 484 1133 sd
520 1079 786 1131 Caesarem
821 1080 909 1131 lv.
948 1094 1051 1129 cos.
1088 1095 1132 1129 s.
1169 1079 1289 1134 coll.
1331 1081 1665 1143 eumdemque
1688 1080 1868 1134 dictet.
1897 1096 1946 1131 a.
1973 1096 2025 1132 u.
2052 1098 2098 1135 c.
2120 1081 2225 1133 709

724 1244 799 1302 x
841 1247 1034 1323 Lmen
1067 1248 1151 1299 nn
1187 1247 1330 1301 sms
1366 1247 1685 1303 consuas
1784 1236 1792 1241 ’

635 1384 982 1437 ΕΧΡΟΒῙΤΙΟ
1011 1333 1274 1437 ΕΠΟῙῖὗιΜ
1310 1383 1767 1438 CONSILIORUM.

1007 1507 1396 1549 Ancuumtwu.

295 1590 480 1650 Quum.
499 1586 675 1638 Cicero
724 1589 888 1654 grstia
920 1588 1062 1653 apud
1094 1588 1344 1654 populum
1371 1590 1424 1638 in
1454 1589 1567 1639 dies
1593 1591 1760 1655 magis
1793 1590 2059 1656 magisque
2098 1600 2246 1640 aucta

158 1658 406 1709 invidiam
446 1658 547 1706 sibi
592 1657 833 1708 conflaret
881 1655 1146 1707 hominnm
1196 1659 1248 1707 in
1295 1659 1500 1707 civitate
1544 1659 1852 1724 potentium,
1899 1664 1954 1707 nt
1990 1656 2161 1710 Crassi
2196 1668 2248 1709 et

159 1727 420 1788 Caesaris,
461 1726 645 1775 librum
691 1725 764 1776 de
813 1725 1132 1776 consiliis
1175 1726 1318 1783 suis
1355 1741 1447 1776 seu
1494 1728 1978 1792 expositionem
2027 1729 2245 1778 consi—

158 1797 399 1846 liorum
440 1808 697 1846 suorum
735 1795 1043 1860 publicavit,
1089 1810 1188 1859 qua
1234 1796 1419 1845 bonam
1458 1796 1615 1845 animi
1658 1796 1967 1846 voluntatem
2015 1806 2131 1856 aut,
2180 1812 2246 1847 ne

157 1866 453 1918 consulatus
487 1865 749 1915 obtinendi
785 1880 879 1931 spe
914 1865 1196 1927 excideret,
1235 1865 1346 1916 suis
1382 1866 1621 1931 probaret
1658 1866 1857 1916 civibus
1877 1901 1891 1925 ,
1937 1874 2023 1915 ant
2060 1866 2125 1917 ob
2163 1881 2252 1916 res

158 1938 211 1986 in
242 1935 509 1986 consulatu
541 1935 646 1985 iam
678 1944 852 2001 gestas
887 1935 1210 1986 inimicorum
1243 1934 1563 1985 sermonibus
1600 1934 1652 1983 in
1678 1935 2024 1999 suspicionem
2048 1936 2245 1986 adduc·

157 2011 261 2055 tam
293 2012 553 2071 purgaret.
626 2003 752 2055 Num
787 2017 1096 2066 quemqnam
1134 2006 1186 2054 in
1219 2003 1347 2053 libro
1367 2040 1381 2063 ,
1419 2018 1570 2066 quem
1607 2003 1672 2053 de
1697 2003 1963 2054 consulatu
1992 2018 2087 2056 sno
2119 2006 2248 2054 scri-

157 2075 287 2137 psit,
335 2074 471 2123 idem
521 2073 692 2139 egisse
735 2072 900 2123 videri
957 2081 1156 2138 potest,
1210 2081 1379 2123 temen
1423 2071 1674 2139 singulari
1734 2073 1788 2122 id
1835 2072 2010 2123 libello
2057 2070 2246 2124 fecisse

157 2143 371 2193 Asconii
401 2150 451 2191 et
487 2141 685 2192 Boethii
719 2142 1008 2191 testimonio
1039 2142 1356 2207 intelligitur.
1434 2140 1752 2206 Quapropter
1784 2140 1920 2192 hunc
1957 2142 2092 2191 circa
2124 2156 2247 2192 con-

159 2210 354 2260 sulstns
390 2211 472 2259 sui
509 2219 739 2273 temporo
774 2209 1055 2261 confecisse
1090 2210 1218 2259 mihi
1253 2210 1471 2260 videtur.
1544 2208 1730 2259 NOBB.

288 2315 343 2373 1.
388 2313 509 2372 Aut
529 2310 591 2370 C.
618 2310 892 2371 Caesaris
913 2318 1020 2372 aut
1053 2312 1140 2371 M.
1173 2313 1379 2373 Crassi
1402 2315 1637 2374 domum
1661 2314 1976 2387 siqnifieat.
2009 2312 2249 2375 Etenim

156 2397 444 2455 acerrimi
469 2409 545 2453 ao
561 2396 952 2470 potentissimi
970 2395 1227 2468 fuerunt
1266 2398 1561 2457 Ciceronis
1585 2397 2029 2470 resraaatores,
2061 2414 2248 2472 quum

149 2481 320 2555 petiit
339 2480 705 2538 consulatum
719 2524 733 2551 ,
765 2478 927 2554 quod
947 2482 1073 2540 eius
1099 2482 1161 2539 in
1183 2481 1311 2541 dies
1337 2484 1562 2542 civilem
1589 2498 1859 2541 crescere
1892 2480 2244 2554 dionitatem

156 2563 731 2637 animadvertebant,
783 2570 841 2623 et
887 2565 999 2624 hoe
1045 2567 1171 2640 ipse
1225 2564 1428 2639 Cicero
1481 2568 1545 2624 in
1596 2567 1957 2641 expositione
2000 2581 2249 2626 suorum

154 2651 532 2710 consiliorum
560 2649 874 2721 sionificat.
940 2647 1087 2707 Eius
1125 2662 1353 2722 quoque
1390 2651 1815 2709 coniurationis
1829 2694 1844 2720 ,
1891 2665 2045 2723 quae
2078 2649 2249 2710 Cotta

154 2744 211 2792 et
240 2732 549 2807 *Torquato
586 2732 922 2792 oonsulibus
963 2738 1100 2790 ante
1145 2748 1369 2792 annum
1383 2779 1399 2807 ,
1448 2748 1626 2808 quam
1676 2733 1828 2794 Ilaec
1881 2733 2246 2806 dicerentur,

148 2816 326 2889 facta
362 2822 449 2876 est
484 2831 524 2873 a
575 2815 829 2876 Catilina
869 2821 929 2875 et
968 2815 1179 2876 Pisone
1192 2862 1206 2889 ‚
1252 2819 1455 2891 arqui!
1496 2817 1582 2877 M.
1625 2817 1903 2878 Crassum
1943 2827 2247 2878 auctorem

149 2900 359 2971 fni-388·
451 2912 808 2979 [Asconius
845 2917 912 2966 sd
950 2927 1074 2966 orat.
1114 2918 1165 2967 in
1198 2924 1317 2983 toga
1354 2919 1500 2969 cnud.
1539 2935 1590 2985 p.
1634 2918 1732 2977 83,
1775 2917 1853 2969 18.
1891 2915 2048 2982 Bait.]

279 2998 339 3060 2.
384 2999 507 3061 Sed
550 3005 619 3061 ut
651 3001 857 3077 aliqua
898 3001 1289 3064 similitudine
1330 3004 1635 3065 adductus
1672 3002 1951 3063 maximis
1995 3003 2244 3063 minima

155 3085 499 3157 conferam,
543 3092 612 3144 ut
655 3085 844 3160 quum
879 3084 1175 3148 vinolenti
1224 3089 1687 3160 adolescenteS,
1731 3087 2010 3147 tibiarum
2058 3086 2243 3147 etiam

157 3174 371 3240 cantu,
417 3173 486 3228 ut
528 3167 624 3241 fit,
666 3168 967 3244 instincti,
1012 3170 1282 3232 mulieris
1339 3171 1599 3247 pudicae
1642 3172 1809 3232 sores
1866 3172 2241 3245 frangerent,

156 3247 556 3310 admonuisse
604 3251 945 3326 tibicinam,
997 3261 1066 3315 ut
1117 3256 1467 3331 spondeum
1521 3263 1801 3327 caneret,
1852 3253 2240 3330 Pythagoras

159 3327 392 3389 dicitur.
463 3333 638 3405 Quod
671 3351 856 3409 quum
888 3335 988 3397 illa
1019 3337 1298 3411 fecisset,
1339 3338 1619 3399 tarditate
1651 3339 1974 3399 modorum
2006 3345 2069 3397 et
2097 3354 2238 3413 gra·
