2381 3723
91 132 210 199 118
443 130 640 192 cATo
674 130 927 190 MAIOR
957 130 1059 190 DE
1094 126 1536 188 SENECTUTE
1571 127 1800 187 LIBER
2120 88 2155 185 ἀ

90 292 151 345 et
179 283 563 360 prudentiam
592 280 882 358 intelligo.
954 281 1029 340 Et
1051 287 1252 340 tamen
1287 287 1348 339 te
1390 276 1680 354 suspicor
1709 276 1940 337 eisdem
1972 277 2157 336 rebus

94 368 313 442 quibus
366 384 463 428 me
513 365 715 442 ipsum
771 365 1073 426 interdum
1123 362 1373 439 gravius
1430 359 1834 433 commoveri,
1901 375 2159 435 quarum

92 450 433 513 consolatio
468 458 528 511 et
556 448 750 510 maior
778 455 874 511 est
904 457 963 509 et
992 447 1050 507 in
1082 447 1245 507 aliud
1278 454 1522 523 tempus
1556 443 1916 506 differenda.
1985 445 2160 502 Nune

91 543 291 596 autem
338 534 538 595 visum
581 539 676 593 est
707 531 848 591 mihi
905 531 985 591 de
1032 536 1351 591 senectute
1392 527 1620 605 aliquid
1663 529 1742 587 ad
1782 534 1844 588 te
1891 526 2160 588 conscri-

92 618 257 678 bere.
346 616 405 678 2.
446 619 580 677 Hoc
613 615 771 676 enim
804 632 1021 687 onere,
1078 616 1243 690 quod
1278 613 1415 673 mihi
1457 628 1779 674 commune
1815 618 2009 672 tecum
2044 620 2158 683 est,

90 707 194 761 aut
225 699 344 760 iam
380 698 698 776 urguentis
743 707 848 760 aut
881 705 1045 759 certe
1088 695 1475 758 adventantis
1520 695 1855 758 senectutis
1890 704 1951 755 et
1994 702 2056 756 te
2099 703 2161 755 et

90 801 187 843 me
221 782 422 859 ipsum
453 784 644 843 levari
675 784 852 843 volo:
910 781 1025 843 etsi
1053 788 1116 842 te
1152 781 1398 857 quidem
1434 779 1495 840 id
1526 777 1770 842 modice
1812 795 1885 839 ac
1921 777 2160 855 sapien-

90 884 181 928 ter
224 867 383 927 sicut
424 866 625 929 omnia
676 874 737 926 et
780 867 939 927 ferre
992 871 1052 926 et
1098 867 1359 926 laturum
1414 881 1555 926 esse
1597 871 1764 926 certe
1807 861 1960 924 scio.
2034 862 2160 922 Sed

89 949 262 1025 mihi,
322 968 508 1026 quum
541 952 618 1011 de
648 958 966 1011 senectute
1000 952 1218 1010 vellem
1253 947 1478 1024 aliquid
1520 949 1817 1022 scribere,
1849 955 1912 1007 tu
1949 961 2159 1006 occur-

89 1034 269 1094 rebas
306 1034 527 1110 dignus
564 1051 639 1095 eo
671 1051 950 1105 munere,
1001 1050 1125 1108 qu)
1156 1040 1419 1107 uterque
1451 1039 1729 1094 nostrum
1760 1029 2162 1092 communiter

28 1104 52 1127 ‘
88 1124 379 1179 uteretur.
450 1117 595 1178 Mihi
624 1116 867 1193 quidem
898 1117 981 1178 ita
1009 1116 1276 1178 iucunda
1304 1115 1480 1177 huius
1517 1113 1653 1176 libri
1686 1114 1989 1176 confectio
2029 1113 2158 1187 fuit,
2216 1190 2221 1193 ι

93 1207 300 1262 utnon
325 1202 511 1264 modo
537 1219 751 1264 omnes
775 1202 1133 1264 absterserit
1155 1199 1488 1262 senectutis
1512 1201 1848 1272 molestias,
1875 1199 1989 1259 sed
2013 1199 2159 1258 effe-

92 1285 241 1345 cerit
300 1287 542 1347 mollem
599 1285 779 1346 etiam
840 1293 901 1345 et
954 1284 1281 1346 iucundam
1331 1291 1727 1344 senectutem.
1815 1283 2157 1358 Numquam

90 1367 271 1444 igitur
294 1368 529 1429 laudari
558 1367 706 1430 satis
740 1367 920 1444 digne
956 1367 1350 1445 philosophia
1378 1368 1633 1443 poterit,
1682 1367 1779 1428 cui
1811 1367 1915 1442 qui
1945 1373 2158 1442 pareat

92 1468 272 1512 omne
302 1459 544 1527 tempus
590 1451 802 1512 aetatis
844 1452 979 1512 sine
1022 1446 1304 1513 molestia
1344 1451 1546 1527 possit
1593 1452 1839 1527 degere.
1930 1450 1987 1511 3.
2032 1449 2155 1509 Sed

91 1535 169 1606 de
204 1534 461 1594 caeteris
494 1540 555 1594 et
587 1533 849 1595 diximus
873 1536 1061 1596 multa
1090 1543 1149 1596 et
1183 1552 1374 1612 saepe
1405 1535 1710 1597 dicemus:
1754 1536 1917 1595 hunc
1939 1533 2156 1595 librum

90 1618 169 1676 ad
193 1624 251 1677 te
287 1617 365 1677 de
395 1625 715 1679 senectute
748 1617 1040 1679 misimus.
1123 1618 1376 1679 Omnem
1421 1628 1622 1681 autem
1668 1634 2016 1680 sermonem
2060 1617 2157 1677 tri-

92 1700 331 1760 buimus
377 1717 501 1762 non
533 1699 822 1774 Tithono,
876 1709 944 1761 ut
983 1701 1194 1763 Aristo
1234 1703 1375 1764 Cius
1410 1737 1493 1747 -
1524 1720 1738 1780 parurn
1782 1701 1941 1762 enim
1988 1709 2155 1761 esset

90 1782 467 1845 auctoritatis
501 1783 560 1844 in
590 1785 793 1846 fabula
824 1820 926 1860 -,
978 1787 1090 1846 sed
1119 1787 1200 1846 M.
1237 1785 1448 1847 Catoni
1481 1785 1644 1860 seni,
1700 1803 1821 1863 quo
1863 1783 2156 1845 maiorem

91 1867 511 1929 auctoritatem
547 1870 801 1930 haberet
830 1870 1054 1932 oratio:
1101 1872 1268 1947 apud
1312 1888 1493 1946 quem
1520 1873 1792 1931 Laelium
1833 1877 1895 1930 et
1924 1868 2152 1944 Scipio-

89 1968 229 2013 nem
282 1951 536 2014 facimus
592 1952 997 2028 admiranteS,
1059 1956 1229 2030 quod
1270 1953 1323 2015 is
1381 1962 1498 2014 tam
1553 1954 1727 2015 facile
1777 1960 2152 2014 senectutem

92 2036 270 2109 ferat,
324 2036 534 2112 iisque‘
569 2055 707 2098 eum
745 2038 1243 2115 respondentem.
1333 2038 1445 2114 Qui
1488 2037 1543 2101 si
1594 2036 1885 2100 eruditius
1929 2036 2151 2097 videbi·

90 2125 187 2181 tur
216 2117 530 2194 disputare
575 2138 754 2196 quam
789 2121 1111 2183 consuevit
1153 2120 1374 2198 ipsein
1417 2121 1544 2183 suis
1588 2120 1785 2195 libris,
1846 2120 2152 2181 attribuito

91 2199 304 2261 litteris
351 2201 630 2276 Graecis,
690 2220 946 2277 quarum
989 2213 1232 2270 constat
1280 2222 1418 2265 eum
1465 2205 1924 2282 perstudiosum
1964 2202 2155 2265 fuisse

87 2282 149 2343 in
185 2289 523 2344 senectute.
598 2285 723 2345 Sed
767 2286 913 2361 quid
951 2290 1122 2364 opus'
1154 2295 1251 2349 est
1287 2290 1504 2364 plura?
1570 2291 1696 2350 Iam
1749 2287 1907 2349 enim
1956 2286 2153 2365 ipsius

91 2365 337 2461 Catonis
370 2383 574 2429 sermo
618 2368 945 2444 explicabit
984 2379 1257 2432 nostram
1288 2388 1532 2433 omnem
1564 2374 1642 2433 de
1671 2379 1985 2433 senectute
2018 2388 2144 2432 sen-

88 2454 356 2509 tentiam.

212 2534 281 2593 ΙΙ.
323 2533 383 2592 4.
473 2533 696 2595 Semo.
768 2536 970 2613 Saepe
1012 2555 1266 2598 nurnero
1310 2536 1594 2599 admirari
1644 2542 1816 2601 soleo
1857 2556 1995 2600 cum
2032 2538 2155 2599 hoc

88 2614 151 2676 C.
193 2615 399 2677 Laelio
447 2635 633 2693 quum
684 2627 1063 2682 caeterarum
1112 2638 1312 2682 rerum
1365 2628 1527 2682 tuam
1584 2624 2011 2695 excellentem,
2069 2623 2151 2682 Μ.

89 2700 234 2761 &ato
254 2748 269 2773 ,
308 2702 765 2779 perfectamque
795 2704 1152 2781 sapientiam
1184 2712 1312 2766 tum
1345 2706 1440 2765 vel
1467 2705 1757 2779 maxime,
1792 2706 1959 2782 quod
1986 2723 2129 2765 num

88 2799 273 2857 quam
315 2782 421 2842 tibi
464 2793 844 2847 senectutem
876 2804 1125 2864 gravem
1170 2805 1314 2850 esse
1355 2790 1681 2863 senserim,
1734 2806 1892 2865 quae
1941 2788 2129 2865 pleris

87 2882 205 2940 que
225 2864 486 2963 ‘senibus
518 2867 608 2929 sic
639 2870 857 2932 odiosa
889 2879 1012 2944 est,
1044 2878 1112 2933 ut
1151 2888 1308 2933 onus
1345 2889 1416 2933 se
1447 2877 1647 2933 Aetna
1676 2872 1925 2949 gravius
1951 2870 2156 2932 dicant

86 2956 410 3010 sustinere.

148 3113 162 3129 ·
212 3035 394 3095 CA‘ro.
461 3036 612 3095 Rem
652 3037 816 3097 haud
860 3055 1038 3114 sane,
1095 3038 1300 3115 Scipio
1346 3049 1408 3100 et
1454 3039 1646 3113 Laeli,
1699 3038 2006 3100 difficilem
2050 3039 2153 3097 ad·

86 3116 288 3177 mirari
338 3114 643 3178 videmini.
731 3120 961 3194 Quibus
1012 3121 1171 3183 enim
1222 3122 1366 3183 nihil
1411 3128 1507 3183 est
1548 3122 1609 3183 in
1664 3122 1816 3200 ipsis
1869 3121 2004 3198 opis
2075 3123 2153 3181 ad

85 3196 243 3256 bene
282 3199 585 3274 beateque
631 3200 990 3278 vivendum,
1042 3203 1116 3267 iis
1157 3205 1356 3268 omnis
1406 3215 1578 3268 aetas
1629 3208 1834 3282 gravis
1877 3213 2004 3267 est:
2051 3204 2154 3280 qui

86 3285 287 3372 autem
324 3282 525 3341 omnia
552 3283 716 3344 bona
759 3301 794 3344 a
825 3302 895 3345 se
941 3286 1059 3364 ipsi
1092 3296 1340 3366 petunt,
1393 3288 1467 3353 iis
1509 3289 1653 3350 nihil
1684 3296 1892 3367 potest
1931 3290 2153 3349 malum

69 3359 279 3421 ·v1der1
310 3363 480 3435 quod
523 3373 777 3426 naturae
815 3370 1155 3431 necessitas
1202 3373 1456 3433 adserat.
1531 3374 1662 3449 Quo
1696 3372 1754 3434 in
1787 3385 2013 3448 genere
2061 3378 2156 3432 est
