2381 3723
118 155 247 220 280
912 149 1419 212 FRAGMENTA.
2132 155 2215 213 90

117 298 367 362 ἄνοι’κωὶ
402 302 607 370 πάντη.
680 304 944 369 Abruptae
970 301 1215 382 emtiopis
1250 299 1390 350 filum
1439 301 1520 350 his
1546 300 1716 350 verbis
1750 315 1837 366 ap.
1869 299 1998 349 Plat.
2035 314 2088 365 p.
2111 297 2212 359 46,

45 384 61 411 ¹
123 380 190 427 Α.
228 376 311 431 ed.
348 374 524 440 Steph.
562 387 737 423 rursus
770 372 1076 422 adnectiturt
1119 363 1247 426 ενός
1274 383 1331 418 τε
1358 357 1431 419 αὖ
1463 363 1593 433 περὶ
1628 361 1734 432 τὴν
1769 359 2030 433 λειότητα
2062 356 2213 434 tufi]-

193 527 198 532 .
251 473 407 551 [Iam
434 487 570 532 vero
599 487 808 531 earum
847 471 1170 543 imaqinum
1184 512 1201 540 ,
1252 485 1407 542 quae
1428 471 1739 541 finquntur
1777 473 1837 527 et
1863 465 2217 526 redduntur·

122 561 184 619 in
210 558 464 632 speculis
478 601 492 628 ,
540 569 886 629 eorumque,
946 569 1101 628 quae
1130 553 1450 627 splendida
1488 557 1548 610 et
1572 553 1767 611 laevia
1794 556 1958 622 sunt,
2006 550 2209 608 ratio-

123 657 255 703 nem
273 642 615 716 perspicere
641 638 812 698 haud
837 637 1087 710 difficile
1113 643 1215 697 est.
1285 637 1440 696 Nam
1468 652 1548 696 ex
1575 635 1732 708 ionis
1759 637 2065 708 utriusque
2084 649 2213 692 ea>-

30 802 33 805 Α
127 728 285 786 terni
322 731 497 798 atque
538 724 763 782 interni
795 724 1196 782 communione
1239 722 1394 780 inter
1437 722 1594 794 ipsos
1608 763 1623 791 ‚
1678 734 1859 793 quum
1897 734 2050 777 unus
2091 733 2221 792 per

124 811 392 884 sinyulas
416 813 622 882 partes
661 805 905 878 effectus
941 811 1001 865 et
1038 807 1234 864 multis
1271 804 1457 864 modis
1482 818 1727 866 concors
1753 808 1811 861 et
1850 811 2026 877 aptus
2052 800 2209 860 red-

127 894 282 953 ditus
309 895 372 952 in
400 895 635 952 laevore
656 890 957 966 comedia]

251 976 414 1036 XIV.
463 973 588 1035 Sed
620 972 674 1034 si
702 972 764 1034 in
803 972 1138 1049 splendore
1169 968 1484 1042 consedit,
1517 977 1644 1030 tum
1682 971 1782 1029 vel
1818 970 2034 1028 eadem
2066 983 2209 1043 spe-

131 1061 256 1121 cies
300 1062 400 1120 vel
433 1059 737 1120 interdum
779 1057 1091 1119 immutata
1134 1053 1412 1116 redditur
1456 1055 1789 1128 [omniaque
1828 1054 2006 1113 huius
2048 1052 2226 1113 mods*

127 1146 462 1206 necessario
488 1145 552 1204 in
585 1146 824 1218 speculo
850 1140 1256 1217 reserunturJ,
1295 1155 1481 1214 quum
1515 1137 1673 1213 ignis
1708 1138 2031 1197 oculorum
2068 1151 2218 1196 cum

130 1244 204 1289 eo
237 1227 411 1304 igne,
467 1225 571 1303 qui
604 1234 701 1287 est
727 1226 808 1288 ob
841 1241 913 1286 os
949 1224 1222 1297 offusuS,
1267 1222 1353 1300 [in
1380 1239 1450 1282 re
1477 1224 1635 1288 laevi
1674 1228 1731 1282 et
1757 1220 2098 1297 splendida]
2138 1235 2220 1280 se

130 1313 411 1373 confudit
460 1317 523 1370 et
566 1309 838 1373 contulit.
909 1310 1139 1370 Dextra
1193 1313 1395 1367 autem
1446 1304 1758 1377 videntur,
1817 1319 1978 1379 quae
2032 1306 2216 1363 laeva

132 1403 301 1470 sunt,
359 1394 503 1471 quia
547 1393 865 1456 contrariis
911 1391 1185 1467 partibus
1231 1392 1551 1451 oculorum
1601 1387 1941 1451 contrarias
1998 1393 2210 1463 partes

132 1478 434 1555 attingunt
464 1478 730 1554 [praeter
755 1493 975 1538 morem
1000 1478 1276 1536 usitatum
1301 1475 1647 1535 adiectionis
1661 1479 1724 1533 et
1748 1469 2222 1546 commissurae}

954 1603 986 1637 *
1362 1602 1394 1637 *

1157 1645 1189 1683 ,ιι

137 1728 542 1803 Respondent
569 1732 770 1786 autem
808 1728 1027 1788 dextra
1058 1728 1322 1802 dextris,
1369 1731 1545 1790 laeva
1573 1727 1764 1789 laevis
1799 1723 2222 1788 conversione

134 1811 455 1882 luminum,
493 1827 679 1887 quum
720 1826 794 1871 ea
819 1810 977 1874 inter
1007 1831 1078 1876 se
1110 1831 1234 1876 non
1267 1814 1737 1875 cohaerescunt.
1811 1812 1878 1871 Id
1909 1809 1993 1881 fit,
2020 1825 2209 1885 quum

134 1898 533 1973 speculorum
564 1894 818 1957 laevitas
866 1896 1008 1959 hinc
1042 1898 1205 1959 illinc
1245 1896 1622 1958 altitudinem
1655 1893 2002 1971 adsumpsit
2033 1901 2098 1954 et
2130 1893 2213 1953 ita

135 1982 354 2042 dextra
403 1978 663 2040 detrusit
710 1978 769 2039 in
836 1981 1073 2043 laevam
1122 1989 1357 2058 partem
1419 1983 1741 2043 oculorum
1798 1980 2100 2053 laevaque
2151 1976 2210 2038 in

134 2065 434 2127 dextram.
522 2063 757 2140 Supina
806 2064 984 2126 etiam
1053 2083 1163 2128 ora
1221 2072 1557 2126 cernuntur
1610 2063 1977 2139 depulsione
2037 2058 2210 2122 lumi-

136 2165 309 2226 num:
371 2157 531 2221 quae
568 2156 940 2211 convertens
983 2149 1277 2212 inferiora
1324 2148 1556 2221 reddit,
1622 2164 1782 2224 quae
1836 2152 1982 2207 sunt
2031 2160 2226 2219 supe-

134 2231 317 2292 riora.
384 2234 592 2306 Atque
629 2231 786 2291 haec
826 2234 1030 2294 omnia
1072 2251 1151 2295 ex
1195 2250 1271 2295 eo
1310 2249 1540 2309 genere
1582 2238 1754 2304 sunt,
1814 2245 1975 2305 quae
2008 2243 2216 2289 rerum-

134 2314 427 2375 adiuvant
479 2329 724 2374 causas·
813 2316 1043 2392 Quibus
1102 2318 1295 2378 utitur
1357 2314 1705 2377 ministeriis
1767 2315 1954 2386 deuS,
2025 2327 2213 2387 quum

137 2396 353 2491 optimi
399 2395 670 2472 speciem
727 2399 896 2471 quod
951 2400 1082 2461 fieri
1140 2407 1352 2477 potest
1391 2399 1598 2462 efficit.
1686 2398 1811 2460 Sed
1865 2395 2222 2458 existimant

134 2482 417 2556 plerique
475 2496 597 2540 non
657 2479 813 2541 haec
869 2482 1220 2546 adiuvantia
1265 2500 1632 2554 cansarum,
1696 2483 1810 2543 sed
1865 2482 1980 2541 has
2040 2480 2218 2556 ipsas

135 2579 280 2624 esse
335 2561 602 2624 omnium
659 2580 911 2639 causas,
973 2584 1133 2644 quae
1177 2568 1300 2628 vim
1354 2568 1620 2628 habeant
1663 2564 1909 2641 frigoris
1943 2571 2020 2624 -et
2055 2565 2217 2625 calo·

135 2647 254 2721 ris,
310 2648 723 2710 concretionis
775 2656 841 2711 et:
884 2650 1181 2728 liquoris»,
1240 2659 1491 2712 careant
1533 2657 1738 2711 autem
1791 2648 1958 2710 omni
2003 2645 2222 2708 intelli·

135 2732 345 2807 gentia
374 2741 559 2808 atque
591 2732 857 2806 ratione,
904 2752 1063 2811 qnae
1091 2735 1209 2795 nisi
1243 2734 1303 2795 in
1334 2734 1534 2796 animo
1565 2735 1732 2795 nulla
1760 2732 1878 2793 alia
1906 2732 1967 2791 in
2001 2740 2221 2791 natura

135 2815 553 2890 reperiantur.
617 2816 878 2879 Animus
927 2826 1131 2880 autem
1169 2835 1422 2882 sensum
1464 2835 1709 2880 omnem
1750 2815 1969 2891 effugit
2009 2816 2219 2876 oculo·

136 2914 290 2958 rum.
363 2903 449 2960 At
475 2899 634 2975 ignis
667 2909 726 2961 et
747 2918 909 2977 aqua
941 2910 1004 2964 et
1031 2902 1232 2962 anima
1260 2910 1332 2963 et
1353 2910 1517 2964 terra
1553 2911 1821 2977 corpora
1854 2906 2220 2973 sunteaque

136 2990 490 3043 cernuntur.
564 2986 739 3044 Illum
768 2992 1000 3059 autem,
1052 2986 1160 3061 qui
1186 2985 1622 3062 intelligentiae
1654 2983 2118 3059 sapientiaeque
2147 2996 2222 3043 sc

135 3073 468 3129 amatorem
517 3068 875 3143 profitetur,
926 3086 1187 3132 necesse
1232 3078 1329 3132 est
1367 3068 1764 3144 intelligentis
1794 3066 2222 3144 sapientisque

136 3159 389 3211 naturae
422 3152 648 3228 primas
679 3156 1335 3229 causasconquirere:
1391 3154 1614 3216 deinde
1650 3154 1960 3214 secundas
1993 3165 2221 3211 causas

138 3248 340 3293 rerum
388 3251 627 3309 earum,
675 3254 833 3311 quae
863 3238 1218 3299 necessario
1252 3245 1505 3300 movent
1544 3236 1748 3309 alias,‘
1776 3236 1949 3311 ipsae
1979 3236 2055 3294 ab
2084 3232 2219 3294 aliis

138 3323 481 3377 moventur.
555 3317 857 3393 Quocirca
886 3321 1064 3382 nobis
1094 3321 1186 3382 sic
1218 3338 1404 3383 cerno
1434 3337 1579 3381 esse
1614 3319 1990 3389 faciendum,
2043 3324 2112 3377 ut
2141 3317 2222 3375 dc

141 3400 405 3469 utroque
438 3416 555 3460 nos
588 3401 835 3475 quidem
880 3402 1155 3466 dicamus
1190 3420 1421 3481 genere
1470 3419 1827 3475 causarum,
1887 3399 2220 3476 separatim
