2381 3723
155 119 283 183 394
577 118 880 179 INCERTI
915 118 1304 179 AUCTORIS
1340 117 1820 179 CONSOLATIO
2159 125 2260 180 nt

156 270 256 334 81.
298 271 430 333 Sed
464 288 588 347 quo
619 270 918 342 rariores,
955 268 1061 345 qui
1088 268 1212 330 hoc
1241 269 1429 330 modo
1460 269 1708 332 animati
1742 268 1894 340 sint,
1927 268 2055 330 hoc
2078 287 2256 345 prae·

157 355 448 416 clariores
508 354 641 414 viri.
728 353 885 414 Nihil
939 351 1098 413 enim
1178 353 1256 411 ad
1309 353 1551 415 laudem
1598 353 1892 414 illustrius
1943 368 2140 427 quam
2200 357 2254 413 in

156 445 470 500 aeternam
519 436 777 514 gloriam
836 442 949 499 aut.
990 435 1048 496 in
1101 436 1334 510 patriae
1371 437 1690 498 utilitatem
1742 436 2084 497 intuentem
2154 446 2256 498 aut

157 524 376 583 saltem
417 522 654 583 fortiter
697 522 950 583 dolores
999 522 1410 598 perferentem
1454 529 1515 582 et
1555 523 1693 581 cum
1738 522 1986 582 fortuna
2014 521 2253 582 luctan-

156 614 277 665 tem
316 605 628 681 negligere
673 605 961 666 humana.
1046 604 1213 679 Quae
1244 603 1349 680 qui
1391 604 1640 666 nimium
1674 611 1919 676 curant,
1973 603 2020 663 ii
2049 605 2250 666 laudis

157 688 459 761 studium,
497 688 720 749 civium
752 690 1112 761 commoda,
1151 689 1420 764 denique
1448 688 1685 762 omnia,
1723 704 1885 763 quae
1916 688 2250 748 laudabilia

157 779 479 848 putantur,
532 788 801 848 prorsus
844 788 880 833 e
923 779 1128 833 mente
1167 788 1242 832 ac
1288 773 1658 849 cogitatione
1698 772 1943 834 eiiciant
1982 788 2246 833 necesse

158 861 272 916 est.
341 855 555 931 Neque
608 855 771 916 enim
821 855 1101 917 humanis
1158 856 1324 917 curis
1375 856 1704 933 implicitus
1752 863 1888 918 toto
1916 856 2126 917 animo
2172 856 2242 915 de

159 940 394 1015 patriae
424 941 623 1001 salute
652 946 839 1015 atque
868 940 1125 1001 utilitate
1170 939 1443 1016 cogitare
1477 947 1584 1001 aut
1618 942 1861 1001 laudem
1905 939 2027 1001 sibi
2078 956 2240 1018 prae·

158 1023 338 1084 claris
370 1023 715 1085 actionibus
745 1040 1109 1101 comparare
1145 1026 1244 1085 vel
1279 1024 1510 1101 egregii
1552 1024 1888 1100 quidquam
1920 1025 2239 1100 suscipere

155 1124 229 1168 ac
279 1107 586 1169 sustinere
638 1117 842 1184 queat.
931 1108 1074 1169 Suis
1130 1115 1333 1170 autem
1387 1109 1729 1171 commodis
1780 1125 1853 1169 ac
1901 1108 2238 1170 rationibus

158 1190 547 1268 prospiciens
595 1199 656 1252 et
696 1194 1032 1255 consulens
1081 1200 1327 1254 caetera
1371 1192 1640 1267 omittet,
1678 1195 1755 1253 de
1801 1209 1872 1254 se
1914 1191 2062 1269 ipso
2114 1193 2237 1252 dies

157 1283 501 1351 noctesque
537 1291 611 1337 co
652 1275 850 1338 itabit.
912 1280 1004 1337 lta
1047 1293 1164 1339 nec
1195 1276 1342 1339 boni
1372 1276 1525 1339 civis
1569 1293 1684 1338 nec
1714 1276 1862 1338 boni
1890 1276 2008 1336 viri
2033 1278 2239 1352 funge-

157 1367 256 1420 tur
295 1359 527 1421 officio.
666 1378 852 1422 onum
884 1362 1046 1422 enim
1081 1361 1282 1422 virum
1312 1362 1495 1422 decet
1547 1363 1625 1421 de
1657 1368 2048 1422 caeterorum
2084 1376 2240 1422 com·

158 1443 359 1504 modis
401 1460 600 1519 aeque
653 1446 935 1508 laborare
981 1462 1054 1506 ae
1101 1446 1181 1506 de
1211 1445 1374 1518 suis,
1426 1446 1655 1506 bonum
1699 1461 1848 1506 vero
1897 1443 2101 1505 civem
2134 1459 2243 1504 sua
2349 1499 2350 1514 ,

155 1527 365 1587 omnia
393 1527 743 1602 posteriora
767 1529 1023 1602 habere,
1065 1529 1300 1604 patriae
1321 1530 1650 1591 commoda
1673 1528 1867 1605 prima
1894 1535 1959 1589 et
1980 1528 2245 1588 maxima

159 1612 417 1684 ducere,
468 1629 506 1671 a
535 1612 759 1687 quibus
790 1627 995 1687 neque
1025 1614 1243 1675 dolore
1280 1628 1485 1688 neque
1517 1615 1642 1676 ulla
1684 1611 1936 1674 omnino
1976 1611 2243 1672 humana

153 1693 339 1754 avelli
393 1695 858 1770 perturbatione
906 1698 1228 1758 debemus.
1316 1697 1531 1758 XXIII.
1578 1696 1678 1757 82.
1765 1695 2065 1756 Periclem
2110 1711 2242 1755 nar·

155 1785 294 1838 rant
329 1777 625 1840 historiae
653 1780 813 1841 intra
844 1781 1252 1857 quadriduum
1286 1781 1532 1842 duobus
1567 1780 1736 1852 filiis,
1768 1778 2035 1840 eximiae
2068 1778 2242 1839 indo-

157 1860 235 1923 lis
272 1864 804 1940 adolescentibuS,
870 1883 1014 1928 esse
1054 1866 1361 1927 orbatum.
1431 1864 1544 1941 Qui
1589 1881 1792 1940 usque
1832 1882 1908 1925 eo
1952 1863 2132 1925 fortis
2170 1878 2243 1922 ac

158 1954 453 2009 constans
500 1948 560 2009 in
611 1951 780 2011 luctu
821 1950 961 2024 luit,
1013 1958 1082 2011 ut
1123 1949 1265 2010 nihil
1305 1966 1568 2026 prorsus
1607 1949 1685 2011 de
1724 1947 1987 2025 pristino
2033 1946 2243 2007 habitu

161 2033 450 2105 cultuque
496 2032 888 2109 deminuerit,
945 2035 1057 2096 sed
1105 2034 1388 2095 eumdem
1440 2050 1624 2109 quem
1675 2040 1858 2093 antea
1907 2031 1970 2091 in
2006 2029 2243 2092 contio·

156 2113 336 2174 nibus
372 2114 673 2179 habendis
706 2136 941 2180 morem
972 2118 1279 2194 ritumque
1308 2117 1572 2179 servarit
1599 2133 1716 2177 nec
1742 2132 2034 2192 umquam
2065 2131 2242 2176 coro-

157 2214 294 2258 nam
330 2215 364 2258 e
399 2199 600 2277 capite
643 2202 1023 2278 deposuerit.
1094 2205 1186 2264 De
1229 2217 1354 2278 quo
1400 2184 1685 2262 traditum
1728 2208 1852 2274 est,
1906 2198 2055 2260 nihil
2100 2214 2242 2258 eum

156 2281 478 2357 putavisse
518 2283 826 2361 indignius
867 2288 1166 2358 futurum,
1222 2302 1404 2362 quam
1449 2285 1500 2347 si
1552 2284 1802 2359 aliquod
1843 2282 2020 2345 fracti
2058 2280 2244 2342 animi

156 2365 398 2440 signum
454 2369 752 2429 maeroris
802 2385 991 2430 causa
1038 2368 1317 2429 muliebri
1359 2386 1542 2431 more
1586 2368 1902 2430 edidisset.
1991 2367 2240 2427 Fortem

108 2478 123 2491 ·
157 2462 309 2508 sane
337 2448 645 2512 hominem
681 2460 742 2513 et
780 2468 1000 2529 magna
1028 2453 1213 2514 laude
1255 2460 1631 2530 aeternaque
1671 2450 1968 2513 memoria
2013 2448 2245 2525 dignis-

155 2530 403 2607 simum,
457 2551 641 2609 quem
682 2553 888 2613 neque
916 2545 1173 2600 naturae
1202 2537 1299 2598 vis
1336 2538 1413 2598 ad
1460 2537 1708 2599 nimium
1738 2550 1930 2611 saepe
1963 2548 2243 2594 amorem

155 2616 406 2679 trahens
441 2620 713 2695 potuerit
745 2622 824 2682 de
855 2629 1018 2683 statu
1048 2620 1365 2683 dimovere
1406 2623 1576 2683 etad
1604 2622 1883 2682 dolorem
1923 2618 2246 2681 abducere

156 2717 272 2760 nec
324 2699 655 2767 liberorum
709 2705 1111 2780 desiderium,
1176 2722 1341 2781 quos
1395 2713 1595 2766 tamen
1654 2719 1894 2765 summe
1942 2702 2246 2764 dilexisse

154 2783 406 2860 dicitur,
462 2791 585 2849 ulia
644 2790 881 2851 ratione
940 2790 1330 2866 perturbarit.
1418 2788 1520 2850 83.
1573 2791 1702 2850 Nec
1760 2787 2026 2848 mirum·
2075 2789 2246 2848 Vera

155 2870 318 2928 enim
356 2871 650 2933 fortitudo
681 2873 896 2935 inanes
932 2873 1377 2936 sollicitudines
1408 2871 1571 2934 eiicit
1597 2889 1671 2933 ac
1701 2870 1986 2949 depellit,
2035 2870 2247 2947 oppri-

156 2951 262 3012 mit
282 2955 669 3031 cupiditates,
702 2958 963 3035 imperat
992 2957 1225 3032 timori,
1260 2956 1401 3020 nihil
1432 2965 1637 3019 autem
1665 2957 1902 3034 appetit
1931 2955 2081 3017 forti
2107 2954 2243 3015 viro

153 3034 469 3113 indignum
500 3057 619 3102 nec
652 3042 727 3100 ab
760 3044 883 3104 ulla
910 3059 979 3102 re
1010 3044 1109 3103 vel
1137 3049 1306 3103 metu
1337 3042 1433 3102 vel
1460 3038 1871 3102 inconstantia
1898 3038 2240 3114 repellitur.

154 3120 231 3180 Et
260 3124 543 3196 quamvis
587 3127 901 3188 excelsam
943 3129 1291 3204 elatamque
1330 3133 1610 3186 naturam
1649 3122 1806 3186 ratio
1845 3121 1987 3200 ipsa
2016 3119 2242 3184 doctri·

155 3218 272 3262 nae
317 3208 671 3285 praeceptis
713 3208 947 3271 imbuta
999 3211 1349 3272 confirmet:
1399 3210 1570 3285 quod
1612 3207 1827 3270 Pericli
1873 3206 2240 3269 doctissimo

156 3284 384 3347 homini
439 3291 832 3366 maximoque
880 3293 1126 3368 ingenio
1166 3292 1450 3369 praedito
1503 3292 1636 3353 sine
1679 3294 1806 3352 ulla
1852 3290 2241 3352 dubitatione

154 3366 492 3443 contigisse
520 3389 782 3445 prorsus
814 3374 957 3434 mibi
989 3377 1368 3451 persuadeo,
1420 3375 1595 3451 ipsae
1627 3383 1828 3436 tamen
1863 3371 2239 3436 fortitudinis
