<?xml version="1.0" encoding="UTF-8"?>
<!DOCTYPE html PUBLIC "-//W3C//DTD XHTML 1.0 Transitional//EN"
    "http://www.w3.org/TR/xhtml1/DTD/xhtml1-transitional.dtd">
<html xmlns="http://www.w3.org/1999/xhtml" xml:lang="en" lang="en">
 <head>
  <title>
</title>
<meta http-equiv="Content-Type" content="text/html;charset=utf-8" />
  <meta name='ocr-system' content='tesseract 3.04.00' />
  <meta name='ocr-capabilities' content='ocr_page ocr_carea ocr_par ocr_line ocrx_word'/>
</head>
<body>
  <div class='ocr_page' id='page_1' title='image "./scriptaquaemans01wesegoog_0107.png"; bbox 0 0 2381 3723; ppageno 0'>
   <div class='ocr_carea' id='block_1_1' title="bbox 716 125 2278 198">
    <p class='ocr_par' dir='ltr' id='par_1_1' title="bbox 716 125 2278 198">
     <span class='ocr_line' id='line_1_1' title="bbox 716 125 2278 198; baseline 0.004 -11"><span class='ocrx_word' id='word_1_1' title='bbox 716 125 989 188; x_wconf 84' lang='lat' dir='ltr'><strong>LIB.111.</strong></span> <span class='ocrx_word' id='word_1_2' title='bbox 1037 127 1203 186; x_wconf 86' lang='lat' dir='ltr'><strong>CAP.</strong></span> <span class='ocrx_word' id='word_1_3' title='bbox 1235 137 1288 190; x_wconf 76' lang='lat'><strong>4.</strong></span> <span class='ocrx_word' id='word_1_4' title='bbox 1319 140 1374 191; x_wconf 81' lang='lat'><strong>5.</strong></span> <span class='ocrx_word' id='word_1_5' title='bbox 1420 137 1471 198; x_wconf 77' lang='lat' dir='ltr'><strong>s.</strong></span> <span class='ocrx_word' id='word_1_6' title='bbox 1509 137 1766 195; x_wconf 67' lang='lat'><strong>17—24.</strong></span> <span class='ocrx_word' id='word_1_7' title='bbox 2197 129 2278 193; x_wconf 83' lang='grc'><strong>85</strong></span> 
     </span>
    </p>
   </div>
   <div class='ocr_carea' id='block_1_2' title="bbox 194 274 2337 3455">
    <p class='ocr_par' dir='ltr' id='par_1_2' title="bbox 194 274 2337 3455">
     <span class='ocr_line' id='line_1_2' title="bbox 204 274 2281 358; baseline 0.001 -19"><span class='ocrx_word' id='word_1_8' title='bbox 204 283 384 339; x_wconf 86' lang='lat' dir='ltr'><strong>erant</strong></span> <span class='ocrx_word' id='word_1_9' title='bbox 426 274 532 353; x_wconf 88' lang='lat' dir='ltr'><strong>qui</strong></span> <span class='ocrx_word' id='word_1_10' title='bbox 570 276 955 350; x_wconf 84' lang='lat' dir='ltr'><strong>Academici,</strong></span> <span class='ocrx_word' id='word_1_11' title='bbox 1009 295 1169 354; x_wconf 90' lang='lat' dir='ltr'><strong>quae</strong></span> <span class='ocrx_word' id='word_1_12' title='bbox 1211 279 1473 340; x_wconf 87' lang='lat' dir='ltr'><strong>honesta</strong></span> <span class='ocrx_word' id='word_1_13' title='bbox 1506 287 1651 340; x_wconf 88' lang='lat' dir='ltr'><strong>sunt</strong></span> <span class='ocrx_word' id='word_1_14' title='bbox 1703 287 2159 358; x_wconf 90' lang='lat' dir='ltr'><strong>anteponuntur</strong></span> <span class='ocrx_word' id='word_1_15' title='bbox 2189 279 2281 354; x_wconf 89' lang='lat' dir='ltr'><strong>iis,</strong></span> 
     </span>
     <span class='ocr_line' id='line_1_3' title="bbox 207 359 2280 439; baseline 0.001 -18"><span class='ocrx_word' id='word_1_16' title='bbox 207 376 371 437; x_wconf 88' lang='lat' dir='ltr'><strong>quae</strong></span> <span class='ocrx_word' id='word_1_17' title='bbox 393 359 679 421; x_wconf 85' lang='lat' dir='ltr'><strong>videntur</strong></span> <span class='ocrx_word' id='word_1_18' title='bbox 699 359 884 434; x_wconf 90' lang='lat' dir='ltr'><strong>utilia,</strong></span> <span class='ocrx_word' id='word_1_19' title='bbox 918 369 1119 422; x_wconf 89' lang='lat' dir='ltr'><strong>tamen</strong></span> <span class='ocrx_word' id='word_1_20' title='bbox 1146 362 1529 439; x_wconf 85' lang='lat' dir='ltr'><strong>splendidius</strong></span> <span class='ocrx_word' id='word_1_21' title='bbox 1559 363 1712 423; x_wconf 89' lang='lat' dir='ltr'><strong>haec</strong></span> <span class='ocrx_word' id='word_1_22' title='bbox 1736 365 1813 424; x_wconf 89' lang='lat' dir='ltr'><strong>ab</strong></span> <span class='ocrx_word' id='word_1_23' title='bbox 1843 364 1934 424; x_wconf 89' lang='lat' dir='ltr'><strong>eis</strong></span> <span class='ocrx_word' id='word_1_24' title='bbox 1969 365 2280 424; x_wconf 91' lang='lat' dir='ltr'><strong>disserun-</strong></span> 
     </span>
     <span class='ocr_line' id='line_1_4' title="bbox 208 442 2284 521; baseline -0 -15"><span class='ocrx_word' id='word_1_25' title='bbox 208 454 322 518; x_wconf 87' lang='lat' dir='ltr'><strong>tur,</strong></span> <span class='ocrx_word' id='word_1_26' title='bbox 339 442 582 519; x_wconf 87' lang='lat' dir='ltr'><strong>quibus,</strong></span> <span class='ocrx_word' id='word_1_27' title='bbox 609 442 906 520; x_wconf 89' lang='lat' dir='ltr'><strong>quidquid</strong></span> <span class='ocrx_word' id='word_1_28' title='bbox 925 445 1252 506; x_wconf 90' lang='lat' dir='ltr'><strong>honestum</strong></span> <span class='ocrx_word' id='word_1_29' title='bbox 1276 453 1390 521; x_wconf 88' lang='lat' dir='ltr'><strong>est,</strong></span> <span class='ocrx_word' id='word_1_30' title='bbox 1400 446 1564 507; x_wconf 91' lang='lat' dir='ltr'><strong>idem</strong></span> <span class='ocrx_word' id='word_1_31' title='bbox 1577 446 1724 507; x_wconf 85' lang='lat' dir='ltr'><strong>utile</strong></span> <span class='ocrx_word' id='word_1_32' title='bbox 1746 447 1992 508; x_wconf 87' lang='lat' dir='ltr'><strong>videtur</strong></span> <span class='ocrx_word' id='word_1_33' title='bbox 2006 464 2121 507; x_wconf 92' lang='lat' dir='ltr'><strong>nec</strong></span> <span class='ocrx_word' id='word_1_34' title='bbox 2138 445 2284 507; x_wconf 87' lang='lat' dir='ltr'><strong>utile</strong></span> 
     </span>
     <span class='ocr_line' id='line_1_5' title="bbox 207 528 2284 607; baseline 0 -18"><span class='ocrx_word' id='word_1_35' title='bbox 207 528 543 604; x_wconf 84' lang='lat' dir='ltr'><strong>quidquam</strong></span> <span class='ocrx_word' id='word_1_36' title='bbox 598 529 767 602; x_wconf 90' lang='lat' dir='ltr'><strong>quod</strong></span> <span class='ocrx_word' id='word_1_37' title='bbox 816 545 937 589; x_wconf 90' lang='lat' dir='ltr'><strong>non</strong></span> <span class='ocrx_word' id='word_1_38' title='bbox 991 528 1346 603; x_wconf 87' lang='lat' dir='ltr'><strong>honestum,</strong></span> <span class='ocrx_word' id='word_1_39' title='bbox 1398 548 1579 607; x_wconf 90' lang='lat' dir='ltr'><strong>quam</strong></span> <span class='ocrx_word' id='word_1_40' title='bbox 1621 532 1697 591; x_wconf 91' lang='lat' dir='ltr'><strong>ab</strong></span> <span class='ocrx_word' id='word_1_41' title='bbox 1738 531 1841 605; x_wconf 91' lang='lat' dir='ltr'><strong>iis,</strong></span> <span class='ocrx_word' id='word_1_42' title='bbox 1906 531 2128 606; x_wconf 88' lang='lat' dir='ltr'><strong>quibus</strong></span> <span class='ocrx_word' id='word_1_43' title='bbox 2179 538 2284 590; x_wconf 91' lang='lat' dir='ltr'><strong>aut</strong></span> 
     </span>
     <span class='ocr_line' id='line_1_6' title="bbox 201 610 2280 687; baseline 0 -15"><span class='ocrx_word' id='word_1_44' title='bbox 201 614 535 674; x_wconf 87' lang='lat' dir='ltr'><strong>honestum</strong></span> <span class='ocrx_word' id='word_1_45' title='bbox 579 610 805 687; x_wconf 89' lang='lat' dir='ltr'><strong>aliquid</strong></span> <span class='ocrx_word' id='word_1_46' title='bbox 849 629 972 673; x_wconf 91' lang='lat' dir='ltr'><strong>non</strong></span> <span class='ocrx_word' id='word_1_47' title='bbox 1003 613 1150 673; x_wconf 89' lang='lat' dir='ltr'><strong>utile</strong></span> <span class='ocrx_word' id='word_1_48' title='bbox 1192 623 1296 675; x_wconf 85' lang='lat' dir='ltr'><strong>aut</strong></span> <span class='ocrx_word' id='word_1_49' title='bbox 1323 615 1470 675; x_wconf 88' lang='lat' dir='ltr'><strong>utile</strong></span> <span class='ocrx_word' id='word_1_50' title='bbox 1511 632 1633 675; x_wconf 93' lang='lat' dir='ltr'><strong>non</strong></span> <span class='ocrx_word' id='word_1_51' title='bbox 1668 617 2015 677; x_wconf 88' lang='lat' dir='ltr'><strong>honestum.</strong></span> <span class='ocrx_word' id='word_1_52' title='bbox 2092 612 2280 674; x_wconf 90' lang='lat' dir='ltr'><strong>Nobis</strong></span> 
     </span>
     <span class='ocr_line' id='line_1_7' title="bbox 206 696 2281 774; baseline 0.001 -19"><span class='ocrx_word' id='word_1_53' title='bbox 206 704 411 757; x_wconf 88' lang='lat' dir='ltr'><strong>autem</strong></span> <span class='ocrx_word' id='word_1_54' title='bbox 452 702 669 756; x_wconf 89' lang='lat' dir='ltr'><strong>nostra</strong></span> <span class='ocrx_word' id='word_1_55' title='bbox 709 696 1043 756; x_wconf 83' lang='lat' dir='ltr'><strong>Academia</strong></span> <span class='ocrx_word' id='word_1_56' title='bbox 1081 714 1365 774; x_wconf 90' lang='lat' dir='ltr'><strong>magnam</strong></span> <span class='ocrx_word' id='word_1_57' title='bbox 1410 698 1709 759; x_wconf 77' lang='lat' dir='ltr'><strong>licentiam</strong></span> <span class='ocrx_word' id='word_1_58' title='bbox 1750 701 1882 773; x_wconf 91' lang='lat' dir='ltr'><strong>dat,</strong></span> <span class='ocrx_word' id='word_1_59' title='bbox 1936 708 2030 772; x_wconf 90' lang='lat' dir='ltr'><strong>ut,</strong></span> <span class='ocrx_word' id='word_1_60' title='bbox 2087 699 2281 774; x_wconf 90' lang='lat' dir='ltr'><strong>quod-</strong></span> 
     </span>
     <span class='ocr_line' id='line_1_8' title="bbox 206 778 2282 856; baseline 0.001 -16"><span class='ocrx_word' id='word_1_61' title='bbox 206 796 475 855; x_wconf 89' lang='lat' dir='ltr'><strong>cumque</strong></span> <span class='ocrx_word' id='word_1_62' title='bbox 522 778 783 840; x_wconf 87' lang='lat' dir='ltr'><strong>maxime</strong></span> <span class='ocrx_word' id='word_1_63' title='bbox 828 780 1143 856; x_wconf 85' lang='lat' dir='ltr'><strong>probabile</strong></span> <span class='ocrx_word' id='word_1_64' title='bbox 1200 792 1511 856; x_wconf 88' lang='lat' dir='ltr'><strong>occurrat,</strong></span> <span class='ocrx_word' id='word_1_65' title='bbox 1566 782 1629 843; x_wconf 91' lang='lat' dir='ltr'><strong>id</strong></span> <span class='ocrx_word' id='word_1_66' title='bbox 1669 792 1882 846; x_wconf 90' lang='lat' dir='ltr'><strong>nostro</strong></span> <span class='ocrx_word' id='word_1_67' title='bbox 1925 783 2057 845; x_wconf 91' lang='lat' dir='ltr'><strong>iure</strong></span> <span class='ocrx_word' id='word_1_68' title='bbox 2102 782 2282 843; x_wconf 88' lang='lat' dir='ltr'><strong>liceat</strong></span> 
     </span>
     <span class='ocr_line' id='line_1_9' title="bbox 206 864 2280 949; baseline 0.001 -25"><span class='ocrx_word' id='word_1_69' title='bbox 206 864 561 925; x_wconf 83' lang='lat' dir='ltr'><strong>defendere.</strong></span> <span class='ocrx_word' id='word_1_70' title='bbox 649 864 773 925; x_wconf 91' lang='lat' dir='ltr'><strong>Sed</strong></span> <span class='ocrx_word' id='word_1_71' title='bbox 826 864 1015 949; x_wconf 82' lang='lat' dir='ltr'><strong>redeo</strong></span> <span class='ocrx_word' id='word_1_72' title='bbox 1068 865 1148 925; x_wconf 92' lang='lat' dir='ltr'><strong>ad</strong></span> <span class='ocrx_word' id='word_1_73' title='bbox 1203 867 1541 927; x_wconf 83' lang='lat' dir='ltr'><strong>formulam.</strong></span> <span class='ocrx_word' id='word_1_74' title='bbox 1630 867 1704 925; x_wconf 87' lang='lat' dir='ltr'><strong>V.</strong></span> <span class='ocrx_word' id='word_1_75' title='bbox 1761 866 1860 926; x_wconf 86' lang='lat'><strong>21.</strong></span> <span class='ocrx_word' id='word_1_76' title='bbox 1947 866 2280 928; x_wconf 79' lang='lat' dir='ltr'><strong>Detrahere</strong></span> 
     </span>
     <span class='ocr_line' id='line_1_10' title="bbox 203 945 2275 1024; baseline -0 -16"><span class='ocrx_word' id='word_1_77' title='bbox 203 946 390 1024; x_wconf 88' lang='lat' dir='ltr'><strong>igitur</strong></span> <span class='ocrx_word' id='word_1_78' title='bbox 431 945 604 1007; x_wconf 90' lang='lat' dir='ltr'><strong>alteri</strong></span> <span class='ocrx_word' id='word_1_79' title='bbox 643 946 870 1024; x_wconf 90' lang='lat' dir='ltr'><strong>aliquid</strong></span> <span class='ocrx_word' id='word_1_80' title='bbox 914 957 976 1008; x_wconf 92' lang='lat' dir='ltr'><strong>et</strong></span> <span class='ocrx_word' id='word_1_81' title='bbox 1014 948 1324 1010; x_wconf 90' lang='lat' dir='ltr'><strong>hominem</strong></span> <span class='ocrx_word' id='word_1_82' title='bbox 1367 948 1629 1011; x_wconf 88' lang='lat' dir='ltr'><strong>hominis</strong></span> <span class='ocrx_word' id='word_1_83' title='bbox 1666 949 2059 1011; x_wconf 90' lang='lat' dir='ltr'><strong>incommodo</strong></span> <span class='ocrx_word' id='word_1_84' title='bbox 2099 967 2275 1010; x_wconf 90' lang='lat' dir='ltr'><strong>suum</strong></span> 
     </span>
     <span class='ocr_line' id='line_1_11' title="bbox 206 1031 2277 1109; baseline 0 -17"><span class='ocrx_word' id='word_1_85' title='bbox 206 1031 601 1093; x_wconf 89' lang='lat' dir='ltr'><strong>commodum</strong></span> <span class='ocrx_word' id='word_1_86' title='bbox 643 1047 872 1106; x_wconf 86' lang='lat' dir='ltr'><strong>augere</strong></span> <span class='ocrx_word' id='word_1_87' title='bbox 908 1031 1102 1108; x_wconf 90' lang='lat' dir='ltr'><strong>magis</strong></span> <span class='ocrx_word' id='word_1_88' title='bbox 1145 1040 1245 1094; x_wconf 92' lang='lat' dir='ltr'><strong>est</strong></span> <span class='ocrx_word' id='word_1_89' title='bbox 1283 1040 1499 1094; x_wconf 90' lang='lat' dir='ltr'><strong>contra</strong></span> <span class='ocrx_word' id='word_1_90' title='bbox 1532 1041 1811 1095; x_wconf 90' lang='lat' dir='ltr'><strong>naturam</strong></span> <span class='ocrx_word' id='word_1_91' title='bbox 1862 1050 2045 1109; x_wconf 89' lang='lat' dir='ltr'><strong>quam</strong></span> <span class='ocrx_word' id='word_1_92' title='bbox 2089 1050 2277 1104; x_wconf 81' lang='lat' dir='ltr'><strong>morS,</strong></span> 
     </span>
     <span class='ocr_line' id='line_1_12' title="bbox 206 1117 2280 1193; baseline -0.001 -17"><span class='ocrx_word' id='word_1_93' title='bbox 206 1131 392 1191; x_wconf 90' lang='lat' dir='ltr'><strong>quam</strong></span> <span class='ocrx_word' id='word_1_94' title='bbox 426 1121 793 1191; x_wconf 82' lang='lat' dir='ltr'><strong>paupertas,</strong></span> <span class='ocrx_word' id='word_1_95' title='bbox 842 1132 1025 1192; x_wconf 90' lang='lat' dir='ltr'><strong>quam</strong></span> <span class='ocrx_word' id='word_1_96' title='bbox 1056 1117 1261 1190; x_wconf 89' lang='lat' dir='ltr'><strong>dolor,</strong></span> <span class='ocrx_word' id='word_1_97' title='bbox 1295 1134 1478 1191; x_wconf 89' lang='lat' dir='ltr'><strong>quam</strong></span> <span class='ocrx_word' id='word_1_98' title='bbox 1515 1124 1782 1189; x_wconf 89' lang='lat' dir='ltr'><strong>caetera,</strong></span> <span class='ocrx_word' id='word_1_99' title='bbox 1823 1133 1982 1192; x_wconf 89' lang='lat' dir='ltr'><strong>quae</strong></span> <span class='ocrx_word' id='word_1_100' title='bbox 2016 1124 2280 1193; x_wconf 90' lang='lat' dir='ltr'><strong>possunt</strong></span> 
     </span>
     <span class='ocr_line' id='line_1_13' title="bbox 203 1198 2278 1276; baseline -0 -17"><span class='ocrx_word' id='word_1_101' title='bbox 203 1207 312 1260; x_wconf 89' lang='lat' dir='ltr'><strong>aut</strong></span> <span class='ocrx_word' id='word_1_102' title='bbox 338 1198 587 1274; x_wconf 87' lang='lat' dir='ltr'><strong>corpori</strong></span> <span class='ocrx_word' id='word_1_103' title='bbox 618 1198 899 1260; x_wconf 89' lang='lat' dir='ltr'><strong>accidere</strong></span> <span class='ocrx_word' id='word_1_104' title='bbox 928 1210 1032 1260; x_wconf 90' lang='lat' dir='ltr'><strong>aut</strong></span> <span class='ocrx_word' id='word_1_105' title='bbox 1061 1201 1249 1261; x_wconf 89' lang='lat' dir='ltr'><strong>rebus</strong></span> <span class='ocrx_word' id='word_1_106' title='bbox 1280 1201 1572 1262; x_wconf 89' lang='lat' dir='ltr'><strong>externis.</strong></span> <span class='ocrx_word' id='word_1_107' title='bbox 1655 1201 1804 1261; x_wconf 90' lang='lat' dir='ltr'><strong>Nam</strong></span> <span class='ocrx_word' id='word_1_108' title='bbox 1832 1199 2134 1276; x_wconf 91' lang='lat' dir='ltr'><strong>principio</strong></span> <span class='ocrx_word' id='word_1_109' title='bbox 2167 1201 2278 1259; x_wconf 91' lang='lat' dir='ltr'><strong>tol-</strong></span> 
     </span>
     <span class='ocr_line' id='line_1_14' title="bbox 203 1281 2277 1345; baseline 0 -3"><span class='ocrx_word' id='word_1_110' title='bbox 203 1285 272 1342; x_wconf 90' lang='lat' dir='ltr'><strong>lit</strong></span> <span class='ocrx_word' id='word_1_111' title='bbox 304 1281 649 1344; x_wconf 85' lang='lat' dir='ltr'><strong>convictum</strong></span> <span class='ocrx_word' id='word_1_112' title='bbox 697 1283 1025 1344; x_wconf 87' lang='lat' dir='ltr'><strong>humanum</strong></span> <span class='ocrx_word' id='word_1_113' title='bbox 1055 1291 1119 1344; x_wconf 89' lang='lat' dir='ltr'><strong>et</strong></span> <span class='ocrx_word' id='word_1_114' title='bbox 1164 1283 1544 1345; x_wconf 86' lang='lat' dir='ltr'><strong>societatem.</strong></span> <span class='ocrx_word' id='word_1_115' title='bbox 1620 1283 1684 1344; x_wconf 90' lang='lat' dir='ltr'><strong>Si</strong></span> <span class='ocrx_word' id='word_1_116' title='bbox 1721 1282 1878 1344; x_wconf 87' lang='lat' dir='ltr'><strong>enim</strong></span> <span class='ocrx_word' id='word_1_117' title='bbox 1917 1282 2008 1344; x_wconf 87' lang='lat' dir='ltr'><strong>sic</strong></span> <span class='ocrx_word' id='word_1_118' title='bbox 2054 1282 2277 1343; x_wconf 88' lang='lat' dir='ltr'><strong>erimus</strong></span> 
     </span>
     <span class='ocr_line' id='line_1_15' title="bbox 206 1366 2281 1444; baseline -0.002 -17"><span class='ocrx_word' id='word_1_119' title='bbox 206 1366 462 1438; x_wconf 68' lang='lat' dir='ltr'><strong>adfecti,</strong></span> <span class='ocrx_word' id='word_1_120' title='bbox 505 1374 575 1426; x_wconf 90' lang='lat' dir='ltr'><strong>ut</strong></span> <span class='ocrx_word' id='word_1_121' title='bbox 602 1374 857 1442; x_wconf 91' lang='lat' dir='ltr'><strong>propter</strong></span> <span class='ocrx_word' id='word_1_122' title='bbox 882 1384 1060 1428; x_wconf 91' lang='lat' dir='ltr'><strong>suum</strong></span> <span class='ocrx_word' id='word_1_123' title='bbox 1099 1368 1362 1444; x_wconf 88' lang='lat' dir='ltr'><strong>quisque</strong></span> <span class='ocrx_word' id='word_1_124' title='bbox 1403 1370 1877 1429; x_wconf 87' lang='lat' dir='ltr'><strong>emolumentum</strong></span> <span class='ocrx_word' id='word_1_125' title='bbox 1921 1366 2149 1442; x_wconf 90' lang='lat' dir='ltr'><strong>spoliet</strong></span> <span class='ocrx_word' id='word_1_126' title='bbox 2176 1374 2281 1425; x_wconf 88' lang='lat' dir='ltr'><strong>aut</strong></span> 
     </span>
     <span class='ocr_line' id='line_1_16' title="bbox 203 1449 2280 1527; baseline 0 -19"><span class='ocrx_word' id='word_1_127' title='bbox 203 1450 395 1511; x_wconf 88' lang='lat' dir='ltr'><strong>violet</strong></span> <span class='ocrx_word' id='word_1_128' title='bbox 426 1451 713 1524; x_wconf 90' lang='lat' dir='ltr'><strong>alterum,</strong></span> <span class='ocrx_word' id='word_1_129' title='bbox 756 1449 1054 1526; x_wconf 87' lang='lat' dir='ltr'><strong>disrumpi</strong></span> <span class='ocrx_word' id='word_1_130' title='bbox 1086 1468 1347 1513; x_wconf 88' lang='lat' dir='ltr'><strong>necesse</strong></span> <span class='ocrx_word' id='word_1_131' title='bbox 1377 1460 1474 1513; x_wconf 91' lang='lat' dir='ltr'><strong>est</strong></span> <span class='ocrx_word' id='word_1_132' title='bbox 1503 1469 1666 1525; x_wconf 88' lang='lat' dir='ltr'><strong>eam,</strong></span> <span class='ocrx_word' id='word_1_133' title='bbox 1702 1468 1860 1527; x_wconf 89' lang='lat' dir='ltr'><strong>quae</strong></span> <span class='ocrx_word' id='word_1_134' title='bbox 1891 1449 2155 1510; x_wconf 88' lang='lat' dir='ltr'><strong>maxime</strong></span> <span class='ocrx_word' id='word_1_135' title='bbox 2186 1457 2280 1509; x_wconf 90' lang='lat' dir='ltr'><strong>est</strong></span> 
     </span>
     <span class='ocr_line' id='line_1_17' title="bbox 204 1534 2273 1610; baseline 0 -16"><span class='ocrx_word' id='word_1_136' title='bbox 204 1534 547 1595; x_wconf 89' lang='lat' dir='ltr'><strong>secundum</strong></span> <span class='ocrx_word' id='word_1_137' title='bbox 597 1543 905 1607; x_wconf 89' lang='lat' dir='ltr'><strong>naturam,</strong></span> <span class='ocrx_word' id='word_1_138' title='bbox 969 1535 1214 1596; x_wconf 90' lang='lat' dir='ltr'><strong>humani</strong></span> <span class='ocrx_word' id='word_1_139' title='bbox 1263 1537 1507 1610; x_wconf 87' lang='lat' dir='ltr'><strong>generis</strong></span> <span class='ocrx_word' id='word_1_140' title='bbox 1560 1536 1936 1598; x_wconf 87' lang='lat' dir='ltr'><strong>societatem.</strong></span> <span class='ocrx_word' id='word_1_141' title='bbox 2027 1534 2125 1593; x_wconf 87' lang='lat'><strong>22.</strong></span> <span class='ocrx_word' id='word_1_142' title='bbox 2183 1535 2273 1603; x_wconf 79' lang='lat' dir='ltr'><strong>Ut,</strong></span> 
     </span>
     <span class='ocr_line' id='line_1_18' title="bbox 203 1617 2277 1694; baseline -0 -16"><span class='ocrx_word' id='word_1_143' title='bbox 203 1617 257 1678; x_wconf 93' lang='lat' dir='ltr'><strong>si</strong></span> <span class='ocrx_word' id='word_1_144' title='bbox 284 1635 478 1678; x_wconf 91' lang='lat' dir='ltr'><strong>unum</strong></span> <span class='ocrx_word' id='word_1_145' title='bbox 509 1619 804 1694; x_wconf 90' lang='lat' dir='ltr'><strong>quodque</strong></span> <span class='ocrx_word' id='word_1_146' title='bbox 834 1621 1172 1680; x_wconf 90' lang='lat' dir='ltr'><strong>membrum</strong></span> <span class='ocrx_word' id='word_1_147' title='bbox 1197 1636 1445 1680; x_wconf 87' lang='lat' dir='ltr'><strong>sensum</strong></span> <span class='ocrx_word' id='word_1_148' title='bbox 1473 1621 1635 1680; x_wconf 88' lang='lat' dir='ltr'><strong>hunc</strong></span> <span class='ocrx_word' id='word_1_149' title='bbox 1665 1619 1947 1693; x_wconf 89' lang='lat' dir='ltr'><strong>haberet,</strong></span> <span class='ocrx_word' id='word_1_150' title='bbox 1991 1625 2059 1679; x_wconf 93' lang='lat' dir='ltr'><strong>ut</strong></span> <span class='ocrx_word' id='word_1_151' title='bbox 2082 1635 2277 1694; x_wconf 78' lang='lat' dir='ltr'><strong>posse</strong></span> 
     </span>
     <span class='ocr_line' id='line_1_19' title="bbox 202 1702 2274 1779; baseline -0.001 -16"><span class='ocrx_word' id='word_1_152' title='bbox 202 1709 450 1777; x_wconf 90' lang='lat' dir='ltr'><strong>putaret</strong></span> <span class='ocrx_word' id='word_1_153' title='bbox 501 1717 570 1762; x_wconf 89' lang='lat' dir='ltr'><strong>se</strong></span> <span class='ocrx_word' id='word_1_154' title='bbox 614 1703 847 1775; x_wconf 87' lang='lat' dir='ltr'><strong>valere,</strong></span> <span class='ocrx_word' id='word_1_155' title='bbox 903 1702 956 1763; x_wconf 90' lang='lat' dir='ltr'><strong>si</strong></span> <span class='ocrx_word' id='word_1_156' title='bbox 995 1702 1261 1779; x_wconf 87' lang='lat' dir='ltr'><strong>proximi</strong></span> <span class='ocrx_word' id='word_1_157' title='bbox 1315 1703 1565 1765; x_wconf 86' lang='lat' dir='ltr'><strong>membri</strong></span> <span class='ocrx_word' id='word_1_158' title='bbox 1611 1703 2023 1764; x_wconf 86' lang='lat' dir='ltr'><strong>valetudinem</strong></span> <span class='ocrx_word' id='word_1_159' title='bbox 2075 1704 2153 1762; x_wconf 90' lang='lat' dir='ltr'><strong>ad</strong></span> <span class='ocrx_word' id='word_1_160' title='bbox 2208 1717 2274 1760; x_wconf 91' lang='lat' dir='ltr'><strong>se</strong></span> 
     </span>
     <span class='ocr_line' id='line_1_20' title="bbox 197 1784 2271 1865; baseline 0 -20"><span class='ocrx_word' id='word_1_161' title='bbox 197 1784 610 1863; x_wconf 81' lang='lat' dir='ltr'><strong>traduxisset,</strong></span> <span class='ocrx_word' id='word_1_162' title='bbox 644 1784 941 1846; x_wconf 89' lang='lat' dir='ltr'><strong>debilitari</strong></span> <span class='ocrx_word' id='word_1_163' title='bbox 964 1794 1026 1847; x_wconf 90' lang='lat' dir='ltr'><strong>et</strong></span> <span class='ocrx_word' id='word_1_164' title='bbox 1052 1786 1299 1849; x_wconf 90' lang='lat' dir='ltr'><strong>interire</strong></span> <span class='ocrx_word' id='word_1_165' title='bbox 1321 1795 1516 1849; x_wconf 92' lang='lat' dir='ltr'><strong>totum</strong></span> <span class='ocrx_word' id='word_1_166' title='bbox 1542 1805 1768 1865; x_wconf 88' lang='lat' dir='ltr'><strong>corpus</strong></span> <span class='ocrx_word' id='word_1_167' title='bbox 1793 1803 2056 1848; x_wconf 89' lang='lat' dir='ltr'><strong>necesse</strong></span> <span class='ocrx_word' id='word_1_168' title='bbox 2088 1793 2271 1858; x_wconf 81' lang='lat' dir='ltr'><strong>esset,</strong></span> 
     </span>
     <span class='ocr_line' id='line_1_21' title="bbox 202 1869 2273 1948; baseline -0.002 -17"><span class='ocrx_word' id='word_1_169' title='bbox 202 1869 326 1943; x_wconf 88' lang='lat' dir='ltr'><strong>sic,</strong></span> <span class='ocrx_word' id='word_1_170' title='bbox 359 1870 414 1931; x_wconf 93' lang='lat' dir='ltr'><strong>si</strong></span> <span class='ocrx_word' id='word_1_171' title='bbox 444 1887 604 1932; x_wconf 93' lang='lat' dir='ltr'><strong>unus</strong></span> <span class='ocrx_word' id='word_1_172' title='bbox 638 1870 899 1946; x_wconf 90' lang='lat' dir='ltr'><strong>quisque</strong></span> <span class='ocrx_word' id='word_1_173' title='bbox 929 1881 1210 1932; x_wconf 88' lang='lat' dir='ltr'><strong>nostrum</strong></span> <span class='ocrx_word' id='word_1_174' title='bbox 1236 1874 1314 1932; x_wconf 90' lang='lat' dir='ltr'><strong>ad</strong></span> <span class='ocrx_word' id='word_1_175' title='bbox 1340 1890 1410 1933; x_wconf 93' lang='lat' dir='ltr'><strong>se</strong></span> <span class='ocrx_word' id='word_1_176' title='bbox 1439 1872 1637 1948; x_wconf 87' lang='lat' dir='ltr'><strong>rapiat</strong></span> <span class='ocrx_word' id='word_1_177' title='bbox 1665 1872 1990 1932; x_wconf 90' lang='lat' dir='ltr'><strong>commoda</strong></span> <span class='ocrx_word' id='word_1_178' title='bbox 2018 1869 2273 1931; x_wconf 90' lang='lat' dir='ltr'><strong>aliorum</strong></span> 
     </span>
     <span class='ocr_line' id='line_1_22' title="bbox 201 1952 2275 2031; baseline -0.001 -18"><span class='ocrx_word' id='word_1_179' title='bbox 201 1953 611 2029; x_wconf 87' lang='lat' dir='ltr'><strong>detrahatque</strong></span> <span class='ocrx_word' id='word_1_180' title='bbox 655 1955 822 2030; x_wconf 92' lang='lat' dir='ltr'><strong>quod</strong></span> <span class='ocrx_word' id='word_1_181' title='bbox 858 1954 1079 2031; x_wconf 92' lang='lat' dir='ltr'><strong>cuique</strong></span> <span class='ocrx_word' id='word_1_182' title='bbox 1119 1955 1321 2031; x_wconf 86' lang='lat' dir='ltr'><strong>possit</strong></span> <span class='ocrx_word' id='word_1_183' title='bbox 1359 1954 1750 2016; x_wconf 90' lang='lat' dir='ltr'><strong>emolumenti</strong></span> <span class='ocrx_word' id='word_1_184' title='bbox 1780 1953 1875 2014; x_wconf 90' lang='lat' dir='ltr'><strong>sui</strong></span> <span class='ocrx_word' id='word_1_185' title='bbox 1904 1952 2125 2029; x_wconf 87' lang='lat' dir='ltr'><strong>gratia,</strong></span> <span class='ocrx_word' id='word_1_186' title='bbox 2179 1969 2275 2012; x_wconf 87' lang='lat' dir='ltr'><strong>so-</strong></span> 
     </span>
     <span class='ocr_line' id='line_1_23' title="bbox 201 2035 2275 2100; baseline -0.002 -3"><span class='ocrx_word' id='word_1_187' title='bbox 201 2037 394 2098; x_wconf 87' lang='lat' dir='ltr'><strong>cietas</strong></span> <span class='ocrx_word' id='word_1_188' title='bbox 430 2036 741 2098; x_wconf 89' lang='lat' dir='ltr'><strong>hominum</strong></span> <span class='ocrx_word' id='word_1_189' title='bbox 781 2046 843 2099; x_wconf 91' lang='lat' dir='ltr'><strong>et</strong></span> <span class='ocrx_word' id='word_1_190' title='bbox 870 2038 1274 2100; x_wconf 89' lang='lat' dir='ltr'><strong>communitas</strong></span> <span class='ocrx_word' id='word_1_191' title='bbox 1306 2045 1616 2099; x_wconf 87' lang='lat' dir='ltr'><strong>evertatur</strong></span> <span class='ocrx_word' id='word_1_192' title='bbox 1646 2053 1907 2098; x_wconf 87' lang='lat' dir='ltr'><strong>necesse</strong></span> <span class='ocrx_word' id='word_1_193' title='bbox 1939 2043 2053 2096; x_wconf 90' lang='lat' dir='ltr'><strong>est.</strong></span> <span class='ocrx_word' id='word_1_194' title='bbox 2126 2035 2275 2093; x_wconf 91' lang='lat' dir='ltr'><strong>Nam</strong></span> 
     </span>
     <span class='ocr_line' id='line_1_24' title="bbox 200 2119 2274 2198; baseline -0.002 -18"><span class='ocrx_word' id='word_1_195' title='bbox 200 2120 319 2180; x_wconf 88' lang='lat' dir='ltr'><strong>sibi</strong></span> <span class='ocrx_word' id='word_1_196' title='bbox 362 2130 432 2181; x_wconf 92' lang='lat' dir='ltr'><strong>ut</strong></span> <span class='ocrx_word' id='word_1_197' title='bbox 470 2120 732 2196; x_wconf 90' lang='lat' dir='ltr'><strong>quisque</strong></span> <span class='ocrx_word' id='word_1_198' title='bbox 773 2122 938 2184; x_wconf 91' lang='lat' dir='ltr'><strong>malit</strong></span> <span class='ocrx_word' id='word_1_199' title='bbox 974 2124 1143 2198; x_wconf 90' lang='lat' dir='ltr'><strong>quod</strong></span> <span class='ocrx_word' id='word_1_200' title='bbox 1190 2124 1269 2182; x_wconf 86' lang='lat' dir='ltr'><strong>ad</strong></span> <span class='ocrx_word' id='word_1_201' title='bbox 1320 2139 1498 2182; x_wconf 89' lang='lat' dir='ltr'><strong>usum</strong></span> <span class='ocrx_word' id='word_1_202' title='bbox 1542 2120 1699 2181; x_wconf 90' lang='lat' dir='ltr'><strong>vitae</strong></span> <span class='ocrx_word' id='word_1_203' title='bbox 1750 2119 2054 2197; x_wconf 89' lang='lat' dir='ltr'><strong>pertineat</strong></span> <span class='ocrx_word' id='word_1_204' title='bbox 2095 2134 2274 2193; x_wconf 91' lang='lat' dir='ltr'><strong>quam</strong></span> 
     </span>
     <span class='ocr_line' id='line_1_25' title="bbox 199 2201 2277 2281; baseline -0.003 -16"><span class='ocrx_word' id='word_1_205' title='bbox 199 2204 377 2265; x_wconf 88' lang='lat' dir='ltr'><strong>alteri</strong></span> <span class='ocrx_word' id='word_1_206' title='bbox 408 2204 729 2280; x_wconf 88' lang='lat' dir='ltr'><strong>acquirere</strong></span> <span class='ocrx_word' id='word_1_207' title='bbox 764 2222 1131 2268; x_wconf 89' lang='lat' dir='ltr'><strong>concessum</strong></span> <span class='ocrx_word' id='word_1_208' title='bbox 1164 2215 1259 2267; x_wconf 89' lang='lat' dir='ltr'><strong>est</strong></span> <span class='ocrx_word' id='word_1_209' title='bbox 1286 2221 1409 2266; x_wconf 91' lang='lat' dir='ltr'><strong>non</strong></span> <span class='ocrx_word' id='word_1_210' title='bbox 1442 2211 1821 2281; x_wconf 86' lang='lat' dir='ltr'><strong>repugnante</strong></span> <span class='ocrx_word' id='word_1_211' title='bbox 1852 2211 2097 2275; x_wconf 87' lang='lat' dir='ltr'><strong>natura,</strong></span> <span class='ocrx_word' id='word_1_212' title='bbox 2130 2201 2277 2260; x_wconf 91' lang='lat' dir='ltr'><strong>illud</strong></span> 
     </span>
     <span class='ocr_line' id='line_1_26' title="bbox 199 2289 2274 2366; baseline -0.001 -18"><span class='ocrx_word' id='word_1_213' title='bbox 199 2296 424 2348; x_wconf 87' lang='lat' dir='ltr'><strong>natura</strong></span> <span class='ocrx_word' id='word_1_214' title='bbox 465 2305 590 2349; x_wconf 91' lang='lat' dir='ltr'><strong>non</strong></span> <span class='ocrx_word' id='word_1_215' title='bbox 640 2289 894 2365; x_wconf 90' lang='lat' dir='ltr'><strong>patitur,</strong></span> <span class='ocrx_word' id='word_1_216' title='bbox 945 2299 1015 2351; x_wconf 90' lang='lat' dir='ltr'><strong>ut</strong></span> <span class='ocrx_word' id='word_1_217' title='bbox 1060 2290 1314 2351; x_wconf 88' lang='lat' dir='ltr'><strong>aliorum</strong></span> <span class='ocrx_word' id='word_1_218' title='bbox 1369 2289 1583 2366; x_wconf 90' lang='lat' dir='ltr'><strong>spoliis</strong></span> <span class='ocrx_word' id='word_1_219' title='bbox 1635 2296 1881 2351; x_wconf 91' lang='lat' dir='ltr'><strong>nostras</strong></span> <span class='ocrx_word' id='word_1_220' title='bbox 1936 2289 2274 2356; x_wconf 82' lang='lat' dir='ltr'><strong>facultateS,</strong></span> 
     </span>
     <span class='ocr_line' id='line_1_27' title="bbox 199 2371 2273 2451; baseline -0.002 -18"><span class='ocrx_word' id='word_1_221' title='bbox 199 2371 419 2448; x_wconf 90' lang='lat' dir='ltr'><strong>copias</strong></span> <span class='ocrx_word' id='word_1_222' title='bbox 439 2418 454 2447; x_wconf 93' lang='lat'>‚</span> <span class='ocrx_word' id='word_1_223' title='bbox 487 2388 641 2448; x_wconf 90' lang='lat' dir='ltr'><strong>opes</strong></span> <span class='ocrx_word' id='word_1_224' title='bbox 667 2389 1022 2451; x_wconf 84' lang='lat' dir='ltr'><strong>augeamus.</strong></span> <span class='ocrx_word' id='word_1_225' title='bbox 1111 2374 1214 2434; x_wconf 88' lang='lat'><strong>23.</strong></span> <span class='ocrx_word' id='word_1_226' title='bbox 1259 2376 1470 2450; x_wconf 90' lang='lat' dir='ltr'><strong>Neque</strong></span> <span class='ocrx_word' id='word_1_227' title='bbox 1495 2389 1641 2435; x_wconf 87' lang='lat' dir='ltr'><strong>vero</strong></span> <span class='ocrx_word' id='word_1_228' title='bbox 1669 2373 1788 2434; x_wconf 90' lang='lat' dir='ltr'><strong>hoc</strong></span> <span class='ocrx_word' id='word_1_229' title='bbox 1813 2375 2014 2434; x_wconf 93' lang='lat' dir='ltr'><strong>solum</strong></span> <span class='ocrx_word' id='word_1_230' title='bbox 2038 2378 2273 2440; x_wconf 87' lang='lat' dir='ltr'><strong>natura,</strong></span> 
     </span>
     <span class='ocr_line' id='line_1_28' title="bbox 197 2453 2275 2535; baseline -0.002 -19"><span class='ocrx_word' id='word_1_231' title='bbox 197 2456 258 2516; x_wconf 93' lang='lat' dir='ltr'><strong>id</strong></span> <span class='ocrx_word' id='word_1_232' title='bbox 288 2464 420 2527; x_wconf 91' lang='lat' dir='ltr'><strong>est,</strong></span> <span class='ocrx_word' id='word_1_233' title='bbox 464 2454 594 2517; x_wconf 91' lang='lat' dir='ltr'><strong>iure</strong></span> <span class='ocrx_word' id='word_1_234' title='bbox 625 2457 925 2533; x_wconf 91' lang='lat' dir='ltr'><strong>gentium,</strong></span> <span class='ocrx_word' id='word_1_235' title='bbox 972 2460 1085 2519; x_wconf 89' lang='lat' dir='ltr'><strong>sed</strong></span> <span class='ocrx_word' id='word_1_236' title='bbox 1116 2458 1294 2519; x_wconf 87' lang='lat' dir='ltr'><strong>etiam</strong></span> <span class='ocrx_word' id='word_1_237' title='bbox 1324 2458 1562 2535; x_wconf 89' lang='lat' dir='ltr'><strong>legibus</strong></span> <span class='ocrx_word' id='word_1_238' title='bbox 1606 2459 2008 2533; x_wconf 88' lang='lat' dir='ltr'><strong>populorum,</strong></span> <span class='ocrx_word' id='word_1_239' title='bbox 2053 2453 2275 2531; x_wconf 89' lang='lat' dir='ltr'><strong>quibus</strong></span> 
     </span>
     <span class='ocr_line' id='line_1_29' title="bbox 196 2537 2273 2617; baseline -0.002 -17"><span class='ocrx_word' id='word_1_240' title='bbox 196 2540 255 2600; x_wconf 91' lang='lat' dir='ltr'><strong>in</strong></span> <span class='ocrx_word' id='word_1_241' title='bbox 288 2539 551 2615; x_wconf 86' lang='lat' dir='ltr'><strong>singulis</strong></span> <span class='ocrx_word' id='word_1_242' title='bbox 584 2540 929 2603; x_wconf 89' lang='lat' dir='ltr'><strong>civitatibus</strong></span> <span class='ocrx_word' id='word_1_243' title='bbox 972 2558 1073 2601; x_wconf 91' lang='lat' dir='ltr'><strong>res</strong></span> <span class='ocrx_word' id='word_1_244' title='bbox 1108 2542 1351 2617; x_wconf 88' lang='lat' dir='ltr'><strong>publica</strong></span> <span class='ocrx_word' id='word_1_245' title='bbox 1395 2541 1764 2612; x_wconf 89' lang='lat' dir='ltr'><strong>continetur,</strong></span> <span class='ocrx_word' id='word_1_246' title='bbox 1829 2541 2047 2601; x_wconf 91' lang='lat' dir='ltr'><strong>eodem</strong></span> <span class='ocrx_word' id='word_1_247' title='bbox 2088 2537 2273 2598; x_wconf 90' lang='lat' dir='ltr'><strong>modo</strong></span> 
     </span>
     <span class='ocr_line' id='line_1_30' title="bbox 200 2623 2275 2698; baseline -0.003 -13"><span class='ocrx_word' id='word_1_248' title='bbox 200 2623 602 2686; x_wconf 85' lang='lat' dir='ltr'><strong>constitutum</strong></span> <span class='ocrx_word' id='word_1_249' title='bbox 648 2632 773 2698; x_wconf 90' lang='lat' dir='ltr'><strong>est,</strong></span> <span class='ocrx_word' id='word_1_250' title='bbox 831 2633 891 2685; x_wconf 86' lang='lat' dir='ltr'><strong>ut</strong></span> <span class='ocrx_word' id='word_1_251' title='bbox 936 2642 1058 2686; x_wconf 93' lang='lat' dir='ltr'><strong>non</strong></span> <span class='ocrx_word' id='word_1_252' title='bbox 1101 2625 1283 2686; x_wconf 88' lang='lat' dir='ltr'><strong>liceat</strong></span> <span class='ocrx_word' id='word_1_253' title='bbox 1327 2624 1420 2687; x_wconf 93' lang='lat' dir='ltr'><strong>sui</strong></span> <span class='ocrx_word' id='word_1_254' title='bbox 1473 2624 1780 2685; x_wconf 90' lang='lat' dir='ltr'><strong>commodi</strong></span> <span class='ocrx_word' id='word_1_255' title='bbox 1815 2639 2003 2684; x_wconf 90' lang='lat' dir='ltr'><strong>causa</strong></span> <span class='ocrx_word' id='word_1_256' title='bbox 2049 2636 2275 2681; x_wconf 88' lang='lat' dir='ltr'><strong>nocere</strong></span> 
     </span>
     <span class='ocr_line' id='line_1_31' title="bbox 198 2705 2273 2785; baseline -0.002 -18"><span class='ocrx_word' id='word_1_257' title='bbox 198 2706 396 2767; x_wconf 88' lang='lat' dir='ltr'><strong>alteri.</strong></span> <span class='ocrx_word' id='word_1_258' title='bbox 476 2709 613 2769; x_wconf 90' lang='lat' dir='ltr'><strong>Hoc</strong></span> <span class='ocrx_word' id='word_1_259' title='bbox 656 2708 1142 2785; x_wconf 84' lang='lat' dir='ltr'><strong>enim-spectant</strong></span> <span class='ocrx_word' id='word_1_260' title='bbox 1184 2712 1387 2785; x_wconf 91' lang='lat' dir='ltr'><strong>leges,</strong></span> <span class='ocrx_word' id='word_1_261' title='bbox 1438 2709 1559 2767; x_wconf 92' lang='lat' dir='ltr'><strong>hoc</strong></span> <span class='ocrx_word' id='word_1_262' title='bbox 1611 2708 1856 2779; x_wconf 87' lang='lat' dir='ltr'><strong>volunt,</strong></span> <span class='ocrx_word' id='word_1_263' title='bbox 1908 2705 2273 2766; x_wconf 90' lang='lat' dir='ltr'><strong>incolumem</strong></span> 
     </span>
     <span class='ocr_line' id='line_1_32' title="bbox 197 2789 2272 2869; baseline -0.003 -17"><span class='ocrx_word' id='word_1_264' title='bbox 197 2807 345 2852; x_wconf 90' lang='lat' dir='ltr'><strong>esse</strong></span> <span class='ocrx_word' id='word_1_265' title='bbox 380 2789 604 2851; x_wconf 90' lang='lat' dir='ltr'><strong>civium</strong></span> <span class='ocrx_word' id='word_1_266' title='bbox 645 2791 1168 2866; x_wconf 89' lang='lat' dir='ltr'><strong>coniunctionem,</strong></span> <span class='ocrx_word' id='word_1_267' title='bbox 1215 2809 1398 2869; x_wconf 90' lang='lat' dir='ltr'><strong>quam</strong></span> <span class='ocrx_word' id='word_1_268' title='bbox 1438 2791 1540 2868; x_wconf 89' lang='lat' dir='ltr'><strong>qui</strong></span> <span class='ocrx_word' id='word_1_269' title='bbox 1571 2790 1887 2863; x_wconf 90' lang='lat' dir='ltr'><strong>dirimunt,</strong></span> <span class='ocrx_word' id='word_1_270' title='bbox 1934 2806 2045 2851; x_wconf 89' lang='lat' dir='ltr'><strong>eos</strong></span> <span class='ocrx_word' id='word_1_271' title='bbox 2077 2794 2272 2849; x_wconf 89' lang='lat' dir='ltr'><strong>morte</strong></span> 
     </span>
     <span class='ocr_line' id='line_1_33' title="bbox 195 2871 2274 2952; baseline -0.003 -16"><span class='ocrx_word' id='word_1_272' title='bbox 195 2873 452 2947; x_wconf 89' lang='lat' dir='ltr'><strong>exsilio,</strong></span> <span class='ocrx_word' id='word_1_273' title='bbox 508 2874 722 2936; x_wconf 88' lang='lat' dir='ltr'><strong>vinclis</strong></span> <span class='ocrx_word' id='word_1_274' title='bbox 778 2878 1000 2937; x_wconf 90' lang='lat' dir='ltr'><strong>damno</strong></span> <span class='ocrx_word' id='word_1_275' title='bbox 1045 2880 1352 2938; x_wconf 73' lang='lat' dir='ltr'><strong>coercent.</strong></span> <span class='ocrx_word' id='word_1_276' title='bbox 1425 2880 1634 2952; x_wconf 90' lang='lat' dir='ltr'><strong>Atque</strong></span> <span class='ocrx_word' id='word_1_277' title='bbox 1679 2875 1799 2935; x_wconf 89' lang='lat' dir='ltr'><strong>hoc</strong></span> <span class='ocrx_word' id='word_1_278' title='bbox 1844 2877 2033 2936; x_wconf 91' lang='lat' dir='ltr'><strong>multo</strong></span> <span class='ocrx_word' id='word_1_279' title='bbox 2082 2871 2274 2948; x_wconf 85' lang='lat' dir='ltr'><strong>magis</strong></span> 
     </span>
     <span class='ocr_line' id='line_1_34' title="bbox 194 2957 2273 3036; baseline -0.003 -16"><span class='ocrx_word' id='word_1_280' title='bbox 194 2957 386 3020; x_wconf 79' lang='lat' dir='ltr'><strong>efficit</strong></span> <span class='ocrx_word' id='word_1_281' title='bbox 413 2957 552 3032; x_wconf 85' lang='lat' dir='ltr'><strong>ipsa</strong></span> <span class='ocrx_word' id='word_1_282' title='bbox 580 2968 834 3021; x_wconf 91' lang='lat' dir='ltr'><strong>naturae</strong></span> <span class='ocrx_word' id='word_1_283' title='bbox 862 2959 1033 3035; x_wconf 83' lang='lat' dir='ltr'><strong>ratio,</strong></span> <span class='ocrx_word' id='word_1_284' title='bbox 1068 2976 1226 3036; x_wconf 89' lang='lat' dir='ltr'><strong>quae</strong></span> <span class='ocrx_word' id='word_1_285' title='bbox 1258 2968 1355 3021; x_wconf 90' lang='lat' dir='ltr'><strong>est</strong></span> <span class='ocrx_word' id='word_1_286' title='bbox 1385 2962 1484 3021; x_wconf 89' lang='lat' dir='ltr'><strong>lex</strong></span> <span class='ocrx_word' id='word_1_287' title='bbox 1515 2958 1721 3019; x_wconf 90' lang='lat' dir='ltr'><strong>divina</strong></span> <span class='ocrx_word' id='word_1_288' title='bbox 1751 2969 1812 3020; x_wconf 87' lang='lat' dir='ltr'><strong>et</strong></span> <span class='ocrx_word' id='word_1_289' title='bbox 1838 2961 2131 3019; x_wconf 88' lang='lat' dir='ltr'><strong>humana:</strong></span> <span class='ocrx_word' id='word_1_290' title='bbox 2179 2957 2273 3017; x_wconf 90' lang='lat' dir='ltr'><strong>cui</strong></span> 
     </span>
     <span class='ocr_line' id='line_1_35' title="bbox 194 3042 2273 3119; baseline -0.002 -18"><span class='ocrx_word' id='word_1_291' title='bbox 194 3058 419 3118; x_wconf 88' lang='lat' dir='ltr'><strong>parere</strong></span> <span class='ocrx_word' id='word_1_292' title='bbox 467 3042 572 3118; x_wconf 91' lang='lat' dir='ltr'><strong>qui</strong></span> <span class='ocrx_word' id='word_1_293' title='bbox 611 3043 758 3105; x_wconf 91' lang='lat' dir='ltr'><strong>velit</strong></span> <span class='ocrx_word' id='word_1_294' title='bbox 784 3078 870 3090; x_wconf 93' lang='lat'><strong>—</strong></span> <span class='ocrx_word' id='word_1_295' title='bbox 905 3061 1122 3105; x_wconf 92' lang='lat' dir='ltr'><strong>omnes</strong></span> <span class='ocrx_word' id='word_1_296' title='bbox 1165 3051 1367 3104; x_wconf 86' lang='lat' dir='ltr'><strong>autem</strong></span> <span class='ocrx_word' id='word_1_297' title='bbox 1403 3044 1735 3119; x_wconf 87' lang='lat' dir='ltr'><strong>parebunt,</strong></span> <span class='ocrx_word' id='word_1_298' title='bbox 1790 3043 1891 3119; x_wconf 92' lang='lat' dir='ltr'><strong>qui</strong></span> <span class='ocrx_word' id='word_1_299' title='bbox 1932 3042 2273 3103; x_wconf 90' lang='lat' dir='ltr'><strong>secundum</strong></span> 
     </span>
     <span class='ocr_line' id='line_1_36' title="bbox 194 3123 2271 3203; baseline -0.004 -17"><span class='ocrx_word' id='word_1_300' title='bbox 194 3133 476 3186; x_wconf 87' lang='lat' dir='ltr'><strong>naturam</strong></span> <span class='ocrx_word' id='word_1_301' title='bbox 527 3129 740 3187; x_wconf 87' lang='lat' dir='ltr'><strong>volent</strong></span> <span class='ocrx_word' id='word_1_302' title='bbox 783 3129 997 3189; x_wconf 88' lang='lat' dir='ltr'><strong>vivere</strong></span> <span class='ocrx_word' id='word_1_303' title='bbox 1035 3161 1117 3173; x_wconf 82' lang='lat'>—</span> <span class='ocrx_word' id='word_1_304' title='bbox 1153 3144 1482 3203; x_wconf 90' lang='lat' dir='ltr'><strong>numquam</strong></span> <span class='ocrx_word' id='word_1_305' title='bbox 1532 3126 1868 3188; x_wconf 88' lang='lat' dir='ltr'><strong>committet</strong></span> <span class='ocrx_word' id='word_1_306' title='bbox 1905 3133 1975 3187; x_wconf 90' lang='lat' dir='ltr'><strong>ut</strong></span> <span class='ocrx_word' id='word_1_307' title='bbox 2013 3123 2271 3184; x_wconf 88' lang='lat' dir='ltr'><strong>alienum</strong></span> 
     </span>
     <span class='ocr_line' id='line_1_37' title="bbox 194 3204 2337 3287; baseline 0 -19"><span class='ocrx_word' id='word_1_308' title='bbox 194 3217 454 3287; x_wconf 88' lang='lat' dir='ltr'><strong>appetat</strong></span> <span class='ocrx_word' id='word_1_309' title='bbox 479 3219 542 3271; x_wconf 93' lang='lat' dir='ltr'><strong>et</strong></span> <span class='ocrx_word' id='word_1_310' title='bbox 570 3210 662 3284; x_wconf 91' lang='lat' dir='ltr'><strong>id,</strong></span> <span class='ocrx_word' id='word_1_311' title='bbox 698 3214 865 3287; x_wconf 90' lang='lat' dir='ltr'><strong>quod</strong></span> <span class='ocrx_word' id='word_1_312' title='bbox 894 3210 1067 3273; x_wconf 89' lang='lat' dir='ltr'><strong>alteri</strong></span> <span class='ocrx_word' id='word_1_313' title='bbox 1102 3210 1466 3285; x_wconf 88' lang='lat' dir='ltr'><strong>detraxerit,</strong></span> <span class='ocrx_word' id='word_1_314' title='bbox 1500 3210 1615 3271; x_wconf 92' lang='lat' dir='ltr'><strong>sibi</strong></span> <span class='ocrx_word' id='word_1_315' title='bbox 1645 3210 1945 3270; x_wconf 90' lang='lat' dir='ltr'><strong>adsumat.</strong></span> <span class='ocrx_word' id='word_1_316' title='bbox 2034 3206 2132 3266; x_wconf 91' lang='grc'><strong>24.</strong></span> <span class='ocrx_word' id='word_1_317' title='bbox 2175 3204 2272 3262; x_wconf 84' lang='lat' dir='ltr'><strong>Et·</strong></span> <span class='ocrx_word' id='word_1_318' title='bbox 2330 3261 2337 3268; x_wconf 93' lang='lat'><strong>.</strong></span> 
     </span>
     <span class='ocr_line' id='line_1_38' title="bbox 195 3288 2271 3371; baseline -0.005 -18"><span class='ocrx_word' id='word_1_319' title='bbox 195 3293 358 3353; x_wconf 90' lang='lat' dir='ltr'><strong>enim</strong></span> <span class='ocrx_word' id='word_1_320' title='bbox 388 3297 578 3355; x_wconf 89' lang='lat' dir='ltr'><strong>multo</strong></span> <span class='ocrx_word' id='word_1_321' title='bbox 613 3295 803 3371; x_wconf 87' lang='lat' dir='ltr'><strong>magis</strong></span> <span class='ocrx_word' id='word_1_322' title='bbox 837 3303 933 3357; x_wconf 85' lang='lat' dir='ltr'><strong>est</strong></span> <span class='ocrx_word' id='word_1_323' title='bbox 962 3296 1303 3357; x_wconf 89' lang='lat' dir='ltr'><strong>secundum</strong></span> <span class='ocrx_word' id='word_1_324' title='bbox 1339 3302 1614 3355; x_wconf 90' lang='lat' dir='ltr'><strong>naturam</strong></span> <span class='ocrx_word' id='word_1_325' title='bbox 1647 3288 1972 3351; x_wconf 83' lang='lat' dir='ltr'><strong>excelsitas</strong></span> <span class='ocrx_word' id='word_1_326' title='bbox 2000 3288 2181 3348; x_wconf 89' lang='lat' dir='ltr'><strong>animi</strong></span> <span class='ocrx_word' id='word_1_327' title='bbox 2211 3292 2271 3343; x_wconf 86' lang='lat' dir='ltr'><strong>et</strong></span> 
     </span>
     <span class='ocr_line' id='line_1_39' title="bbox 196 3370 2267 3455; baseline -0.007 -18"><span class='ocrx_word' id='word_1_328' title='bbox 196 3378 555 3454; x_wconf 83' lang='lat' dir='ltr'><strong>magnitudo</strong></span> <span class='ocrx_word' id='word_1_329' title='bbox 600 3379 872 3455; x_wconf 90' lang='lat' dir='ltr'><strong>itemque</strong></span> <span class='ocrx_word' id='word_1_330' title='bbox 906 3379 1196 3451; x_wconf 83' lang='lat' dir='ltr'><strong>comitaS,</strong></span> <span class='ocrx_word' id='word_1_331' title='bbox 1258 3377 1513 3448; x_wconf 86' lang='lat' dir='ltr'><strong>iustitia,</strong></span> <span class='ocrx_word' id='word_1_332' title='bbox 1568 3370 1895 3433; x_wconf 88' lang='lat' dir='ltr'><strong>liberalitas</strong></span> <span class='ocrx_word' id='word_1_333' title='bbox 1943 3386 2123 3443; x_wconf 86' lang='lat' dir='ltr'><strong>quam</strong></span> <span class='ocrx_word' id='word_1_334' title='bbox 2164 3380 2267 3422; x_wconf 88' lang='lat' dir='ltr'><strong>vo·</strong></span> 
     </span>
    </p>
   </div>
  </div>
 </body>
</html>
