2381 3723
134 85 262 148 408
555 83 856 145 lNCERTI
889 83 1274 146 AUCTORIS
1313 83 1791 148 CONSOLATIO
2123 101 2225 156 218

133 240 255 297 lata
300 242 424 309 est,
467 244 536 296 ut
570 234 715 295 nihil
743 234 943 295 minus
981 252 1163 310 quam
1198 254 1415 297 verum
1453 245 1781 313 agnoscat,
1827 254 1977 311 nec,
2027 258 2218 315 quum

134 318 365 396 aliquid
409 318 638 395 agitur,
691 326 924 379 rectum
973 317 1036 379 id
1085 336 1283 380 necne
1334 320 1413 381 sit
1456 338 1677 397 magno
1725 338 1917 399 opere
1963 324 2219 399 cogitet.

133 405 264 479 Qua
315 403 480 465 nulla
528 401 724 463 maior
778 403 972 478 pestis
1018 419 1091 462 ac
1133 402 1435 479 pernicies
1480 405 1761 466 humanis
1800 406 1992 466 rebus
2037 410 2220 469 valde

132 488 250 547 iarn
297 487 678 547 labefactatis
728 485 929 561 potuit
968 486 1225 566 adferri..
1300 487 1518 564 Atqui,
1575 489 1627 549 si
1670 488 1729 549 in
1772 489 1899 550 ullo
1944 490 2217 565 homine,

133 577 299 632 certe
330 571 390 630 in
421 570 517 631 his
548 569 700 645 ipsis
732 572 986 646 vulgare
1009 570 1237 632 dictum
1261 578 1322 632 et
1346 588 1558 632 verum
1582 578 1644 632 et
1673 579 1853 633 acute
1877 572 2215 648 cogitatum

132 671 275 715 esse
324 652 824 730 deprehenditur.
918 653 1057 714 131.
1113 654 1269 728 Quid
1316 654 1476 715 enim
1518 655 1618 716 isti
1658 656 1821 716 aliud
1864 664 2064 732 agunt
2104 659 2218 719 nisi

131 744 296 798 totos
329 736 462 797 dies
489 752 605 812 per
634 735 912 797 inertiam
944 739 1210 814 perdunt
1238 746 1424 814 atque
1459 738 1541 799 ita
1567 739 1810 811 vivunt,
1849 747 1922 800 ut
1950 747 2217 802 stertere

128 820 335 897 potius
369 836 550 896 quam
581 821 706 882 ullo
745 828 924 896 pacto
957 821 1166 882 vivere
1195 821 1559 883 videantur?
1643 822 1973 885 Dormiens
2010 834 2214 887 autem

130 912 196 967 ut
225 903 371 964 nihil
400 903 611 979 sentit,
654 904 798 965 nihil
821 902 975 982 agit,
1009 905 1154 966 nihil
1177 913 1382 978 curat,
1416 905 1504 967 sic
1525 914 1806 968 mortuus
1832 906 1982 983 quid
2006 925 2212 985 agere,

129 987 276 1064 quid
317 1005 534 1050 curare
572 995 677 1049 aut
719 989 948 1050 sentire
981 988 1184 1065 possit
1211 990 1373 1050 haud
1407 1006 1560 1051 sane
1590 990 1913 1065 intelligas.
1994 994 2213 1068 Itaque

125 1072 184 1132 in
221 1072 468 1146 fabulis,
515 1090 675 1149 quos
705 1072 767 1132 di
795 1072 1057 1135 maxime
1085 1074 1477 1148 adamarunt,
1520 1091 1662 1148 eos,
1695 1091 1773 1136 ne
1791 1074 2213 1137 imminentem

127 1156 393 1232 aliquam
439 1156 844 1218 calamitatem
897 1158 1126 1219 sentire
1177 1164 1576 1233 cogerentur,
1635 1157 1688 1219 si
1726 1156 2121 1234 vigilassent,
2177 1177 2212 1219 a

129 1240 223 1302 dis
252 1239 696 1303 immortalibus
727 1240 1092 1319 consopitos
1117 1258 1269 1303 esse.
1290 1240 1663 1318 accepimus.
1759 1241 1897 1302 132.
1942 1243 2209 1304 Mortem

125 1324 335 1400 igitur,
380 1325 434 1386 si
460 1323 707 1401 quidem
738 1342 958 1387 somno
990 1325 1201 1390 similis
1233 1333 1361 1397 est,
1399 1324 1655 1400 singulis
1685 1324 1974 1386 noctibus
2012 1325 2209 1388 indui·

126 1426 294 1483 muS,
338 1416 427 1482 et,
477 1426 665 1483 quum
707 1408 767 1469 in
811 1426 1032 1472 somno
1078 1426 1304 1470 sensus
1351 1408 1431 1469 sit
1467 1411 1651 1486 plane
1688 1411 1925 1482 nulluS,
1974 1412 2209 1471 nullum

126 1492 307 1553 etiam
348 1491 408 1552 in
452 1499 651 1553 morte
686 1493 951 1554 futurum
985 1509 1129 1554 esse
1159 1508 1409 1554 sensum
1440 1492 1765 1555 verissime
1796 1498 2070 1554 statuere
2103 1495 2206 1555 de·

121 1576 362 1635 bemus.
453 1576 630 1649 Quod
669 1582 739 1634 ut
772 1591 965 1636 sensu
991 1575 1130 1652 ipso
1160 1577 1344 1650 plane
1372 1577 1735 1652 percipitur,
1782 1576 1872 1637 sic
1903 1592 1981 1636 ne
2012 1578 2092 1637 de
2123 1579 2206 1637 al·

123 1666 255 1717 tero
287 1657 546 1732 ⁴quidem
590 1657 850 1718 dubitari
898 1660 1021 1720 ullo
1076 1666 1261 1736 pacto
1314 1667 1526 1735 potest
1567 1660 1741 1735 quin,
1803 1661 2021 1736 quales
2062 1668 2208 1721 ante

125 1758 307 1816 quam
359 1739 661 1802 oriremur
712 1741 934 1803 suimus
961 1789 976 1816 ,
1035 1744 1192 1806 tales
1244 1743 1425 1804 etiam
1476 1743 1701 1805 mortui
1753 1742 1938 1805 futuri
1987 1743 2201 1805 simuS.

121 1826 294 1887 Mors
326 1824 704 1903 enimquem
737 1827 817 1887 ad
848 1827 1101 1891 modum
1131 1827 1207 1888 ad
1234 1843 1406 1900 eum,
1452 1826 1557 1904 qui
1579 1829 1852 1889 nondum
1884 1834 2056 1890 ortus
2083 1834 2203 1900 est,

121 1909 266 1970 nihil
296 1909 612 1987 pertinuit,
661 1910 749 1972 sic
779 1927 858 1973 ne
882 1913 965 1972 ad
995 1929 1133 1973 eum
1165 1911 1441 1987 quidem,
1482 1911 1585 1987 qui
1610 1918 1889 1974 mortuus
1916 1919 2040 1985 est,
2078 1913 2206 1971 ulla

122 1994 359 2055 ratione
404 1995 751 2077 pertinebit.
837 1997 935 2055 Ad
977 1994 1338 2058 morientem
1367 2012 1514 2057 vero
1550 1998 1646 2056 vel
1678 1995 1822 2056 nihil
1855 1997 1952 2055 vel
1984 2011 2201 2071 parum

124 2085 291 2138 certe
332 2079 627 2154 pertinet,
681 2079 735 2140 si
777 2077 1022 2155 quidem
1066 2086 1187 2141 tam
1220 2086 1483 2155 angusto
1516 2077 1717 2155 spatio
1751 2087 1998 2153 tamque
2029 2075 2201 2138 brevi

123 2161 424 2224 curriculo
465 2167 819 2236 coercetur,
859 2170 959 2235 ut,
1010 2179 1089 2223 ne
1126 2163 1180 2223 si
1221 2163 1371 2224 velit
1412 2162 1689 2238 quidem,
1729 2162 1893 2223 vires
1926 2178 2074 2223 suas
2110 2160 2194 2220 ni-

121 2244 305 2307 mium
352 2245 670 2323 porrigere
699 2252 805 2306 aut
834 2245 1142 2321 explicare
1171 2245 1393 2322 possit.
1490 2246 1756 2307 XXXIX.
1806 2244 1947 2307 133.
2035 2247 2203 2320 Quae

120 2336 217 2389 est
255 2328 438 2403 igitur
478 2346 691 2392 eorum
725 2328 950 2400 oratic,
997 2330 1100 2406 qui
1130 2337 1361 2391 tantum
1388 2329 1447 2390 in
1480 2336 1679 2390 morte
1709 2332 1990 2391 dolorem
2022 2345 2091 2390 se
2130 2327 2195 2387 ti·

121 2428 288 2472 mere
330 2420 516 2487 atque
557 2427 979 2488 expavescere
1027 2412 1355 2474 dictitant?
1440 2414 1820 2488 Quamquam
1875 2429 2000 2474 non
2048 2426 2198 2473 sane

119 2495 304 2556 video
353 2511 474 2569 quo
520 2497 708 2557 modo
753 2495 929 2556 aliter
977 2497 1182 2558 facere
1216 2495 1487 2573 possint.
1576 2497 1688 2573 Qui
1734 2495 1898 2558 enim
1938 2501 2198 2559 mortem

119 2595 452 2655 numquam
484 2579 721 2654 experti
751 2579 901 2652 sint,
937 2597 1121 2656 quam
1150 2583 1343 2642 semel
1366 2581 1550 2642 homo
1576 2579 1891 2642 subiturus
1915 2586 2038 2653 est,
2075 2593 2194 2653 quo

120 2665 307 2725 modo
349 2664 516 2726 bona
551 2666 792 2725 malane
834 2663 913 2726 sit
948 2681 1098 2725 vere
1138 2663 1370 2725 sentire
1416 2680 1488 2724 ac
1523 2663 1859 2725 diiudicare
1889 2661 2200 2740 possunt?

118 2747 453 2810 Morientes
484 2747 653 2809 aiunt
683 2747 970 2820 cruciari,
1007 2747 1174 2824 angi,
1217 2747 1592 2824 distorqueri
1622 2748 1791 2824 quod
1820 2746 1881 2807 in
1917 2762 2044 2806 non
2069 2745 2195 2805 nul·

118 2831 190 2892 lis
243 2834 512 2893 fortasse
553 2831 955 2893 animadverti
1002 2839 1188 2909 atque
1242 2831 1561 2895 observari
1603 2830 1823 2907 potuit.
1932 2829 2071 2890 134.
2131 2829 2195 2889 ln

119 2932 243 2990 quo
286 2921 415 2977 tum
455 2914 556 2985 isti
595 2915 826 2993 aliquid
866 2915 1099 2978 dixisse
1138 2915 1335 2977 videri
1374 2923 1666 2992 possent,
1714 2914 1772 2976 si
1797 2915 1919 2975 hoc
1949 2929 2032 2974 ex
2058 2913 2199 2989 ipso

112 2999 330 3061 mortis
363 3016 555 3061 sensu
585 3001 905 3076 penderet.
993 3000 1169 3073 Nam,
1215 3001 1270 3060 si
1297 3016 1465 3061 mors
1491 2999 1632 3076 ipsa
1660 3000 1877 3060 dolore
1909 3013 2029 3058 suo
2063 3011 2194 3059 cor-

120 3101 236 3159 pus
265 3101 468 3160 usque
496 3101 575 3145 eo
596 3083 905 3146 cruciaret
933 3090 1119 3159 atque
1150 3090 1432 3159 angeret,
1469 3089 1536 3143 ut
1562 3083 1717 3144 haec
1745 3079 1979 3142 doloris
2011 3079 2200 3140 edere

116 3165 341 3227 indicia
374 3175 730 3242 cogeretur,
776 3166 988 3242 negari
1018 3168 1297 3244 profecto
1333 3185 1456 3237 non
1491 3173 1712 3243 posset
1741 3164 1886 3240 quin
1914 3164 2192 3224 dolorem

116 3265 240 3307 non
271 3248 650 3314 levissimum
682 3266 850 3310 mors
880 3249 1019 3324 ipsa
1049 3258 1222 3312 esset
1250 3252 1547 3311 adlatura.
1618 3251 1813 3324 Quum
1837 3262 1989 3308 vero
2015 3244 2198 3306 huius

116 3329 283 3387 modi
314 3329 621 3391 cruciatus
653 3331 1067 3406 paucissimos
1098 3342 1281 3409 angat
1302 3340 1364 3393 et
1386 3349 1497 3393 eos
1529 3333 1819 3404 maxime,
1854 3328 1961 3404 qui
1980 3328 2196 3388 intem·
