2381 3723
0 887 31 914 ἰ
0 693 30 864 stiffi-r·

5 1651 32 1744 ὅδ’·
0 1469 32 1584 ‚Ceio-6
0 1173 33 1424 ῌὲῐπῆδέλ
2 1095 30 1111 1
0 935 31 1061 {un

195 124 322 188 234
1004 115 1505 179 FRAGMENTA.
2205 130 2271 182 Η

325 276 487 339 XVI.
533 274 632 337 36.
723 275 1099 349 Quamquam
1144 271 1203 331 in
1247 270 1379 331 istis
1427 271 1708 332 omnibus
1745 272 1962 345 rebus,
1993 289 2273 348 praeser-

196 363 300 423 tim
333 360 497 437 apud
533 357 812 420 homiues
851 358 1182 429 barbarOS,
1244 354 1450 431 opinio
1494 358 1632 431 plus
1674 358 1834 417 valet
1862 373 2050 432 saepe
2087 374 2273 431 quam

199 464 300 509 res
329 446 486 522 ipsa.
560 444 929 503 Persuasum
967 447 1063 500 est
1106 439 1319 500 Sardis
1351 456 1419 499 se
1450 439 1596 500 nihil
1624 440 1828 516 Appio
1861 441 2090 515 gratius
2127 457 2272 502 esse

203 532 397 590 factm
400 544 503 600 os
559 542 739 601 quam
779 525 832 586 si
880 519 958 584 de
1002 522 1219 583 Scauri
1266 524 1426 583 fama
1477 524 1879 585 detraxerint:
1942 527 2272 586 multorum

199 612 380 673 etiam
426 626 540 685 spe
583 609 1045 670 commodorum
1090 605 1627 683 praemiorumque
1673 609 2009 672 ducuntur.
2068 609 2273 671 omnia

201 698 518 758 consulem
562 699 778 770 putant
816 709 1034 766 posse,
1088 691 1445 765 praesertim
1492 694 1652 752 ultro
1694 694 2103 768 pollicentem.
2181 696 2272 754 De

203 797 327 855 quo
374 780 550 853 plura
594 777 713 844 iam
746 793 870 836 non
915 776 1132 835 dicam.
1223 774 1322 834 37.
1371 775 1748 851 Quamquam
1778 792 1876 848 ea,
1935 793 2095 850 quae
2127 777 2270 850 dixi,

202 880 324 924 non
358 878 541 922 secus
577 859 729 933 dixi,
779 876 961 934 quam
1005 859 1055 919 si
1088 858 1222 919 eius
1265 859 1453 918 frater
1481 876 1715 932 essem,
1772 877 1895 921 non
1936 861 2020 934 is,
2077 861 2177 935 qui
2210 869 2273 920 et

202 954 299 1008 est
329 953 390 1006 et
420 944 523 1021 qui
568 945 752 1004 multa
786 943 962 1015 dixit,
1021 943 1134 1003 sed
1177 943 1261 1015 is,
1315 944 1415 1018 qui
1460 959 1575 1018 ego
1618 960 1760 1006 esse
1793 943 1852 1003 in
1883 961 2084 1005 meum
2127 961 2269 1005 con·

202 1028 399 1092 suevi.
473 1028 689 1088 Generi
736 1026 917 1103 igitur
952 1025 1140 1090 totius
1187 1026 1599 1088 accusationis
1643 1028 1960 1100 resistere,
2014 1028 2270 1100 iudiceS,

202 1111 470 1186 debetiS‚
522 1112 581 1171 in
619 1129 742 1187 quo
776 1111 922 1171 nihil
964 1127 1171 1183 more,
1227 1110 1366 1170 nihil
1415 1111 1629 1185 mod0,
1681 1112 1820 1171 nihil
1864 1112 2271 1184 considerate,

203 1197 346 1258 nihil
391 1160 657 1271 integre,
702 1202 918 1256 contra
957 1194 1269 1291 improbe,
1307 1195 1576 1268 turbide,
1631 1196 2016 1269 festinanter,
2058 1197 2271 1271 rapide

205 1280 428 1353 omnia,
461 1278 945 1357 conspiratione,
975 1278 1265 1353 imperio,
1308 1278 1701 1352 auctoritate,
1728 1296 1869 1355 spe,
1903 1280 2273 1341 minisvide-

204 1365 280 1426 tis
313 1380 455 1425 esse
487 1369 798 1437 suscepta.

324 1449 510 1508 XVII.
560 1444 659 1507 38.
748 1443 947 1506 Venio
980 1462 1143 1505 nunc
1176 1446 1257 1506 ad
1286 1453 1507 1518 testeS‚
1539 1446 1596 1505 in
1626 1447 1847 1522 quibus
1881 1449 2120 1510 docebo
2147 1466 2270 1510 non

203 1532 388 1593 modo
422 1531 645 1589 nullam
678 1530 858 1590 fidem
891 1536 952 1589 et
979 1529 1432 1603 auctoritatem,
1466 1532 1576 1590 sed
1612 1547 1690 1591 ne
1725 1532 1996 1605 speciem
2029 1532 2272 1609 quidem

203 1630 351 1675 esse
381 1620 488 1673 aut
513 1612 832 1688 imaginem
865 1612 1129 1673 testium.
1198 1613 1434 1673 Etenim
1479 1614 1660 1674 fidem
1696 1616 1957 1691 primum
1995 1615 2135 1692 ipsa
2162 1619 2273 1677 tol-

207 1698 271 1758 tit
300 1695 628 1772 consensio
648 1744 664 1769 ‚
710 1713 868 1771 quae
897 1698 1197 1771 patefacta
1227 1705 1323 1757 est
1365 1698 1811 1773 compromisso
1842 1698 2275 1761 Sardorumset

205 1781 629 1842 coniuratione
660 1780 939 1840 recitata:
1005 1779 1228 1840 deinde
1264 1781 1367 1841 illa
1396 1781 1727 1857 cupiditas,
1781 1799 1939 1859 quae
1979 1792 2274 1859 suscepta

204 1872 302 1927 est
350 1881 463 1941 spe
505 1872 568 1924 et
616 1868 990 1941 promissione
1041 1866 1478 1940 praemiorum:
1540 1872 1853 1942 postremo
1899 1868 2034 1944 ipsa
2085 1869 2271 1942 natio,

206 1949 379 2010 cuius
429 1955 599 2009 tanta
644 1948 883 2010 vanitas
928 1957 1049 2020 est,
1103 1955 1172 2008 ut
1213 1949 1549 2010 libertatem
1591 1967 1626 2009 a
1667 1950 1962 2012 servitute
2001 1954 2167 2012 nulla
2207 1969 2274 2012 re

206 2033 322 2092 alia
354 2032 471 2092 nisi
517 2032 849 2093 mentiendi
888 2032 1129 2093 licentia
1173 2033 1661 2109 distinguendam
1696 2042 1929 2111 putent.
2019 2034 2120 2096 39.
2162 2038 2273 2096 Ne-

205 2132 329 2192 que
380 2132 495 2191 ego
552 2116 886 2176 Sardorum
949 2117 1215 2190 querelis
1271 2119 1404 2178 dico
1466 2118 1697 2178 moveri
1755 2137 1870 2181 nos
1940 2137 2271 2196 numquam

207 2206 517 2277 oportere.
594 2199 726 2259 Non
776 2216 909 2259 sum
958 2206 1064 2260 aut
1107 2207 1229 2260 tarn
1257 2200 1621 2262 inhumanus
1664 2211 1768 2262 aut
1806 2210 1927 2263 tam
1971 2203 2206 2264 alienus
2239 2221 2275 2263 a

207 2282 448 2354 Sardis,
496 2282 853 2356 praesertim
887 2300 1072 2356 quum
1107 2285 1291 2344 frater
1321 2301 1494 2345 meus
1533 2302 1728 2360 nuper
1755 2286 1831 2346 ab
1862 2287 1956 2346 his
1989 2288 2273 2348 decesse-

206 2365 310 2437 rit,
360 2381 546 2439 quum
579 2363 667 2423 rei
703 2365 1145 2437 frumentariae
1198 2369 1302 2427 Cn.
1340 2367 1613 2444 Pompeii
1651 2369 1842 2431 missu
1885 2371 2275 2446 praefuisset,

205 2447 312 2523 qui
344 2449 563 2522 etipse
592 2446 710 2508 illis
751 2465 865 2522 pro
897 2466 1011 2510 sua
1055 2450 1178 2510 fide
1219 2458 1280 2511 et
1311 2451 1684 2512 humanitate
1726 2455 2035 2515 consuluit
2079 2462 2143 2514 et
2185 2454 2275 2514 eis

207 2530 473 2591 vicissim
510 2546 820 2607 ,percarus
873 2539 935 2593 et
980 2533 1284 2594 iucundus
1343 2534 1476 2596 fuit.
1562 2536 1663 2596 40.
1708 2539 1920 2598 Pateat
1960 2555 2108 2599 vero
2155 2539 2277 2598 hoc

206 2614 549 2691 perfugium
584 2615 811 2689 dolori,
871 2623 1075 2690 pateat
1099 2616 1276 2678 iustis
1309 2618 1605 2693 querelis,
1660 2621 2276 2683 coniurationiinter·

208 2700 518 2772 cludatur,
568 2700 965 2776 obsaepiatur
1003 2700 1272 2762 insidiis:
1319 2718 1522 2777 neque
1564 2705 1682 2765 hoc
1719 2705 1776 2764 in
1823 2706 2035 2766 Sardis
2081 2705 2275 2781 magis

204 2799 386 2856 quam
433 2782 491 2842 in
540 2784 753 2855 Gallis,
809 2783 874 2843 in
913 2784 1109 2857 Afris,
1158 2784 1219 2844 in
1267 2785 1578 2861 Hispanis.
1665 2789 1880 2848 XVIII.
1937 2790 2274 2850 Damnatus

205 2871 304 2925 est
362 2866 425 2925 T.
477 2867 801 2939 AlbucIus‚
856 2867 918 2926 C
971 2868 1385 2943 Megaboccus
1444 2887 1517 2930 ex
1582 2870 1863 2932 Sardinia
1922 2890 2043 2934 non
2092 2872 2276 2933 nullis

206 2947 383 3008 etiam
416 2949 804 3010 laudantibus
841 2950 1071 3010 Sardis,
1143 2954 1231 3011 Ita
1266 2953 1449 3013 fidem
1496 2954 1784 3016 maiorem
1831 2956 2093 3016 varietas
2138 2957 2278 3033 ipsa

208 3032 486 3094 faciebat.
561 3031 843 3094 Testibus
875 3033 1029 3094 enim
1057 3035 1302 3111 aequis,
1334 3037 1556 3097 tabulis
1586 3037 1956 3116 incorruptis
1986 3041 2279 3100 teneban-

208 3123 320 3176 tur.
409 3117 510 3175 41.
551 3117 723 3176 Nunc
767 3124 863 3178 est
900 3133 1022 3177 una
1059 3135 1214 3187 vox,
1272 3136 1390 3179 una
1420 3138 1624 3195 mens,
1677 3140 1797 3184 non
1834 3140 2132 3199 expressa
2167 3124 2279 3184 do·

208 3199 366 3270 lore,
397 3199 509 3258 sed
543 3198 850 3272 simulata,
887 3217 1090 3275 neque
1120 3202 1343 3264 huius
1328 3203 1589 3276 iniuriIS,
1628 3207 1736 3265 sed
1775 3207 2097 3283 promissis
2126 3207 2282 3268 alio—

210 3294 339 3335 rum
399 3287 461 3337 et
516 3281 798 3354 praemiis
860 3284 1138 3344 excitata.
1182 3320 1260 3331 —-
1308 3289 1390 3348 At
1441 3288 1737 3348 creditum
1793 3300 1889 3350 est
1939 3291 2277 3364 aliquando

209 3356 440 3418 Sardis.
477 3363 660 3422 ——Et
703 3365 966 3425 fortasse
1012 3370 1298 3430 credetur
1332 3370 1691 3446 aliquando,
1745 3372 1798 3434 si
1817 3373 2059 3450 ‘integri
2089 3389 2283 3435 vene-
