2381 3723
229 125 300 180 59
1017 122 1522 188 FRAGMENTA.
2183 136 2315 200 249

531 271 606 332 D.
694 271 1264 334 FRAGMENTA
1316 277 2000 344 EPISTOLARUM.

729 386 777 436 1.
848 385 938 434 AD
978 384 1035 444 Q.
1074 387 1285 438 AXIUM
1319 390 1522 441 EPIST.
1595 393 1720 444 LIB.
1763 397 1804 446 1.

359 480 412 537 1.
457 477 551 536 Ad
583 478 662 537 M.
687 476 969 539 Bibulum
995 480 1295 544 adierunt.
1353 500 1740 567 [Arusianus
1766 508 2045 560 Messius
2069 511 2310 577 Exempl.

227 559 410 614 elocut.
445 575 498 625 p.
537 561 660 612 492.
697 569 744 612 et
770 577 824 628 p.
858 563 981 615 365.
1023 566 1162 615 Mai.
1199 583 1253 632 p.
1283 569 1404 624 212.
1438 571 1701 640 Lindem.]

355 640 413 700 2.
460 640 524 702 Si
567 649 632 702 tu
674 657 792 704 nos
835 643 1062 720 aliquid
1105 648 1381 710 adiutare
1422 661 1626 729 potes.
1698 668 1860 736 [Idem
1901 673 2025 726 ibid.
2077 690 2131 741 p.
2176 677 2305 731 493.

226 730 275 774 et
311 742 364 791 p.
405 724 671 779 365.Mai.
711 742 764 792 Ρ.
805 727 925 779 213.
962 731 1241 798 [ἰηάειῃ.],

351 807 408 867 3.
456 809 681 869 Caesar
707 809 768 869 in
800 815 1124 889 consulatu
1148 816 1534 879 confirmavit
1560 836 1814 896 regnum
1832 870 1847 896 ,
1886 825 1962 884 de
1988 843 2111 902 quo
2136 828 2305 890 aedi-

227 889 300 952 lis
334 891 647 968 cogitarat·
730 908 1106 975 [Suetonius
1142 918 1226 966 vit.
1266 917 1412 968 Caes.
1456 933 1569 984 cap.
1608 919 1687 986 9.]

643 1063 720 1114 n.
790 1063 879 1113 AD
916 1065 980 1116 M.
1021 1065 1287 1118 BRUTUM
1320 1068 1521 1122 EPIST.
1593 1071 1721 1125 LIB.
1765 1075 1877 1125 vn.

196 1212 294 1305 ,m
347 1157 452 1254 His
484 1159 786 1309 οοηῐῖῐξιέἰῗ
808 1167 992 1238 atque
1009 1172 1257 1240 parata,
1289 1173 1358 1229 ut
1385 1183 1527 1228 esse
1552 1170 1782 1241 solent,
1818 1178 2111 1257 expertus
2136 1191 2300 1257 sum.

309 1256 453 1291 oniu
471 1259 496 1293 s
529 1258 582 1308 Ρ.
723 1280 739 1297 .
2019 1298 2022 1299 ’

831 1362 903 1399 ΑΙ)
942 1363 1166 1402 ΕΠΜΒΕΜ
1209 1365 1376 1405 ΕΡΙ8Τ.
1419 1367 1528 1405 LIB.
1573 1367 1683 1407 vm.

351 1436 405 1494 1.
451 1436 553 1497 Sic
581 1436 764 1513 igitur
792 1439 980 1501 facies
1014 1449 1075 1503 et
1104 1459 1203 1504 me
1237 1451 1344 1505 aut
1371 1445 1607 1508 amabis
1638 1453 1773 1519 aut,
1808 1464 1930 1523 quo
1966 1458 2293 1517 contentus

221 1533 388 1594 sum,
421 1519 655 1596 diliges.
723 1535 790 1603 [N
801 1539 986 1588 onius
1020 1554 1070 1604 p.
1106 1542 1227 1592 421.
1268 1551 1317 1592 et
1344 1559 1395 1608 Ρ.
1432 1543 1580 1610 264]

349 1617 408 1678 2.
450 1619 527 1679 Et
565 1620 733 1693 quod
779 1627 839 1680 te
884 1628 1116 1685 tantum
1159 1617 1349 1697 amat,
1416 1636 1483 1688 ut
1512 1629 1612 1689 vel
1652 1645 1749 1690 me
1792 1632 2018 1694 audeat
2068 1651 2283 1710 provo·

219 1713 383 1760 care.
449 1717 610 1784 [idem
645 1735 699 1785 Ρ.
737 1719 882 1785 527.]

347 1798 404 1860 3.
451 1799 658 1861 Simne
678 1803 880 1864 bonus
907 1800 1025 1877 vir,
1053 1803 1106 1865 si
1133 1805 1286 1866 haee
1308 1808 1643 1868 suadeam?
1682 1808 1946 1872 Minime.
1995 1814 2289 1878 Suasoris

218 1881 378 1944 enim
422 1884 558 1945 finis
603 1892 699 1946 est
738 1886 961 1948 utilitas
1005 1888 1169 1962 eius,
1232 1890 1333 1963 cui
1374 1891 1636 1966 quisque
1680 1895 1918 1955 suadet.
1996 1899 2080 1980 At
2118 1908 2287 1960 recta

216 1974 391 2028 sunt:
439 1968 575 2045 quis
611 1973 836 2045 negat?
905 1970 1027 2032 Sed
1063 1989 1183 2033 non
1220 1980 1316 2034 est
1358 1990 1605 2050 semper
1645 1976 1831 2038 rectis
1871 1976 1930 2037 in
1961 1981 2283 2043 suadendo

215 2052 414 2112 locus.
451 2064 963 2132 [Quinctilianus
995 2068 1081 2120 lib.
1120 2072 1207 2124 111.
1246 2085 1359 2136 eap.
1396 2072 1447 2122 8.
1478 2074 1531 2135 5.
1566 2070 1675 2137 42]

340 2149 400 2209 4.
452 2150 704 2211 Veritus
750 2151 1017 2213 fortasse
1059 2169 1138 2214 ne
1175 2171 1293 2215 nos
1335 2154 1395 2215 in
1430 2156 1721 2216 Catonem
1766 2162 2045 2220 nostrum
2089 2166 2281 2222 trans·

214 2233 514 2294 ferremus
545 2232 705 2294 illinc
735 2235 872 2295 mali
904 2234 1080 2311 quid,
1131 2237 1248 2298 etsi
1278 2247 1696 2313 argumentum
1748 2238 1941 2301 simile
1968 2258 2091 2303 non
2128 2252 2280 2303 erat.

213 2313 377 2381 [Idem
408 2317 493 2367 lib.
532 2319 595 2367 V.
629 2332 742 2383 cap.
785 2319 866 2370 10.
902 2321 953 2382 s.
991 2318 1099 2386 9.]
1974 2338 1977 2341 ’

337 2397 396 2457 5.
435 2399 584 2459 Nam
609 2401 1050 2477 eloquentiam,
1084 2420 1245 2478 quae
1274 2403 1733 2468 admirationem
1764 2410 2114 2486 nonhabet,
2150 2414 2279 2474 nul-

209 2480 330 2540 lam
365 2480 589 2543 iudico.
657 2498 818 2566 [Idem
853 2500 942 2550 lib.
981 2502 1113 2555 vm.
1153 2517 1268 2567 cap.
1306 2501 1357 2552 3.
1392 2504 1442 2565 s.
1481 2504 1556 2567 6.]
1661 2495 1673 2509 ’

338 2580 395 2641 6.
436 2581 590 2644 Eum
621 2599 893 2644 amorem
925 2590 987 2654 et
1015 2591 1185 2658 eum,
1226 2591 1293 2646 ut
1317 2585 1437 2646 hoe
1466 2587 1658 2649 verbo
1687 2596 1855 2663 utar,
1898 2593 2172 2655 favorem
2217 2596 2277 2655 in

208 2662 531 2725 eonsilium
562 2666 908 2728 advocabo.
974 2682 1137 2750 [idem
1179 2685 1271 2735 lib.
1304 2687 1435 2739 vm.
1469 2701 1580 2750 cap.
1618 2686 1669 2737 3.
1709 2688 1759 2750 §-
1801 2686 1912 2753 34]

334 2761 393 2821 7.
437 2764 673 2840 Populo
727 2763 1131 2842 imposuimus
1182 2777 1244 2831 et
1291 2775 1571 2831 oratores
1623 2769 1740 2831 visi
1797 2789 2031 2835 sumus.
2103 2785 2276 2855 [Idem

204 2844 297 2895 lib.
329 2847 462 2897 vm.
503 2863 614 2913 cap.
656 2848 704 2900 6.
742 2852 793 2913 s.
837 2848 922 2905 ⁶20.
955 2861 1004 2901 et
1034 2851 1148 2917 sa]

334 2926 392 2988 8.
435 2929 566 3005 Ego
612 2947 797 3008 quum
835 2931 895 2992 in
934 2934 1190 3009 gratiam
1221 2935 1502 2997 redierim
1544 2952 1680 2997 eum
1722 2938 1883 3016 App.
1918 2939 2169 3003 Claudio
2215 2947 2275 3000 et

201 3011 485 3073 redierim
527 3030 642 3089 per
675 3016 780 3076 Cn.
826 3015 1213 3093 Pompeium:
1264 3036 1395 3097 ⁴ego
1440 3036 1588 3095 ergo
1631 3038 1821 3096 quum
1851 3022 2156 3083 redierim.
2192 3055 2274 3065 -

201 3094 367 3161 [Idem
395 3096 482 3148 lib.
520 3099 609 3147 IX.
649 3114 763 3165 cap.
801 3100 850 3153 3.
886 3103 938 3164 S.
976 3100 1088 3167 41.]

327 3178 385 3238 9.
428 3178 646 3241 Sermo
679 3183 879 3243 nullus
911 3182 1174 3255 scilicet,
1229 3184 1345 3245 nisi
1376 3186 1454 3245 de
1496 3192 1587 3246 te:
1648 3186 1795 3263 quid
1832 3186 1993 3248 enim
2024 3187 2274 3264 potius?

197 3262 349 3321 Tum
383 3262 660 3325 Flavius:
737 3265 916 3339 Cras,
968 3266 1194 3344 inquit,
1245 3268 1569 3343 tabellarii,
1628 3277 1689 3332 et
1730 3287 1846 3347 ego
1891 3270 2116 3333 ibidem
2159 3270 2272 3333 has

194 3349 353 3407 inter
391 3362 602 3407 cenam
639 3348 906 3412 exaravi·
980 3364 1138 3431 [idem
1181 3367 1306 3418 ibid.
1344 3370 1394 3431 §-
1435 3370 1544 3434 58.)
