2381 3723
105 147 178 202 69
378 138 481 196 lV.
531 136 692 195 CAP.
720 148 770 198 1.
796 146 847 197 2.
891 142 1206 206 §.27—-32,
1252 136 1328 193 V.
1377 135 1543 195 CAP.
1568 147 1617 198 1.
1642 144 1694 204 s.
1718 146 1809 200 33.
1833 147 1921 200 34.
2064 136 2185 199 185

104 286 543 366 occupaverit?
615 285 676 347 in
727 287 862 347 foro
908 294 1110 348 castra
1151 287 1435 363 posuisti.
1525 288 1625 349 32.
1684 288 1808 349 Sed
1862 288 2008 365 quid
2064 307 2184 365 ego

103 388 466 434 communes
497 374 668 447 leges
699 372 980 449 profero,
1028 370 1249 446 quibus
1288 372 1571 432 omnibus
1605 388 1672 432 es
1707 374 1924 433 exsul?
1989 373 2182 433 Fami-

101 455 467 519 liarissimus
512 464 653 517 tuus
696 457 773 515 de
817 462 877 515 te
918 454 1297 531 privilegium
1339 455 1498 529 tulit,
1548 462 1649 535 ut,
1701 457 1753 516 si
1796 456 1856 516 in
1901 463 2183 534 opertum

101 542 316 602 Bonae
346 542 500 601 deae
531 540 953 617 accessisses,
1001 541 1343 599 exsulares,
1424 540 1508 599 At
1538 546 1600 600 te
1640 539 1702 599 id
1744 539 1969 601 fecisse
1999 539 2179 600 etiam

100 624 348 700 gloriari
410 625 600 685 soles.
686 625 820 698 Quo
876 623 1069 685 modo
1120 622 1304 697 igitur
1354 631 1447 685 tot
1491 623 1731 699 legibus
1782 622 1842 684 in
1900 623 2179 685 exsilium

103 708 357 769 eiectus·
395 722 618 767 nomen
677 708 907 768 exsulis
969 724 1089 767 non
1137 707 1607 782 perhorrescis?
1676 709 1947 769 ‘Romae
1987 713 2179 782 sum’,

98 791 326 867 inquis.
392 790 468 852 Et
510 784 756 866 quidem
800 790 860 851 in
912 799 1129 867 operto
1176 789 1360 852 suisti.
1427 792 1560 851 Non
1607 791 1816 867 igitur,
1867 790 1972 853 ubi
2016 791 2177 868 quis·

102 891 227 951 que
257 874 399 947 erit,
458 875 589 935 eius
618 873 740 937 loci
772 872 867 934 ius
916 873 1172 947 tenebit,
1228 874 1279 935 si
1322 872 1404 934 ibi
1436 891 1574 935 eum
1607 873 1842 950 legibus
1878 891 2021 936 esse
2052 892 2177 935 non

102 957 434 1035 oportebit.

787 1154 1363 1216 PARADOXON
1403 1158 1480 1215 V.
1529 1205 1533 1210 .

256 1258 396 1326 Ὅτι
419 1258 625 1344 μόνος
647 1257 683 1326 ὁ
710 1259 920 1346 σοφὸς
943 1260 1301 1345 ἐλεύθερος
1326 1264 1435 1326 καὶ
1460 1266 1586 1339 πᾶς
1602 1257 1844 1345 ἄφρων
1868 1265 2128 1342 δοῦλος.

272 1350 490 1427 [Solum
515 1354 836 1426 sapientem
859 1369 984 1412 esse
1005 1352 1254 1412 liberum
1275 1358 1334 1410 et
1352 1367 1575 1410 omnem
1596 1355 1831 1411 stultum
1857 1354 2131 1430 servum]

229 1461 271 1518 1.
314 1458 414 1519 33.
500 1460 810 1522 Laudetur
853 1477 998 1522 vero
1043 1460 1141 1521 hic
1186 1461 1519 1537 imperator
1561 1459 1875 1522 autetiam
1907 1464 2170 1538 appelle-

103 1550 204 1603 tur
234 1549 339 1602 aut
370 1542 490 1602 1106
520 1542 768 1605 1101111116
802 1544 1022 1619 dignus
1065 1552 1327 1621 putetur.
1398 1546 1529 1619 Quo
1562 1545 1750 1605 modo
1782 1553 1888 1607 aut
1919 1545 2013 1606 cui
2044 1553 2147 1607 tan

101 1626 243 1685 dem
275 1625 371 1686 hic
403 1624 594 1687 libero
627 1626 978 1705 imperabit,
1024 1628 1275 1704 quinon
1312 1634 1520 1703 potest
1563 1626 1996 1705 cupiditatibus
2041 1629 2171 1691 suis

101 1709 442 1786 imperare?
511 1711 804 1771 Refrenet
840 1710 1101 1787 primum
1145 1711 1459 1783 libidines,
1517 1718 1773 1787 spernat
1798 1715 2173 1788 voluptateS,

102 1791 474 1853 iracundiam
505 1801 738 1869 teneat,
780 1799 1065 1855 coerceat
1095 1794 1437 1868 avaritiam,
1473 1803 1749 1856 caeteras
1781 1795 1961 1855 animi
1999 1796 2170 1856 labes

101 1878 384 1951 repellat,
429 1884 554 1938 tum
590 1878 837 1955 incipiat
866 1878 998 1939 aliis
1028 1878 1361 1954 imperare,
1405 1896 1592 1953 quum
1627 1880 1764 1955 ipse
1795 1879 2172 1955 improbissi-

100 1960 215 2020 mis
250 1960 544 2033 dominis,
581 1962 870 2024 dedecori
901 1979 974 2023 ac
1004 1961 1392 2038 turpitudini,
1424 1978 1643 2036 parere
1675 1961 1941 2022 desierit.
2013 1964 2170 2022 Dum

103 2043 349 2119 quidem
379 2043 474 2105 his
507 2045 824 2119 oboediet,
859 2062 982 2106 non
1009 2048 1194 2106 modo
1227 2046 1585 2120 imperator,
1627 2045 1740 2104 sed
1770 2044 1924 2105 liber
1944 2044 2170 2104 haben-

103 2128 220 2186 dus
263 2126 509 2188 omnino
555 2145 678 2189 non
726 2129 857 2189 erit.
928 2130 1248 2189 Praeclare
1297 2125 1457 2189 enim
1501 2134 1598 2187 est
1643 2127 1761 2187 1106
1808 2134 2168 2202 usurpatum

101 2227 136 2270 6
167 2209 570 2284 doctissimiS,
625 2228 886 2287 quorum
933 2228 1049 2287 ego
1084 2213 1439 2273 auctoritate
1469 2228 1591 2272 non
1641 2219 1874 2285 uterer,
1928 2211 1982 2271 si
2027 2210 2169 2270 mihi

100 2293 264 2370 apud
318 2293 557 2370 aliquos
613 2302 892 2371 agrestes
942 2296 1095 2355 haec
1144 2295 1427 2356 habenda
1478 2305 1646 2356 esset
1694 2294 1919 2356 oratio:
1981 2311 2166 2368 quum

98 2393 249 2437 vero
319 2378 483 2452 apud
535 2378 1049 2454 prudentissimos
1108 2380 1356 2455 loquar,
1416 2377 1637 2454 quibus
1694 2378 1847 2438 11666
1899 2377 2168 2439 inaudita

99 2476 222 2520 non
255 2467 428 2535 sunt,
465 2478 574 2522 cur
605 2479 721 2537 ego
757 2462 1034 2523 simulem
1058 2478 1186 2535 me,
1220 2462 1272 2523 si
1303 2461 1448 2539 quid
1476 2462 1535 2522 in
1567 2461 1663 2523 his
1694 2461 1913 2523 studiis
1938 2478 2166 2538 operae

97 2542 442 2618 posuerim,
493 2544 879 2621 perdidisse?
948 2546 1186 2606 Dictum
1240 2552 1337 2606 est
1383 2545 1567 2622 igitur
1608 2544 1683 2603 ab
1738 2544 2165 2606 eruditissimis

96 2625 245 2686 viris
286 2625 407 2687 nisi
453 2627 792 2703 sapientem
832 2629 1087 2689 liberum
1125 2645 1286 2690 esse.
1311 2627 1631 2688 neminem.
1720 2626 1819 2686 34.
1870 2628 2024 2702 Quid
2071 2634 2166 2686 est

97 2708 258 2768 enim
299 2710 586 2772 libertas?
636 2720 914 2788 potestas
958 2711 1202 2772 vivendi
1241 2721 1309 2774 ut
1352 2711 1523 2771 velis.
1598 2708 1743 2784 Quis
1791 2709 1976 2784 igitur
2014 2708 2166 2768 vivit

94 2800 161 2852 ut
201 2794 332 2853 vult
383 2793 500 2854 nisi
539 2795 644 2855 cui
684 2803 851 2856 recta
883 2795 1190 2871 sequitur,
1254 2795 1356 2871 qui
1388 2795 1616 2870 gaudet
1659 2792 1893 2864 officio,
1953 2793 2049 2853 cui
2080 2790 2165 2852 vi-

91 2874 282 2936 vendi
324 2874 423 2937 via
470 2877 860 2939 considerata
910 2886 1096 2954 atque
1147 2878 1397 2955 provisa
1432 2879 1565 2938 est?
1623 2876 1725 2952 qui
1764 2875 2002 2952 legibus
2037 2874 2164 2952 qui-

93 2959 235 3019 dem
263 2976 388 3020 non
418 2969 675 3038 propter
704 2969 928 3023 metum
962 2969 1163 3038 paret,
1196 2963 1309 3022 sed
1339 2978 1445 3022 666
1477 2960 1756 3035 sequitur
1785 2968 1969 3037 atque
2000 2961 2161 3032 colit,

92 3041 238 3118 quia
280 3042 342 3103 id
387 3047 654 3106 salutare
684 3045 943 3106 maxime
975 3062 1118 3106 esse
1151 3044 1409 3118 iudicat,
1461 3044 1565 3120 qui
1605 3043 1750 3104 nihil
1792 3044 1962 3114 dicit,
2017 3042 2160 3102 1111111

90 3125 270 3200 facit,
326 3124 470 3187 nihil
518 3127 744 3205 cogitat
793 3129 1058 3204 denique
1109 3128 1226 3189 nisi
1279 3129 1539 3190 libenter
1590 3144 1663 3190 ac
1708 3128 1925 3196 libere,
1988 3124 2162 3187 cuius

91 3209 299 3270 omnia
353 3212 611 3273 consilia
666 3230 894 3289 resque
938 3229 1183 3286 omnes,
1256 3230 1411 3288 quas
1458 3212 1643 3289 gerit,
1709 3211 1786 3271 ab
1834 3210 1972 3286 ipso
2023 3225 2158 3285 pro-

92 3293 456 3356 ficiscuntur
518 3296 866 3372 eodemque
925 3297 1275 3356 reseruntur
1343 3312 1459 3357 nec
1510 3303 1606 3357 est
1654 3295 1776 3354 ulla
1829 3308 1930 3352 res
2001 3308 2160 3367 quae

92 3379 231 3452 plus
262 3381 429 3454 apud
458 3396 594 3440 eum
624 3381 856 3455 polleat
884 3397 1065 3456 quam
1095 3378 1291 3456 ipsius
1321 3381 1606 3442 voluntas
1638 3386 1823 3451 atque
1850 3373 2156 3438 iudicium.

94 3459 190 3520 cui
223 3461 470 3536 quidem
507 3462 718 3538 etiam,
772 3479 931 3540 quae
965 3462 1087 3524 vim
1120 3463 1346 3523 habere
1377 3459 1700 3522 maximam
1726 3457 1973 3533 dicitur,
2015 3457 2144 3516 For⁷

2227 3606 2283 3632 A
