2381 3723
77 70 206 135 216
508 124 530 143 ,
863 72 1361 134 FRAGMENTA.
2086 86 2158 141 26

212 224 308 285 16.
356 221 469 300 Qui
520 220 860 283 commodis
901 222 1116 299 populi
1162 224 1422 285 Romani
1471 224 1677 301 fingua
1725 227 2041 288 dumtaxat
2084 244 2157 288 ac

85 310 395 443 volzlggtalt?
419 306 744 455 {onSJlluit-
778 318 1168 386 [Arusianus
1193 322 1475 373 Messius
1499 323 1728 389 Exempl.
1750 324 1931 376 elocut.
1955 341 2011 391 p.
2032 326 2150 382 511,

80 408 134 457 p.
277 430 291 444 .
373 405 425 439 ιιι
465 405 562 441 em.

82 542 138 591 L·
181 458 706 607 d17.]Expelleret
738 473 776 517 a
805 456 1327 534 dispensantibus.
1395 472 1559 540 [mem
1583 476 1709 527 ibid.
1728 492 1783 543 p.
1804 476 1927 530 513.
1957 494 2011 545 p.
2035 480 2154 529 227.

126 558 176 592 ln
218 558 317 593 em·

218 610 314 671 18.
362 608 677 685 correpsit
705 608 765 669 in
798 611 1021 671 scalas.
1087 625 1419 691 [scholiastes
1464 635 1566 678 vet.
1606 629 1659 677 in
1691 630 1861 682 Iuven.
1913 646 1964 681 ν.
2001 630 2161 680 Rut-

83 695 373 759 gersium
407 695 561 748 Varr.
600 692 761 744 Lectt.
799 692 889 745 lib.
928 694 992 745 V.
1033 708 1148 759 eap.
1186 693 1239 745 3.
1277 709 1333 760 p.
1373 693 1522 762 452]

197 762 310 857 ·19.
353 763 443 823 Ne
472 759 669 822 fraudi
712 760 792 821 sit
830 760 917 834 ei,
972 762 1076 837 qui
1119 764 1416 844 populum
1446 764 1526 823 ad
1564 767 2017 829 contentionem
2048 782 2158 827 vo·

89 852 259 906 carli..
325 859 625 927 [Servius
659 860 726 909 ad
762 862 887 913 Aen.
928 860 1016 911 lib.
1057 860 1150 915 XI.
1187 876 1239 912 v,
1275 860 1422 927 708.]

747 943 798 994 6.
848 942 996 1002 ,PRO
1027 944 1098 999 M.
1139 944 1489 1000 FUNDANIO.

230 1025 401 1092 [Haec
435 1025 602 1076 oratio
628 1024 803 1076 habita
841 1032 919 1075 eet
943 1040 998 1087 ρ.
1028 1042 1081 1080 a.
1106 1042 1158 1079 u.
1182 1041 1229 1079 c.
1257 1026 1379 1079 688.
1448 1028 1563 1078 Duo
1589 1028 1879 1094 fragmenta
1905 1029 2180 1093 postrema

89 1094 280 1147 Orellio
309 1093 568 1145 debentur.
641 1091 860 1158 NOBB.]

218 1178 270 1236 1.
312 1179 447 1238 Non
493 1175 678 1237 modo
724 1176 844 1236 hoc
888 1191 926 1234 a
955 1174 1137 1237 Villio
1180 1176 1451 1249 Annale,
1505 1178 1621 1237 sed
1665 1177 1769 1238 vix
1813 1178 2163 1239 mehercule

88 1278 125 1322 a
168 1260 814 1408 Q.1}wi}tot5ig]factum
867 1258 1118 1334 probari
1169 1265 1398 1335 potest.
1464 1271 1874 1338 [Priscianus
1919 1277 2008 1327 lib.
2046 1277 2164 1330 vn.

88 1361 205 1413 cap.
314 1380 328 1395 .
405 1384 418 1396 .
530 1380 544 1396 .

215 1412 275 1473 2.
332 1413 597 1472 Essetne
646 1408 739 1482 id,
807 1410 976 1484 quod
1027 1411 1211 1471 Meno
1269 1412 1641 1474 nunciasset.
1727 1426 1885 1493 [Idem
1932 1428 2022 1481 lib.
2072 1429 2163 1482 vi.

91 1512 205 1563 cap.
239 1498 290 1547 5.
329 1496 380 1558 S.
419 1494 504 1547 29.
544 1508 598 1558 p.
629 1493 750 1545 221.
784 1491 981 1558 Hertz]

220 1564 278 1625 3.
319 1564 598 1623 Arcades
634 1577 705 1621 se
735 1563 1105 1637 proselenos
1137 1550 1283 1623 esse
1313 1563 1714 1637 adseverant,
1758 1562 1820 1624 id
1861 1570 1980 1637 est,
2024 1573 2167 1625 ante

91 1650 297 1709 lunam
327 1653 539 1717 natm,
607 1644 774 1719 quod
820 1650 882 1703 et
913 1644 1122 1706 Cicero
1169 1644 1228 1705 in
1266 1646 1663 1708 Fundaniana
1707 1655 2164 1709 commemorat.

92 1730 387 1798 [Servius
442 1730 508 1779 ad
553 1726 741 1793 Georg.
794 1727 884 1777 lib.
924 1729 987 1779 11.
1040 1745 1090 1777 v.
1127 1728 1247 1780 342.
1298 1729 1367 1780 cf.
1420 1729 1682 1781 Placidum
1727 1730 2042 1782 Lactantium
2099 1730 2166 1780 ad

92 1800 240 1851 Statii
270 1797 518 1849 Thebaid.
544 1798 635 1849 lib.
669 1797 754 1849 IV.
791 1812 847 1861 p.
881 1797 995 1849 132.
1028 1797 1111 1851 ed.
1141 1797 1519 1865 Lindenbrog.:
1556 1798 1754 1849 ‘Cicero
1786 1814 1879 1867 pro
1905 1799 2168 1849 Fundanio

93 1869 351 1936 opinionis
382 1870 494 1919 eius
529 1867 787 1927 meminit,
825 1881 979 1929 quum
1015 1867 1078 1917 de
1116 1867 1381 1918 nobilitate
1414 1868 1729 1935 tractarem]

215 1938 276 1997 4.
324 1936 757 1999 commissura.
827 1947 1124 2014 [Servius
1161 1950 1230 2000 ad
1264 1952 1393 2004 Aen.
1433 1950 1523 2002 lib.
1555 1951 1644 2003 lx.
1681 1967 1731 2004 v.
1769 1950 1914 2018 675]

220 2021 280 2081 5.
327 2022 572 2082 Puncta·
643 2035 826 2102 [Acro
863 2037 930 2086 ad
964 2035 1131 2085 Horat.
1172 2036 1237 2086 de
1272 2045 1366 2090 art.
1407 2039 1548 2102 poet.
1583 2051 1633 2085 v.
1668 2032 1817 2098 343]

223 2104 282 2166 6.
327 2103 804 2179 Descripsistine
837 2103 967 2164 eius
1006 2104 1456 2179 necessarium,
1500 2108 1782 2164 nostrum
1814 2098 2171 2177 competito-

95 2189 265 2248 rem?
303 2187 486 2248 istum
526 2186 759 2263 ipsum,
805 2187 980 2247 cuius
1011 2203 1172 2247 nunc
1203 2187 1406 2249 studio
1440 2196 1503 2249 et
1534 2185 1730 2262 gratia
1758 2192 1891 2246 tota
1919 2199 2171 2245 accusa⁸

96 2271 180 2331 tio
206 2271 323 2331 ista
338 2268 576 2329 ‘munita
609 2277 722 2330 est.
785 2283 1121 2349 [Boethius
1144 2287 1209 2336 de
1227 2287 1430 2339 Definit.
1452 2303 1505 2354 p.
1525 2287 1646 2340 658.
1680 2286 1763 2337 ed.
1785 2286 1902 2335 Bas.
1924 2299 1974 2334 a.
2000 2281 2170 2347 1570.}

225 2356 283 2414 7.
326 2352 580 2427 Antiqui
615 2352 900 2413 dicebant
926 2356 1209 2427 fordeum
1250 2357 1594 2433 foedusque
1635 2370 1748 2432 pro
1794 2352 2171 2428 aspiratione

97 2452 220 2498 vau
250 2434 430 2496 simili
458 2435 658 2496 littera
689 2443 963 2498 utentes:
1002 2454 1140 2498 nam
1174 2445 1389 2500 contra
1414 2438 1628 2500 Graeci
1651 2437 1927 2514 aspirare
1953 2436 2172 2506 solent,
2221 2514 2224 2517 Ι

99 2528 164 2580 ut
202 2536 318 2595 pro
362 2519 680 2581 Fundanio
715 2519 925 2582 Cicero
973 2528 1221 2594 testem,
1276 2521 1381 2597 qui
1432 2522 1688 2601 primam
1737 2521 1869 2581 eius
1915 2518 2173 2578 litteram

100 2603 306 2664 dicere
337 2619 459 2663 non
491 2610 739 2679 posset,
774 2602 1003 2665 irridet.
1066 2619 1576 2687 [Quinctilianus
1601 2620 1690 2669 lib.
1713 2621 1754 2672 1.
1776 2632 1887 2682 cap.
1908 2618 1963 2668 4.
1985 2611 2170 2679 §.14.]

220 2685 282 2746 8.
326 2685 512 2762 Quasi
552 2704 704 2749 vero
741 2704 858 2763 ego
893 2688 970 2748 de
1012 2689 1164 2750 faeie
1205 2697 1336 2765 tua,
1385 2688 1696 2761 catamite,
1741 2685 2028 2757 dixerim,
2076 2683 2177 2743 vel

98 2770 307 2841 †alias
340 2771 594 2846 potuisti
645 2770 1150 2834 contumeliosius
1199 2776 1432 2846 facere,
1484 2771 1537 2833 si
1579 2772 1687 2832 tibi
1725 2771 1846 2831 hoc
1876 2769 2173 2829 Parmeno

101 2851 381 2928 adloqui,
414 2870 486 2913 ac
509 2871 632 2915 non
669 2856 805 2931 ipse
832 2855 1129 2917 Parmeno
1158 2856 1531 2918 nunciasset.
1602 2868 1727 2937 [Iul.
1776 2865 2179 2917 Rufinianus

101 2936 166 2986 de
202 2937 351 3002 Figg.
379 2952 433 3001 p.
473 2937 590 2990 197.
631 2938 835 2993 Ruhnk.
869 2954 924 3004 p.
957 2939 1043 2992 30.
1079 2940 1318 3006 Cappen}

799 3024 851 3075 7.
922 3020 1047 3071 PRO
1085 3022 1150 3076 A.
1194 3020 1482 3074 GABINIO.

241 3100 415 3167 [Dicta
451 3111 529 3154 est
559 3103 686 3153 haec
719 3107 882 3155 oratio
919 3105 1299 3175 DomitioffApp.
1328 3105 1536 3156 Claudio
1563 3116 1692 3152 eoas.
1730 3117 1781 3153 a.
1827 3097 1930 3151 700
1950 3113 2009 3160 p.
2048 3114 2098 3146 u.
2130 3113 2178 3147 c.

103 3167 184 3230 Gf.
222 3170 318 3220 Dio
351 3172 556 3222 Cassius
590 3172 678 3222 lib.
716 3172 979 3226 XXXIX.
1019 3188 1134 3236 cap.
1167 3173 1256 3226 63.
1316 3169 1529 3237 NOBB.]

230 3237 362 3310 Ego
388 3256 573 3314 quum
598 3256 813 3301 omnes
838 3240 1130 3302 amicitias
1157 3241 1421 3302 tuendas
1446 3254 1694 3314 semper
1717 3233 1924 3313 putavi
1941 3248 2181 3295 summa

104 3313 400 3391 reiigione
433 3330 493 3380 et
525 3322 647 3383 fide
679 3330 801 3383 tum
832 3340 939 3384 eas
963 3325 1254 3397 maxime,
1301 3340 1460 3399 quae
1491 3328 1706 3384 essent
1738 3337 1815 3381 ex
1855 3315 2180 3378 inimicitiis
