<?xml version="1.0" encoding="UTF-8"?>
<!DOCTYPE html PUBLIC "-//W3C//DTD XHTML 1.0 Transitional//EN"
    "http://www.w3.org/TR/xhtml1/DTD/xhtml1-transitional.dtd">
<html xmlns="http://www.w3.org/1999/xhtml" xml:lang="en" lang="en">
 <head>
  <title>
</title>
<meta http-equiv="Content-Type" content="text/html;charset=utf-8" />
  <meta name='ocr-system' content='tesseract 3.04.00' />
  <meta name='ocr-capabilities' content='ocr_page ocr_carea ocr_par ocr_line ocrx_word'/>
</head>
<body>
  <div class='ocr_page' id='page_1' title='image "./scriptaquaemans01wesegoog_0289.png"; bbox 0 0 2381 3723; ppageno 0'>
   <div class='ocr_carea' id='block_1_1' title="bbox 150 176 2275 244">
    <p class='ocr_par' dir='ltr' id='par_1_1' title="bbox 150 176 2275 244">
     <span class='ocr_line' id='line_1_1' title="bbox 150 176 2275 244; baseline 0.001 -2"><span class='ocrx_word' id='word_1_1' title='bbox 150 234 162 243; x_wconf 90' lang='lat'><strong>.</strong></span> <span class='ocrx_word' id='word_1_2' title='bbox 202 185 271 242; x_wconf 85' lang='lat'>77</span> <span class='ocrx_word' id='word_1_3' title='bbox 995 176 1499 238; x_wconf 87' lang='lat' dir='ltr'><strong>FRAGMENTA.</strong></span> <span class='ocrx_word' id='word_1_4' title='bbox 2158 179 2275 244; x_wconf 78' lang='lat'>267</span> 
     </span>
    </p>
   </div>
   <div class='ocr_carea' id='block_1_2' title="bbox 194 326 2280 1242">
    <p class='ocr_par' dir='ltr' id='par_1_2' title="bbox 194 326 2280 1242">
     <span class='ocr_line' id='line_1_2' title="bbox 200 326 2279 405; baseline 0 -14"><span class='ocrx_word' id='word_1_5' title='bbox 200 331 342 391; x_wconf 92' lang='lat' dir='ltr'>dem</span> <span class='ocrx_word' id='word_1_6' title='bbox 389 327 611 405; x_wconf 82' lang='lat' dir='ltr'>dignae</span> <span class='ocrx_word' id='word_1_7' title='bbox 655 326 844 389; x_wconf 89' lang='lat' dir='ltr'>libero</span> <span class='ocrx_word' id='word_1_8' title='bbox 887 335 1098 390; x_wconf 89' lang='lat' dir='ltr'>essent</span> <span class='ocrx_word' id='word_1_9' title='bbox 1141 334 1394 390; x_wconf 89' lang='lat' dir='ltr'>ornatus</span> <span class='ocrx_word' id='word_1_10' title='bbox 1441 329 1723 392; x_wconf 90' lang='lat' dir='ltr'>omnibus</span> <span class='ocrx_word' id='word_1_11' title='bbox 1764 338 1891 392; x_wconf 88' lang='lat' dir='ltr'>tum</span> <span class='ocrx_word' id='word_1_12' title='bbox 1936 347 2082 393; x_wconf 88' lang='lat' dir='ltr'>acer</span> <span class='ocrx_word' id='word_1_13' title='bbox 2112 330 2279 392; x_wconf 91' lang='lat' dir='ltr'>inve-</span> 
     </span>
     <span class='ocr_line' id='line_1_3' title="bbox 197 411 2278 488; baseline 0 -14"><span class='ocrx_word' id='word_1_14' title='bbox 197 412 459 488; x_wconf 83' lang='lat' dir='ltr'>stigator</span> <span class='ocrx_word' id='word_1_15' title='bbox 499 419 561 472; x_wconf 90' lang='lat' dir='ltr'>et</span> <span class='ocrx_word' id='word_1_16' title='bbox 601 411 857 487; x_wconf 88' lang='lat' dir='ltr'>diligens</span> <span class='ocrx_word' id='word_1_17' title='bbox 903 428 1112 471; x_wconf 88' lang='lat' dir='ltr'>earum</span> <span class='ocrx_word' id='word_1_18' title='bbox 1146 427 1383 486; x_wconf 88' lang='lat' dir='ltr'>rerum,</span> <span class='ocrx_word' id='word_1_19' title='bbox 1428 429 1586 487; x_wconf 88' lang='lat' dir='ltr'>quae</span> <span class='ocrx_word' id='word_1_20' title='bbox 1630 430 1667 473; x_wconf 86' lang='lat' dir='ltr'>a</span> <span class='ocrx_word' id='word_1_21' title='bbox 1710 423 1927 475; x_wconf 88' lang='lat' dir='ltr'>natura</span> <span class='ocrx_word' id='word_1_22' title='bbox 1965 414 2278 476; x_wconf 90' lang='lat' dir='ltr'>involutae</span> 
     </span>
     <span class='ocr_line' id='line_1_4' title="bbox 200 494 2278 576; baseline 0.001 -20"><span class='ocrx_word' id='word_1_23' title='bbox 200 496 506 556; x_wconf 86' lang='lat' dir='ltr'>videntur.</span> <span class='ocrx_word' id='word_1_24' title='bbox 553 494 833 570; x_wconf 90' lang='lat' dir='ltr'>Denique</span> <span class='ocrx_word' id='word_1_25' title='bbox 858 495 949 556; x_wconf 91' lang='lat' dir='ltr'>sic</span> <span class='ocrx_word' id='word_1_26' title='bbox 970 494 1196 567; x_wconf 91' lang='lat' dir='ltr'>iudico,</span> <span class='ocrx_word' id='word_1_27' title='bbox 1230 501 1377 570; x_wconf 88' lang='lat' dir='ltr'>post</span> <span class='ocrx_word' id='word_1_28' title='bbox 1404 495 1542 557; x_wconf 90' lang='lat' dir='ltr'>illos</span> <span class='ocrx_word' id='word_1_29' title='bbox 1567 497 1806 558; x_wconf 90' lang='lat' dir='ltr'>nobiles</span> <span class='ocrx_word' id='word_1_30' title='bbox 1828 498 2278 576; x_wconf 78' lang='lat' dir='ltr'>PythagoreOS,</span> 
     </span>
     <span class='ocr_line' id='line_1_5' title="bbox 199 576 2280 659; baseline 0 -19"><span class='ocrx_word' id='word_1_31' title='bbox 199 595 462 654; x_wconf 90' lang='lat' dir='ltr'>quorum</span> <span class='ocrx_word' id='word_1_32' title='bbox 493 578 815 654; x_wconf 83' lang='lat' dir='ltr'>disciplina</span> <span class='ocrx_word' id='word_1_33' title='bbox 843 576 1145 639; x_wconf 82' lang='lat' dir='ltr'>exstincta</span> <span class='ocrx_word' id='word_1_34' title='bbox 1169 583 1267 638; x_wconf 90' lang='lat' dir='ltr'>est</span> <span class='ocrx_word' id='word_1_35' title='bbox 1293 579 1563 653; x_wconf 89' lang='lat' dir='ltr'>quodam</span> <span class='ocrx_word' id='word_1_36' title='bbox 1584 582 1792 655; x_wconf 90' lang='lat' dir='ltr'>modo,</span> <span class='ocrx_word' id='word_1_37' title='bbox 1828 600 2015 659; x_wconf 90' lang='lat' dir='ltr'>quum</span> <span class='ocrx_word' id='word_1_38' title='bbox 2046 580 2280 657; x_wconf 79' lang='lat' dir='ltr'>aliquot</span> 
     </span>
     <span class='ocr_line' id='line_1_6' title="bbox 198 660 2274 742; baseline 0 -19"><span class='ocrx_word' id='word_1_39' title='bbox 198 664 449 723; x_wconf 87' lang='lat' dir='ltr'>saecula</span> <span class='ocrx_word' id='word_1_40' title='bbox 488 661 551 721; x_wconf 86' lang='lat' dir='ltr'>in</span> <span class='ocrx_word' id='word_1_41' title='bbox 591 663 763 722; x_wconf 87' lang='lat' dir='ltr'>Italia</span> <span class='ocrx_word' id='word_1_42' title='bbox 794 661 1121 738; x_wconf 80' lang='lat' dir='ltr'>Siciliaque</span> <span class='ocrx_word' id='word_1_43' title='bbox 1165 660 1491 736; x_wconf 80' lang='lat' dir='ltr'>viguisset,</span> <span class='ocrx_word' id='word_1_44' title='bbox 1538 664 1702 725; x_wconf 91' lang='lat' dir='ltr'>hunc</span> <span class='ocrx_word' id='word_1_45' title='bbox 1733 664 2046 727; x_wconf 84' lang='lat' dir='ltr'>exstitisse</span> <span class='ocrx_word' id='word_1_46' title='bbox 2078 665 2181 742; x_wconf 90' lang='lat' dir='ltr'>qui</span> <span class='ocrx_word' id='word_1_47' title='bbox 2209 664 2274 724; x_wconf 85' lang='lat' dir='ltr'>il-</span> 
     </span>
     <span class='ocr_line' id='line_1_7' title="bbox 195 744 2276 824; baseline 0.002 -19"><span class='ocrx_word' id='word_1_48' title='bbox 195 748 312 805; x_wconf 90' lang='lat' dir='ltr'>lam</span> <span class='ocrx_word' id='word_1_49' title='bbox 359 752 707 806; x_wconf 86' lang='lat' dir='ltr'>renovaret.</span> <span class='ocrx_word' id='word_1_50' title='bbox 795 744 909 819; x_wconf 84' lang='lat' dir='ltr'>Qui</span> <span class='ocrx_word' id='word_1_51' title='bbox 962 761 1147 820; x_wconf 90' lang='lat' dir='ltr'>quum</span> <span class='ocrx_word' id='word_1_52' title='bbox 1201 761 1331 805; x_wconf 91' lang='lat' dir='ltr'>me</span> <span class='ocrx_word' id='word_1_53' title='bbox 1350 744 1411 806; x_wconf 91' lang='lat' dir='ltr'>in</span> <span class='ocrx_word' id='word_1_54' title='bbox 1462 745 1722 809; x_wconf 87' lang='lat' dir='ltr'>Ciliciam</span> <span class='ocrx_word' id='word_1_55' title='bbox 1781 749 2276 824; x_wconf 89' lang='lat' dir='ltr'>proficiscentem</span> 
     </span>
     <span class='ocr_line' id='line_1_8' title="bbox 194 828 2274 909; baseline 0.002 -21"><span class='ocrx_word' id='word_1_56' title='bbox 194 828 426 904; x_wconf 86' lang='lat' dir='ltr'>Ephesi</span> <span class='ocrx_word' id='word_1_57' title='bbox 466 829 961 904; x_wconf 89' lang='lat' dir='ltr'>exspectavisset</span> <span class='ocrx_word' id='word_1_58' title='bbox 1002 830 1257 889; x_wconf 84' lang='lat' dir='ltr'>Romam</span> <span class='ocrx_word' id='word_1_59' title='bbox 1299 845 1379 890; x_wconf 87' lang='lat' dir='ltr'>ex</span> <span class='ocrx_word' id='word_1_60' title='bbox 1421 830 1724 905; x_wconf 81' lang='lat' dir='ltr'>legatione</span> <span class='ocrx_word' id='word_1_61' title='bbox 1765 833 1906 909; x_wconf 89' lang='lat' dir='ltr'>ipse</span> <span class='ocrx_word' id='word_1_62' title='bbox 1940 833 2274 904; x_wconf 81' lang='lat' dir='ltr'>decedenS,</span> 
     </span>
     <span class='ocr_line' id='line_1_9' title="bbox 194 910 2276 988; baseline 0.002 -18"><span class='ocrx_word' id='word_1_63' title='bbox 194 911 598 986; x_wconf 89' lang='lat' dir='ltr'>venissetque</span> <span class='ocrx_word' id='word_1_64' title='bbox 628 914 849 975; x_wconf 90' lang='lat' dir='ltr'>eodem</span> <span class='ocrx_word' id='word_1_65' title='bbox 880 910 1192 988; x_wconf 78' lang='lat' dir='ltr'>Mytilenis</span> <span class='ocrx_word' id='word_1_66' title='bbox 1237 911 1356 973; x_wconf 90' lang='lat' dir='ltr'>mei</span> <span class='ocrx_word' id='word_1_67' title='bbox 1387 915 1690 976; x_wconf 90' lang='lat' dir='ltr'>salutandi</span> <span class='ocrx_word' id='word_1_68' title='bbox 1719 923 1781 976; x_wconf 91' lang='lat' dir='ltr'>et</span> <span class='ocrx_word' id='word_1_69' title='bbox 1815 914 2056 977; x_wconf 90' lang='lat' dir='ltr'>visendi</span> <span class='ocrx_word' id='word_1_70' title='bbox 2087 931 2276 976; x_wconf 89' lang='lat' dir='ltr'>causa</span> 
     </span>
     <span class='ocr_line' id='line_1_10' title="bbox 198 993 2276 1075; baseline 0.001 -19"><span class='ocrx_word' id='word_1_71' title='bbox 198 993 553 1071; x_wconf 87' lang='lat' dir='ltr'>Cratippus,</span> <span class='ocrx_word' id='word_1_72' title='bbox 595 995 1135 1071; x_wconf 84' lang='lat' dir='ltr'>Peripateticorum</span> <span class='ocrx_word' id='word_1_73' title='bbox 1184 995 1484 1069; x_wconf 90' lang='lat' dir='ltr'>omniurn,</span> <span class='ocrx_word' id='word_1_74' title='bbox 1534 1016 1693 1072; x_wconf 92' lang='lat' dir='ltr'>quos</span> <span class='ocrx_word' id='word_1_75' title='bbox 1734 998 1979 1075; x_wconf 89' lang='lat' dir='ltr'>quidem</span> <span class='ocrx_word' id='word_1_76' title='bbox 2020 1014 2137 1073; x_wconf 92' lang='lat' dir='ltr'>ego</span> <span class='ocrx_word' id='word_1_77' title='bbox 2171 1015 2276 1058; x_wconf 88' lang='lat' dir='ltr'>au-</span> 
     </span>
     <span class='ocr_line' id='line_1_11' title="bbox 197 1077 2274 1157; baseline 0.001 -19"><span class='ocrx_word' id='word_1_78' title='bbox 197 1077 445 1151; x_wconf 88' lang='lat' dir='ltr'>dierim,</span> <span class='ocrx_word' id='word_1_79' title='bbox 479 1096 616 1140; x_wconf 91' lang='lat' dir='ltr'>meo</span> <span class='ocrx_word' id='word_1_80' title='bbox 649 1077 874 1140; x_wconf 88' lang='lat' dir='ltr'>iudicio</span> <span class='ocrx_word' id='word_1_81' title='bbox 911 1077 1087 1140; x_wconf 81' lang='lat' dir='ltr'>facile</span> <span class='ocrx_word' id='word_1_82' title='bbox 1124 1078 1447 1156; x_wconf 91' lang='lat' dir='ltr'>princeps,</span> <span class='ocrx_word' id='word_1_83' title='bbox 1486 1081 1859 1157; x_wconf 85' lang='lat' dir='ltr'>perlibenter</span> <span class='ocrx_word' id='word_1_84' title='bbox 1893 1090 1953 1143; x_wconf 79' lang='lat' dir='ltr'>et</span> <span class='ocrx_word' id='word_1_85' title='bbox 1976 1081 2274 1157; x_wconf 83' lang='lat' dir='ltr'>Nigidium</span> 
     </span>
     <span class='ocr_line' id='line_1_12' title="bbox 197 1160 2272 1242; baseline 0.001 -21"><span class='ocrx_word' id='word_1_86' title='bbox 197 1160 320 1221; x_wconf 90' lang='lat' dir='ltr'>vidi</span> <span class='ocrx_word' id='word_1_87' title='bbox 362 1170 423 1223; x_wconf 87' lang='lat' dir='ltr'>et</span> <span class='ocrx_word' id='word_1_88' title='bbox 454 1161 805 1239; x_wconf 87' lang='lat' dir='ltr'>Cratippum</span> <span class='ocrx_word' id='word_1_89' title='bbox 840 1161 1125 1237; x_wconf 84' lang='lat' dir='ltr'>cognovi.</span> <span class='ocrx_word' id='word_1_90' title='bbox 1192 1165 1287 1222; x_wconf 91' lang='lat' dir='ltr'>Ac</span> <span class='ocrx_word' id='word_1_91' title='bbox 1319 1163 1576 1239; x_wconf 89' lang='lat' dir='ltr'>primum</span> <span class='ocrx_word' id='word_1_92' title='bbox 1623 1165 1867 1242; x_wconf 88' lang='lat' dir='ltr'>quidem</span> <span class='ocrx_word' id='word_1_93' title='bbox 1901 1171 2146 1240; x_wconf 88' lang='lat' dir='ltr'>tempus</span> <span class='ocrx_word' id='word_1_94' title='bbox 2179 1180 2272 1223; x_wconf 91' lang='lat' dir='ltr'>sa-</span> 
     </span>
    </p>
   </div>
   <div class='ocr_carea' id='block_1_3' title="bbox 192 1244 1648 1329">
    <p class='ocr_par' dir='ltr' id='par_1_3' title="bbox 192 1244 1648 1329">
     <span class='ocr_line' id='line_1_13' title="bbox 192 1244 1648 1329; baseline 0.002 -24"><span class='ocrx_word' id='word_1_95' title='bbox 192 1244 506 1306; x_wconf 90' lang='lat' dir='ltr'>lutationis</span> <span class='ocrx_word' id='word_1_96' title='bbox 536 1246 595 1305; x_wconf 90' lang='lat' dir='ltr'>in</span> <span class='ocrx_word' id='word_1_97' title='bbox 625 1245 1093 1329; x_wconf 73' lang='lat' dir='ltr'>percontatione</span> <span class='ocrx_word' id='word_1_98' title='bbox 1131 1247 1648 1324; x_wconf 66' lang='lat' dir='ltr'>consumpsimus</span> 
     </span>
    </p>
   </div>
   <div class='ocr_carea' id='block_1_4' title="bbox 920 1345 1452 1425">
    <p class='ocr_par' dir='ltr' id='par_1_4' title="bbox 920 1345 1452 1425">
     <span class='ocr_line' id='line_1_14' title="bbox 920 1345 1452 1384; baseline 0.006 -3"><span class='ocrx_word' id='word_1_99' title='bbox 920 1366 927 1371; x_wconf 90' lang='lat'><strong>·</strong></span> <span class='ocrx_word' id='word_1_100' title='bbox 1016 1345 1047 1382; x_wconf 54' lang='lat'>²?</span> <span class='ocrx_word' id='word_1_101' title='bbox 1419 1346 1452 1384; x_wconf 70' lang='lat'>²0¹</span> 
     </span>
     <span class='ocr_line' id='line_1_15' title="bbox 1217 1389 1251 1425; baseline 0 -7"><span class='ocrx_word' id='word_1_102' title='bbox 1217 1389 1251 1425; x_wconf 73' lang='grc' dir='ltr'>ιιι</span> 
     </span>
    </p>
   </div>
   <div class='ocr_carea' id='block_1_5' title="bbox 190 1461 2277 1734">
    <p class='ocr_par' dir='ltr' id='par_1_5' title="bbox 190 1461 2277 1734">
     <span class='ocr_line' id='line_1_16' title="bbox 333 1461 2275 1529; baseline 0.001 -19"><span class='ocrx_word' id='word_1_103' title='bbox 333 1461 562 1529; x_wconf 84' lang='lat' dir='ltr'>[Praeter</span> <span class='ocrx_word' id='word_1_104' title='bbox 596 1469 790 1529; x_wconf 81' lang='lat' dir='ltr'>partem</span> <span class='ocrx_word' id='word_1_105' title='bbox 833 1463 1032 1513; x_wconf 84' lang='lat' dir='ltr'>exordii</span> <span class='ocrx_word' id='word_1_106' title='bbox 1070 1463 1387 1514; x_wconf 76' lang='lat' dir='ltr'>ciceroniani</span> <span class='ocrx_word' id='word_1_107' title='bbox 1415 1464 1763 1514; x_wconf 80' lang='lat' dir='ltr'>desiderantur</span> <span class='ocrx_word' id='word_1_108' title='bbox 1797 1464 1994 1514; x_wconf 85' lang='lat' dir='ltr'>Timaei</span> <span class='ocrx_word' id='word_1_109' title='bbox 2031 1463 2275 1514; x_wconf 81' lang='lat' dir='ltr'>Platonici</span> 
     </span>
     <span class='ocr_line' id='line_1_17' title="bbox 190 1530 2277 1610; baseline 0.001 -30"><span class='ocrx_word' id='word_1_110' title='bbox 190 1530 431 1580; x_wconf 80' lang='lat' dir='ltr'>undecim</span> <span class='ocrx_word' id='word_1_111' title='bbox 466 1532 690 1610; x_wconf 79' lang='lat' dir='ltr'>paginae</span> <span class='ocrx_word' id='word_1_112' title='bbox 729 1545 759 1579; x_wconf 87' lang='lat' dir='ltr'>a</span> <span class='ocrx_word' id='word_1_113' title='bbox 794 1545 848 1596; x_wconf 85' lang='lat' dir='ltr'>p.</span> <span class='ocrx_word' id='word_1_114' title='bbox 889 1532 975 1583; x_wconf 86' lang='lat'>17.</span> <span class='ocrx_word' id='word_1_115' title='bbox 1024 1546 1186 1610; x_wconf 85' lang='lat' dir='ltr'>usque</span> <span class='ocrx_word' id='word_1_116' title='bbox 1222 1532 1289 1582; x_wconf 85' lang='lat' dir='ltr'>ad</span> <span class='ocrx_word' id='word_1_117' title='bbox 1322 1533 1407 1582; x_wconf 86' lang='grc'>27.</span> <span class='ocrx_word' id='word_1_118' title='bbox 1447 1532 1527 1582; x_wconf 87' lang='lat' dir='ltr'>ed.</span> <span class='ocrx_word' id='word_1_119' title='bbox 1568 1530 1778 1599; x_wconf 69' lang='lat' dir='ltr'>steph„</span> <span class='ocrx_word' id='word_1_120' title='bbox 1802 1548 1919 1610; x_wconf 88' lang='lat' dir='ltr'>qua</span> <span class='ocrx_word' id='word_1_121' title='bbox 1954 1539 2169 1583; x_wconf 84' lang='lat' dir='ltr'>exeunte</span> <span class='ocrx_word' id='word_1_122' title='bbox 2203 1532 2277 1582; x_wconf 89' lang='lat' dir='ltr'>le-</span> 
     </span>
     <span class='ocr_line' id='line_1_18' title="bbox 190 1586 2277 1734; baseline 0.002 -18"><span class='ocrx_word' id='word_1_123' title='bbox 190 1606 382 1717; x_wconf 64' lang='grc' dir='ltr'>Ξέ3ἓ““</span> <span class='ocrx_word' id='word_1_124' title='bbox 412 1586 1666 1734; x_wconf 48' lang='lat' dir='ltr'>&amp;2¹:2⁸„20&#39;5331‘412‘31&#39;1m1250‘mss‘sssszim&#39;</span> <span class='ocrx_word' id='word_1_125' title='bbox 1700 1615 1927 1666; x_wconf 54' lang='lat' dir='ltr'>&#39;‘ww&#39;&#39;</span> <span class='ocrx_word' id='word_1_126' title='bbox 1961 1593 2277 1665; x_wconf 50' lang='grc' dir='ltr'><em>διαιρετέον</em></span> 
     </span>
    </p>
   </div>
   <div class='ocr_carea' id='block_1_6' title="bbox 187 1757 2360 3512">
    <p class='ocr_par' dir='ltr' id='par_1_6' title="bbox 187 1757 2360 3512">
     <span class='ocr_line' id='line_1_19' title="bbox 319 1757 2274 1845; baseline 0.001 -19"><span class='ocrx_word' id='word_1_127' title='bbox 319 1757 391 1827; x_wconf 83' lang='lat'>11.</span> <span class='ocrx_word' id='word_1_128' title='bbox 442 1765 599 1843; x_wconf 81' lang='lat' dir='ltr'>Quid</span> <span class='ocrx_word' id='word_1_129' title='bbox 636 1775 733 1828; x_wconf 90' lang='lat' dir='ltr'>est</span> <span class='ocrx_word' id='word_1_130' title='bbox 763 1768 932 1844; x_wconf 90' lang='lat' dir='ltr'>quod</span> <span class='ocrx_word' id='word_1_131' title='bbox 965 1785 1213 1844; x_wconf 81' lang='lat' dir='ltr'>semper</span> <span class='ocrx_word' id='word_1_132' title='bbox 1241 1768 1321 1830; x_wconf 91' lang='lat' dir='ltr'>sit</span> <span class='ocrx_word' id='word_1_133' title='bbox 1359 1785 1564 1845; x_wconf 90' lang='lat' dir='ltr'>neque</span> <span class='ocrx_word' id='word_1_134' title='bbox 1605 1771 1793 1830; x_wconf 88' lang='lat' dir='ltr'>ullum</span> <span class='ocrx_word' id='word_1_135' title='bbox 1822 1770 2046 1830; x_wconf 89' lang='lat' dir='ltr'>habeat</span> <span class='ocrx_word' id='word_1_136' title='bbox 2076 1776 2274 1831; x_wconf 89' lang='lat' dir='ltr'>ortum</span> 
     </span>
     <span class='ocr_line' id='line_1_20' title="bbox 193 1850 2274 1929; baseline 0 -19"><span class='ocrx_word' id='word_1_137' title='bbox 193 1857 257 1910; x_wconf 89' lang='lat' dir='ltr'>et</span> <span class='ocrx_word' id='word_1_138' title='bbox 289 1851 455 1925; x_wconf 90' lang='lat' dir='ltr'>quod</span> <span class='ocrx_word' id='word_1_139' title='bbox 496 1850 782 1927; x_wconf 86' lang='lat' dir='ltr'>gignatur</span> <span class='ocrx_word' id='word_1_140' title='bbox 823 1869 937 1913; x_wconf 90' lang='lat' dir='ltr'>nec</span> <span class='ocrx_word' id='word_1_141' title='bbox 970 1870 1260 1929; x_wconf 89' lang='lat' dir='ltr'>umquam</span> <span class='ocrx_word' id='word_1_142' title='bbox 1297 1851 1422 1914; x_wconf 70' lang='lat' dir='ltr'>sit?</span> <span class='ocrx_word' id='word_1_143' title='bbox 1453 1852 1722 1928; x_wconf 81' lang='lat' dir='ltr'>Quorum</span> <span class='ocrx_word' id='word_1_144' title='bbox 1766 1855 2022 1914; x_wconf 89' lang='lat' dir='ltr'>alterum</span> <span class='ocrx_word' id='word_1_145' title='bbox 2060 1851 2274 1914; x_wconf 88' lang='lat' dir='ltr'>intelli-</span> 
     </span>
     <span class='ocr_line' id='line_1_21' title="bbox 190 1933 2276 2013; baseline 0 -19"><span class='ocrx_word' id='word_1_146' title='bbox 190 1933 398 2009; x_wconf 87' lang='lat' dir='ltr'>gentia</span> <span class='ocrx_word' id='word_1_147' title='bbox 427 1943 487 1996; x_wconf 80' lang='lat' dir='ltr'>et</span> <span class='ocrx_word' id='word_1_148' title='bbox 515 1934 751 1995; x_wconf 89' lang='lat' dir='ltr'>ratione</span> <span class='ocrx_word' id='word_1_149' title='bbox 786 1935 1358 2011; x_wconf 87' lang='lat' dir='ltr'>comprehenditur,</span> <span class='ocrx_word' id='word_1_150' title='bbox 1386 1937 1556 2013; x_wconf 91' lang='lat' dir='ltr'>quod</span> <span class='ocrx_word' id='word_1_151' title='bbox 1586 1953 1774 1996; x_wconf 89' lang='lat' dir='ltr'>unum</span> <span class='ocrx_word' id='word_1_152' title='bbox 1806 1953 2053 2010; x_wconf 80' lang='lat' dir='ltr'>semper</span> <span class='ocrx_word' id='word_1_153' title='bbox 2090 1944 2276 2009; x_wconf 89' lang='lat' dir='ltr'>atque</span> 
     </span>
     <span class='ocr_line' id='line_1_22' title="bbox 191 2017 2273 2098; baseline 0 -22"><span class='ocrx_word' id='word_1_154' title='bbox 191 2017 354 2077; x_wconf 89' lang='lat' dir='ltr'>idem</span> <span class='ocrx_word' id='word_1_155' title='bbox 387 2026 512 2078; x_wconf 91' lang='lat' dir='ltr'>est:</span> <span class='ocrx_word' id='word_1_156' title='bbox 547 2020 830 2091; x_wconf 89' lang='lat' dir='ltr'>alterum,</span> <span class='ocrx_word' id='word_1_157' title='bbox 865 2021 1032 2094; x_wconf 90' lang='lat' dir='ltr'>quod</span> <span class='ocrx_word' id='word_1_158' title='bbox 1063 2020 1338 2095; x_wconf 89' lang='lat' dir='ltr'>opinioni</span> <span class='ocrx_word' id='word_1_159' title='bbox 1366 2035 1590 2080; x_wconf 88' lang='lat' dir='ltr'>sensus</span> <span class='ocrx_word' id='word_1_160' title='bbox 1619 2020 1873 2080; x_wconf 88' lang='lat' dir='ltr'>rationis</span> <span class='ocrx_word' id='word_1_161' title='bbox 1905 2035 2132 2095; x_wconf 86' lang='lat' dir='ltr'>expers</span> <span class='ocrx_word' id='word_1_162' title='bbox 2167 2018 2273 2098; x_wconf 84' lang='lat' dir='ltr'>ad·-</span> 
     </span>
     <span class='ocr_line' id='line_1_23' title="bbox 191 2095 2274 2188; baseline -0.001 -27"><span class='ocrx_word' id='word_1_163' title='bbox 191 2101 344 2173; x_wconf 80' lang='lat' dir='ltr'>fert,</span> <span class='ocrx_word' id='word_1_164' title='bbox 380 2101 548 2176; x_wconf 90' lang='lat' dir='ltr'>quod</span> <span class='ocrx_word' id='word_1_165' title='bbox 578 2108 770 2163; x_wconf 89' lang='lat' dir='ltr'>totum</span> <span class='ocrx_word' id='word_1_166' title='bbox 801 2102 1121 2188; x_wconf 84' lang='lat' dir='ltr'>opinabile</span> <span class='ocrx_word' id='word_1_167' title='bbox 1140 2109 1268 2175; x_wconf 86' lang='lat' dir='ltr'>est,</span> <span class='ocrx_word' id='word_1_168' title='bbox 1304 2102 1367 2161; x_wconf 89' lang='lat' dir='ltr'>id</span> <span class='ocrx_word' id='word_1_169' title='bbox 1398 2101 1664 2178; x_wconf 87' lang='lat' dir='ltr'>gignitur</span> <span class='ocrx_word' id='word_1_170' title='bbox 1686 2109 1748 2162; x_wconf 89' lang='lat' dir='ltr'>et</span> <span class='ocrx_word' id='word_1_171' title='bbox 1769 2101 1973 2163; x_wconf 91' lang='lat' dir='ltr'>interit</span> <span class='ocrx_word' id='word_1_172' title='bbox 2000 2117 2116 2162; x_wconf 90' lang='lat' dir='ltr'>nec</span> <span class='ocrx_word' id='word_1_173' title='bbox 2147 2095 2274 2160; x_wconf 89' lang='lat' dir='ltr'>um-</span> 
     </span>
     <span class='ocr_line' id='line_1_24' title="bbox 190 2179 2273 2263; baseline -0.002 -18.998"><span class='ocrx_word' id='word_1_174' title='bbox 190 2181 376 2260; x_wconf 83' lang='lat' dir='ltr'>quam</span> <span class='ocrx_word' id='word_1_175' title='bbox 407 2185 550 2245; x_wconf 91' lang='lat' dir='ltr'>esse</span> <span class='ocrx_word' id='word_1_176' title='bbox 582 2201 728 2245; x_wconf 91' lang='lat' dir='ltr'>vere</span> <span class='ocrx_word' id='word_1_177' title='bbox 756 2191 987 2263; x_wconf 89' lang='lat' dir='ltr'>potest.</span> <span class='ocrx_word' id='word_1_178' title='bbox 1053 2179 1247 2248; x_wconf 88' lang='lat' dir='ltr'>Omne</span> <span class='ocrx_word' id='word_1_179' title='bbox 1275 2193 1509 2259; x_wconf 87' lang='lat' dir='ltr'>autem,</span> <span class='ocrx_word' id='word_1_180' title='bbox 1544 2186 1713 2261; x_wconf 87' lang='lat' dir='ltr'>quod</span> <span class='ocrx_word' id='word_1_181' title='bbox 1742 2182 2036 2261; x_wconf 85' lang='lat' dir='ltr'>gignitur,</span> <span class='ocrx_word' id='word_1_182' title='bbox 2068 2200 2147 2244; x_wconf 88' lang='lat' dir='ltr'>ex</span> <span class='ocrx_word' id='word_1_183' title='bbox 2170 2181 2273 2242; x_wconf 89' lang='lat' dir='ltr'>ali·</span> 
     </span>
     <span class='ocr_line' id='line_1_25' title="bbox 192 2267 2277 2344; baseline -0.001 -17"><span class='ocrx_word' id='word_1_184' title='bbox 192 2283 317 2343; x_wconf 86' lang='lat' dir='ltr'>qua</span> <span class='ocrx_word' id='word_1_185' title='bbox 351 2284 538 2329; x_wconf 90' lang='lat' dir='ltr'>causa</span> <span class='ocrx_word' id='word_1_186' title='bbox 573 2267 740 2344; x_wconf 87' lang='lat' dir='ltr'>gigni</span> <span class='ocrx_word' id='word_1_187' title='bbox 768 2285 1034 2331; x_wconf 89' lang='lat' dir='ltr'>necesse</span> <span class='ocrx_word' id='word_1_188' title='bbox 1064 2277 1179 2329; x_wconf 83' lang='lat' dir='ltr'>est.</span> <span class='ocrx_word' id='word_1_189' title='bbox 1238 2268 1469 2330; x_wconf 90' lang='lat' dir='ltr'>Nullius</span> <span class='ocrx_word' id='word_1_190' title='bbox 1503 2268 1661 2329; x_wconf 89' lang='lat' dir='ltr'>enim</span> <span class='ocrx_word' id='word_1_191' title='bbox 1703 2271 1790 2330; x_wconf 89' lang='lat' dir='ltr'>rei</span> <span class='ocrx_word' id='word_1_192' title='bbox 1824 2285 2013 2329; x_wconf 90' lang='lat' dir='ltr'>causa</span> <span class='ocrx_word' id='word_1_193' title='bbox 2040 2272 2277 2327; x_wconf 89' lang='lat' dir='ltr'>remota</span> 
     </span>
     <span class='ocr_line' id='line_1_26' title="bbox 190 2350 2273 2429; baseline -0 -19"><span class='ocrx_word' id='word_1_194' title='bbox 190 2350 448 2425; x_wconf 75' lang='lat' dir='ltr'>reperiri</span> <span class='ocrx_word' id='word_1_195' title='bbox 491 2352 664 2428; x_wconf 88' lang='lat' dir='ltr'>origo</span> <span class='ocrx_word' id='word_1_196' title='bbox 709 2359 937 2428; x_wconf 89' lang='lat' dir='ltr'>potest.</span> <span class='ocrx_word' id='word_1_197' title='bbox 1016 2352 1317 2429; x_wconf 82' lang='lat' dir='ltr'>Quocirca</span> <span class='ocrx_word' id='word_1_198' title='bbox 1360 2352 1413 2413; x_wconf 94' lang='lat' dir='ltr'>si</span> <span class='ocrx_word' id='word_1_199' title='bbox 1450 2351 1535 2425; x_wconf 91' lang='lat' dir='ltr'>is,</span> <span class='ocrx_word' id='word_1_200' title='bbox 1591 2353 1697 2429; x_wconf 85' lang='lat' dir='ltr'>qui</span> <span class='ocrx_word' id='word_1_201' title='bbox 1748 2352 2001 2429; x_wconf 89' lang='lat' dir='ltr'>aliquod</span> <span class='ocrx_word' id='word_1_202' title='bbox 2051 2365 2273 2411; x_wconf 89' lang='lat' dir='ltr'>munus</span> 
     </span>
     <span class='ocr_line' id='line_1_27' title="bbox 191 2432 2276 2513; baseline -0 -21"><span class='ocrx_word' id='word_1_203' title='bbox 191 2434 444 2495; x_wconf 85' lang='lat' dir='ltr'>efficere</span> <span class='ocrx_word' id='word_1_204' title='bbox 476 2434 750 2508; x_wconf 85' lang='lat' dir='ltr'>molitur,</span> <span class='ocrx_word' id='word_1_205' title='bbox 785 2452 920 2496; x_wconf 92' lang='lat' dir='ltr'>eam</span> <span class='ocrx_word' id='word_1_206' title='bbox 966 2435 1268 2513; x_wconf 89' lang='lat' dir='ltr'>speciem,</span> <span class='ocrx_word' id='word_1_207' title='bbox 1307 2453 1466 2511; x_wconf 88' lang='lat' dir='ltr'>quae</span> <span class='ocrx_word' id='word_1_208' title='bbox 1500 2452 1748 2513; x_wconf 88' lang='lat' dir='ltr'>semper</span> <span class='ocrx_word' id='word_1_209' title='bbox 1777 2443 1874 2498; x_wconf 91' lang='lat' dir='ltr'>est</span> <span class='ocrx_word' id='word_1_210' title='bbox 1912 2436 2158 2506; x_wconf 89' lang='lat' dir='ltr'>eadem,</span> <span class='ocrx_word' id='word_1_211' title='bbox 2190 2432 2276 2491; x_wconf 88' lang='lat' dir='ltr'>in·</span> 
     </span>
     <span class='ocr_line' id='line_1_28' title="bbox 189 2516 2275 2596; baseline -0 -19"><span class='ocrx_word' id='word_1_212' title='bbox 189 2516 461 2578; x_wconf 89' lang='lat' dir='ltr'>tuebitur</span> <span class='ocrx_word' id='word_1_213' title='bbox 495 2524 680 2594; x_wconf 84' lang='lat' dir='ltr'>atque</span> <span class='ocrx_word' id='word_1_214' title='bbox 715 2518 778 2580; x_wconf 90' lang='lat' dir='ltr'>id</span> <span class='ocrx_word' id='word_1_215' title='bbox 819 2519 935 2579; x_wconf 91' lang='lat' dir='ltr'>sibi</span> <span class='ocrx_word' id='word_1_216' title='bbox 969 2527 1280 2596; x_wconf 85' lang='lat' dir='ltr'>proponet</span> <span class='ocrx_word' id='word_1_217' title='bbox 1316 2522 1660 2594; x_wconf 89' lang='lat' dir='ltr'>exemplar,</span> <span class='ocrx_word' id='word_1_218' title='bbox 1701 2520 2080 2596; x_wconf 88' lang='lat' dir='ltr'>praeclarum</span> <span class='ocrx_word' id='word_1_219' title='bbox 2115 2532 2275 2593; x_wconf 89' lang='lat' dir='ltr'>opus</span> 
     </span>
     <span class='ocr_line' id='line_1_29' title="bbox 190 2601 2275 2677; baseline -0.001 -17"><span class='ocrx_word' id='word_1_220' title='bbox 190 2601 419 2661; x_wconf 78' lang='lat' dir='ltr'>efficiat</span> <span class='ocrx_word' id='word_1_221' title='bbox 457 2617 719 2663; x_wconf 88' lang='lat' dir='ltr'>necesse</span> <span class='ocrx_word' id='word_1_222' title='bbox 767 2609 884 2663; x_wconf 83' lang='lat' dir='ltr'>est.</span> <span class='ocrx_word' id='word_1_223' title='bbox 967 2602 1074 2663; x_wconf 91' lang='lat' dir='ltr'>Sin</span> <span class='ocrx_word' id='word_1_224' title='bbox 1114 2610 1317 2663; x_wconf 88' lang='lat' dir='ltr'>autem</span> <span class='ocrx_word' id='word_1_225' title='bbox 1361 2617 1525 2673; x_wconf 91' lang='lat' dir='ltr'>eam,</span> <span class='ocrx_word' id='word_1_226' title='bbox 1574 2618 1734 2676; x_wconf 87' lang='lat' dir='ltr'>quae</span> <span class='ocrx_word' id='word_1_227' title='bbox 1776 2602 2067 2677; x_wconf 87' lang='lat' dir='ltr'>gignitur,</span> <span class='ocrx_word' id='word_1_228' title='bbox 2107 2616 2275 2660; x_wconf 89' lang='lat' dir='ltr'>num-</span> 
     </span>
     <span class='ocr_line' id='line_1_30' title="bbox 191 2683 2275 2763; baseline -0.002 -19"><span class='ocrx_word' id='word_1_229' title='bbox 191 2700 376 2759; x_wconf 89' lang='lat' dir='ltr'>quam</span> <span class='ocrx_word' id='word_1_230' title='bbox 409 2683 570 2745; x_wconf 90' lang='lat' dir='ltr'>illam</span> <span class='ocrx_word' id='word_1_231' title='bbox 597 2702 779 2761; x_wconf 90' lang='lat' dir='ltr'>quam</span> <span class='ocrx_word' id='word_1_232' title='bbox 811 2692 1060 2761; x_wconf 84' lang='lat' dir='ltr'>expetet</span> <span class='ocrx_word' id='word_1_233' title='bbox 1091 2684 1560 2763; x_wconf 87' lang='lat' dir='ltr'>pulcritudinem</span> <span class='ocrx_word' id='word_1_234' title='bbox 1596 2692 2035 2758; x_wconf 87' lang='lat' dir='ltr'>consequetur.</span> <span class='ocrx_word' id='word_1_235' title='bbox 2083 2683 2275 2742; x_wconf 89' lang='lat' dir='ltr'>Omne</span> 
     </span>
     <span class='ocr_line' id='line_1_31' title="bbox 188 2764 2273 2845; baseline -0.002 -19"><span class='ocrx_word' id='word_1_236' title='bbox 188 2767 376 2843; x_wconf 88' lang='lat' dir='ltr'>igitur</span> <span class='ocrx_word' id='word_1_237' title='bbox 411 2770 646 2829; x_wconf 73' lang='lat' dir='ltr'>caelum</span> <span class='ocrx_word' id='word_1_238' title='bbox 691 2769 825 2830; x_wconf 89' lang='lat' dir='ltr'>sive</span> <span class='ocrx_word' id='word_1_239' title='bbox 864 2770 1130 2831; x_wconf 89' lang='lat' dir='ltr'>mundus</span> <span class='ocrx_word' id='word_1_240' title='bbox 1177 2770 1311 2830; x_wconf 89' lang='lat' dir='ltr'>sive</span> <span class='ocrx_word' id='word_1_241' title='bbox 1354 2785 1477 2845; x_wconf 90' lang='lat' dir='ltr'>quo</span> <span class='ocrx_word' id='word_1_242' title='bbox 1522 2767 1642 2828; x_wconf 89' lang='lat' dir='ltr'>alio</span> <span class='ocrx_word' id='word_1_243' title='bbox 1685 2766 1993 2844; x_wconf 82' lang='lat' dir='ltr'>vocabulo</span> <span class='ocrx_word' id='word_1_244' title='bbox 2028 2764 2273 2840; x_wconf 78' lang='lat' dir='ltr'>gaudet,</span> 
     </span>
     <span class='ocr_line' id='line_1_32' title="bbox 187 2847 2273 2928; baseline -0.002 -18"><span class='ocrx_word' id='word_1_245' title='bbox 187 2852 312 2911; x_wconf 88' lang='lat' dir='ltr'>hoc</span> <span class='ocrx_word' id='word_1_246' title='bbox 354 2868 392 2911; x_wconf 95' lang='lat' dir='ltr'>a</span> <span class='ocrx_word' id='word_1_247' title='bbox 433 2850 614 2913; x_wconf 86' lang='lat' dir='ltr'>nobis</span> <span class='ocrx_word' id='word_1_248' title='bbox 659 2860 1048 2927; x_wconf 83' lang='lat' dir='ltr'>nuncupatus</span> <span class='ocrx_word' id='word_1_249' title='bbox 1085 2854 1184 2914; x_wconf 90' lang='lat' dir='ltr'>sit.</span> <span class='ocrx_word' id='word_1_250' title='bbox 1256 2855 1347 2914; x_wconf 91' lang='lat' dir='ltr'>De</span> <span class='ocrx_word' id='word_1_251' title='bbox 1378 2868 1501 2927; x_wconf 93' lang='lat' dir='ltr'>quo</span> <span class='ocrx_word' id='word_1_252' title='bbox 1538 2850 1600 2910; x_wconf 88' lang='lat' dir='ltr'>id</span> <span class='ocrx_word' id='word_1_253' title='bbox 1627 2850 1887 2928; x_wconf 87' lang='lat' dir='ltr'>primum</span> <span class='ocrx_word' id='word_1_254' title='bbox 1921 2847 2273 2910; x_wconf 88' lang='lat' dir='ltr'>considere-</span> 
     </span>
     <span class='ocr_line' id='line_1_33' title="bbox 189 2931 2360 3011; baseline -0.004 -17"><span class='ocrx_word' id='word_1_255' title='bbox 189 2950 362 3007; x_wconf 90' lang='lat' dir='ltr'>mus,</span> <span class='ocrx_word' id='word_1_256' title='bbox 400 2936 568 3010; x_wconf 90' lang='lat' dir='ltr'>quod</span> <span class='ocrx_word' id='word_1_257' title='bbox 593 2935 894 3011; x_wconf 85' lang='lat' dir='ltr'>principio</span> <span class='ocrx_word' id='word_1_258' title='bbox 927 2943 1024 2999; x_wconf 89' lang='lat' dir='ltr'>est</span> <span class='ocrx_word' id='word_1_259' title='bbox 1052 2935 1113 2997; x_wconf 89' lang='lat' dir='ltr'>in</span> <span class='ocrx_word' id='word_1_260' title='bbox 1145 2935 1312 2997; x_wconf 90' lang='lat' dir='ltr'>omni</span> <span class='ocrx_word' id='word_1_261' title='bbox 1342 2933 1705 3011; x_wconf 90' lang='lat' dir='ltr'>quaestione</span> <span class='ocrx_word' id='word_1_262' title='bbox 1736 2931 2360 3000; x_wconf 59' lang='lat' dir='ltr'>considerandum.</span> 
     </span>
     <span class='ocr_line' id='line_1_34' title="bbox 190 3014 2273 3095; baseline -0.003 -19"><span class='ocrx_word' id='word_1_263' title='bbox 190 3032 520 3092; x_wconf 90' lang='lat' dir='ltr'>semperne</span> <span class='ocrx_word' id='word_1_264' title='bbox 553 3018 734 3079; x_wconf 74' lang='lat' dir='ltr'>fuerit</span> <span class='ocrx_word' id='word_1_265' title='bbox 774 3021 942 3080; x_wconf 90' lang='lat' dir='ltr'>nullo</span> <span class='ocrx_word' id='word_1_266' title='bbox 974 3027 1305 3095; x_wconf 87' lang='lat' dir='ltr'>generatus</span> <span class='ocrx_word' id='word_1_267' title='bbox 1342 3025 1479 3080; x_wconf 89' lang='lat' dir='ltr'>ortu</span> <span class='ocrx_word' id='word_1_268' title='bbox 1515 3034 1593 3078; x_wconf 87' lang='lat' dir='ltr'>an</span> <span class='ocrx_word' id='word_1_269' title='bbox 1626 3024 1798 3078; x_wconf 87' lang='lat' dir='ltr'>ortus</span> <span class='ocrx_word' id='word_1_270' title='bbox 1840 3018 1920 3079; x_wconf 89' lang='lat' dir='ltr'>sit</span> <span class='ocrx_word' id='word_1_271' title='bbox 1960 3016 2037 3076; x_wconf 90' lang='lat' dir='ltr'>ab</span> <span class='ocrx_word' id='word_1_272' title='bbox 2069 3014 2273 3087; x_wconf 87' lang='lat' dir='ltr'>aliquo</span> 
     </span>
     <span class='ocr_line' id='line_1_35' title="bbox 190 3095 2278 3179; baseline -0.003 -19"><span class='ocrx_word' id='word_1_273' title='bbox 190 3100 491 3176; x_wconf 87' lang='lat' dir='ltr'>temporis</span> <span class='ocrx_word' id='word_1_274' title='bbox 537 3101 906 3179; x_wconf 87' lang='lat' dir='ltr'>principatu.</span> <span class='ocrx_word' id='word_1_275' title='bbox 993 3101 1175 3164; x_wconf 88' lang='lat' dir='ltr'>Ortus</span> <span class='ocrx_word' id='word_1_276' title='bbox 1231 3110 1357 3175; x_wconf 84' lang='lat' dir='ltr'>est,</span> <span class='ocrx_word' id='word_1_277' title='bbox 1414 3102 1663 3176; x_wconf 87' lang='lat' dir='ltr'>quando</span> <span class='ocrx_word' id='word_1_278' title='bbox 1710 3100 1956 3175; x_wconf 88' lang='lat' dir='ltr'>quidem</span> <span class='ocrx_word' id='word_1_279' title='bbox 2010 3095 2278 3159; x_wconf 80' lang='lat' dir='ltr'>cernitur</span> 
     </span>
     <span class='ocr_line' id='line_1_36' title="bbox 187 3175 2276 3263; baseline -0.004 -19"><span class='ocrx_word' id='word_1_280' title='bbox 187 3190 253 3244; x_wconf 91' lang='lat' dir='ltr'>et</span> <span class='ocrx_word' id='word_1_281' title='bbox 292 3184 562 3260; x_wconf 87' lang='lat' dir='ltr'>tangitur</span> <span class='ocrx_word' id='word_1_282' title='bbox 603 3192 665 3246; x_wconf 89' lang='lat' dir='ltr'>et</span> <span class='ocrx_word' id='word_1_283' title='bbox 700 3193 799 3247; x_wconf 87' lang='lat' dir='ltr'>est</span> <span class='ocrx_word' id='word_1_284' title='bbox 841 3186 1113 3263; x_wconf 91' lang='lat' dir='ltr'>undique</span> <span class='ocrx_word' id='word_1_285' title='bbox 1158 3192 1547 3262; x_wconf 84' lang='lat' dir='ltr'>corporatus.</span> <span class='ocrx_word' id='word_1_286' title='bbox 1626 3183 1841 3245; x_wconf 90' lang='lat' dir='ltr'>Omnia</span> <span class='ocrx_word' id='word_1_287' title='bbox 1886 3189 2090 3243; x_wconf 87' lang='lat' dir='ltr'>autem</span> <span class='ocrx_word' id='word_1_288' title='bbox 2133 3175 2276 3238; x_wconf 88' lang='lat' dir='ltr'>talia</span> 
     </span>
     <span class='ocr_line' id='line_1_37' title="bbox 188 3260 2271 3345; baseline -0.005 -17"><span class='ocrx_word' id='word_1_289' title='bbox 188 3284 445 3329; x_wconf 89' lang='lat' dir='ltr'>sensum</span> <span class='ocrx_word' id='word_1_290' title='bbox 487 3276 770 3342; x_wconf 89' lang='lat' dir='ltr'>movent,</span> <span class='ocrx_word' id='word_1_291' title='bbox 804 3285 1154 3345; x_wconf 86' lang='lat' dir='ltr'>sensusque</span> <span class='ocrx_word' id='word_1_292' title='bbox 1199 3268 1507 3331; x_wconf 88' lang='lat' dir='ltr'>moventia</span> <span class='ocrx_word' id='word_1_293' title='bbox 1549 3285 1709 3344; x_wconf 88' lang='lat' dir='ltr'>quae</span> <span class='ocrx_word' id='word_1_294' title='bbox 1746 3274 1920 3341; x_wconf 85' lang='lat' dir='ltr'>sunt,</span> <span class='ocrx_word' id='word_1_295' title='bbox 1953 3266 2168 3325; x_wconf 89' lang='lat' dir='ltr'>eadem</span> <span class='ocrx_word' id='word_1_296' title='bbox 2212 3260 2271 3319; x_wconf 90' lang='lat' dir='ltr'>in</span> 
     </span>
     <span class='ocr_line' id='line_1_38' title="bbox 189 3345 2273 3429; baseline -0.005 -17"><span class='ocrx_word' id='word_1_297' title='bbox 189 3350 485 3427; x_wconf 90' lang='lat' dir='ltr'>opinione</span> <span class='ocrx_word' id='word_1_298' title='bbox 528 3353 905 3414; x_wconf 85' lang='lat' dir='ltr'>consistunt:</span> <span class='ocrx_word' id='word_1_299' title='bbox 956 3369 1117 3429; x_wconf 88' lang='lat' dir='ltr'>quae</span> <span class='ocrx_word' id='word_1_300' title='bbox 1160 3360 1359 3414; x_wconf 89' lang='lat' dir='ltr'>ortum</span> <span class='ocrx_word' id='word_1_301' title='bbox 1394 3352 1626 3413; x_wconf 89' lang='lat' dir='ltr'>habere</span> <span class='ocrx_word' id='word_1_302' title='bbox 1664 3349 1956 3428; x_wconf 89' lang='lat' dir='ltr'>gignique</span> <span class='ocrx_word' id='word_1_303' title='bbox 1987 3345 2273 3414; x_wconf 81' lang='lat' dir='ltr'>diximuS‚</span> 
     </span>
     <span class='ocr_line' id='line_1_39' title="bbox 187 3428 2273 3512; baseline -0.003 -19"><span class='ocrx_word' id='word_1_304' title='bbox 187 3434 336 3495; x_wconf 89' lang='lat' dir='ltr'>nihil</span> <span class='ocrx_word' id='word_1_305' title='bbox 381 3442 587 3496; x_wconf 88' lang='lat' dir='ltr'>autem</span> <span class='ocrx_word' id='word_1_306' title='bbox 628 3435 795 3512; x_wconf 88' lang='lat' dir='ltr'>gigni</span> <span class='ocrx_word' id='word_1_307' title='bbox 838 3452 1032 3512; x_wconf 88' lang='lat' dir='ltr'>posse</span> <span class='ocrx_word' id='word_1_308' title='bbox 1084 3438 1219 3498; x_wconf 89' lang='lat' dir='ltr'>sine</span> <span class='ocrx_word' id='word_1_309' title='bbox 1263 3435 1488 3498; x_wconf 88' lang='lat' dir='ltr'>causis.</span> <span class='ocrx_word' id='word_1_310' title='bbox 1564 3438 1772 3511; x_wconf 89' lang='lat' dir='ltr'>Atque</span> <span class='ocrx_word' id='word_1_311' title='bbox 1816 3433 1984 3494; x_wconf 91' lang='lat' dir='ltr'>illum</span> <span class='ocrx_word' id='word_1_312' title='bbox 2028 3428 2273 3506; x_wconf 86' lang='lat' dir='ltr'>quidem</span> 
     </span>
    </p>
   </div>
  </div>
 </body>
</html>
