2381 3723
591 130 729 191 LIB.
763 131 871 192 111⁷—
903 133 1072 191 CAP-
1107 139 1367 194 25—223.
1398 142 1464 208 ,S-
1496 141 1789 196 96--102.
2099 136 2216 198 loo

143 297 404 341 maneto
428 279 487 340 in
517 279 739 358 patria:
784 291 927 343 esse
960 282 1186 347 domui
1183 294 1350 344 suae
1381 296 1520 344 cum
1548 296 1772 356 uxore,
1819 301 1954 346 eum
1992 284 2216 358 liberis,

145 379 338 440 quam
366 363 769 426 calamitatem
801 366 1148 443 accepisset
1181 365 1241 426 in
1281 367 1472 440 bello,
1521 378 1907 428 communem
1938 371 2219 429 fortunae

150 447 409 508 bellicae
461 447 832 510 iudicantem
893 458 1108 511 tenere
1169 449 1513 511 consulatus
1576 450 1880 527 dig-nitatis
1939 452 2216 528 gradum.

149 530 300 606 Quis
351 531 508 593 haee
552 539 736 608 negat
784 546 927 594 esse
979 532 1187 595 utilia?
1273 535 1463 609 Quem
1517 530 1780 596 censes?
1862 535 2216 612 Magnitudo

148 613 335 675 animi
370 623 434 675 et
471 614 763 678 fortitudo
792 623 994 691 negat

270 736 518 803 ΧΧΥΠ.Ι
563 734 706 803 100.
790 744 942 805 Num
971 736 1407 820 locupletiores
1434 739 1683 823 quaeris
1711 747 2039 809 auctores?
2101 746 2218 841 Η3·

149 841 284 898 rum
327 822 490 884 enim
526 831 625 885 est
661 824 950 889 virtutum
990 826 1307 905 proprium
1347 825 1490 889 nihil
1524 828 1957 900 extimescere,
2016 822 2218 893 omnia

148 907 417 967 humana
466 907 821 985 despicere,
873 906 1015 971 nihil
1061 911 1229 987 quod
1276 905 1503 973 homini
1548 908 1828 972 accidere
1880 908 2083 989 possit
2133 911 2218 972 in·

149 991 534 1052 tolerandum
582 999 818 1068 putare.
906 995 1121 1070 ltaque
1165 995 1313 1070 quid
1363 986 1543 1056 fecit?
1595 993 1652 1054 in
1699 1001 1978 1055 senatum
2034 994 2216 1067 venit,

149 1074 438 1134 mandata
484 1077 803 1151 exposuit,
839 1076 1220 1138 sententiam
1250 1092 1339 1138 ne
1380 1077 1608 1137 diceret
1647 1077 1982 1150 recusavit,
2037 1095 2218 1153 quam

147 1157 254 1217 diu
303 1155 437 1218 iure
485 1156 745 1220 iurando
795 1156 1063 1222 hostium
1111 1167 1451 1233 teneretur,
1507 1174 1631 1221 non
1675 1177 1819 1222 esse
1862 1176 1934 1220 se
1975 1167 2218 1222 senato-

148 1245 328 1301 rem?
415 1243 622 1319 Atque
670 1241 816 1305 illud
848 1244 1027 1304 etiam
1058 1278 1144 1293 ——·
1173 1251 1248 1305 ‘o
1301 1245 1552 1313 stultum
1601 1243 1942 1307 hominem’
2000 1243 2220 1305 dixerit

149 1322 459 1401 quispiam
505 1329 606 1387 et
643 1338 1092 1424 repugnantem
1124 1326 1361 1393 utilitati
1413 1327 1766 1396 suael’,-—-
1804 1323 1978 1389 reddi
2033 1326 2216 1403 capti-

150 1425 301 1479 vos,
354 1406 603 1483 negavit
644 1426 788 1473 esse
816 1408 993 1474 utile:
1038 1402 1215 1473 ‘illos
1271 1411 1430 1473 enim
1482 1410 1915 1473 adolescentes
1972 1425 2115 1472 esse
2160 1417 2221 1470 et

151 1493 355 1552 bonos
407 1493 630 1568 duces»,
690 1493 906 1555 seiam
958 1496 1300 1557 confectum
1351 1497 1715 1556 senectute-⁹
1803 1492 1988 1557 Cuius
2030 1510 2218 1569 quum

153 1573 450 1637 valu1sset
490 1575 854 1652 auctoritas,
901 1578 1122 1655 captivi
1153 1578 1370 1641 retenti
1398 1588 1573 1652 sunt,
1623 1577 1758 1654 ipse
1785 1572 2216 1655 Karthaginem

149 1657 329 1719 rediit
371 1674 574 1735 neque
615 1676 755 1722 eum
786 1661 1005 1723 caritas
1045 1662 1279 1739 patriae
1317 1661 1561 1724 retinuit
1589 1677 1703 1723 nee
1740 1680 2016 1724 suorum.
2104 1663 2216 1722 Ne-

151 1759 274 1817 que
302 1759 454 1804 vero
486 1752 612 1805 tum
645 1742 966 1820 ignorabat
994 1763 1064 1806 se
1104 1746 1183 1806 ad
1225 1745 1710 1808 crudelissimum
1749 1747 1993 1809 hostem
2039 1752 2100 1806 et
2139 1746 2215 1805 ad

151 1824 456 1902 exquisita
507 1827 809 1905 supplicia
858 1824 1200 1909 proficisci,
1260 1831 1373 1892 sed
1430 1829 1526 1892 ius
1588 1827 1910 1891 iurandum
1968 1845 2216 1891 conser-

151 1911 418 1971 vandum
459 1913 731 1987 putabat.
819 1915 1029 1990 Itaque
1077 1921 1233 1987 tum,
1285 1931 1472 1989 quum
1513 1912 1819 1988 vigilando
1863 1912 2215 1984 necabatur,

150 2011 205 2053 e
191 2002 284 2053 ”at
333 1993 391 2054 in
430 1993 682 2058 meliore
724 2012 914 2058 causa
954 2015 1136 2076 quam
1167 1994 1222 2058 si
1265 1994 1430 2060 domi
1483 2011 1676 2057 senex
1723 1993 2033 2071 captivuS,
2082 2009 2217 2069 per-

149 2077 322 2138 iurus
381 2078 721 2140 consularis
788 2080 1206 2142 remansisset.
1300 2080 1438 2139 101.
1496 2081 1610 2139 ‘At
1665 2078 1878 2149 stulte,
1939 2075 2040 2153 qui
2092 2090 2213 2135 non

150 2160 339 2222 modo
388 2177 512 2222 non
566 2162 871 2224 censuerit
935 2164 1216 2243 captivos
1269 2162 1701 2235 remittendOS,
1757 2175 1971 2224 verum
2037 2156 2217 2220 etiam

150 2243 561 2304 dissuaserit?
651 2247 782 2322 Quo
835 2248 1022 2309 modo
1073 2248 1299 2308 stulte?
1361 2243 1652 2318 etiamne,
1706 2244 1757 2306 si
1810 2244 1898 2305 rei
1940 2241 2219 2321 publicae

151 2327 581 2390 conducebat?
628 2337 1090 2405 potestantem,
1133 2332 1302 2407 quod
1331 2329 1539 2392 inutile
1568 2328 1654 2392 rei
1689 2328 1970 2407 publicae
2001 2326 2109 2400 sit,
2155 2325 2218 2387 id

149 2409 439 2486 cuiquam
473 2411 590 2472 civi
618 2409 763 2474 utile
789 2416 973 2475 esse?

273 2541 546 2601 XXVfll.
599 2542 959 2615 Pervertunt
988 2542 1268 2603 homines
1313 2559 1416 2614 ea,
1468 2558 1626 2617 quae
1659 2546 1801 2602 sunt
1828 2542 2220 2602 fundamenta

149 2633 438 2696 naturae,
491 2642 679 2699 quum
719 2623 1036 2686 utilitatem
1080 2626 1157 2686 ab
1203 2626 1527 2686 honestate
1557 2622 1904 2698 seiungunt.
1995 2625 2219 2684 Omnes

147 2707 313 2768 enirn
356 2707 698 2784 expetimus
752 2707 1060 2769 utilitatem
1103 2710 1182 2769 ad
1234 2724 1496 2783 eamque
1545 2706 1814 2783 rapimur
1861 2721 1980 2767 nec
2019 2708 2221 2766 facere

148 2791 328 2851 aliter
355 2792 481 2852 ullo
514 2793 699 2853 modo
733 2808 1088 2870 possumus.
1176 2793 1326 2852 Nam
1363 2792 1499 2867 quis
1532 2797 1628 2853 est
1659 2788 1762 2867 qui
1792 2787 1959 2852 utilia
1991 2787 2221 2866 fugiat?

148 2883 256 2936 aut
320 2873 461 2949 quis
520 2876 727 2951 potius
791 2873 892 2952 qui
953 2893 1027 2936 ea
1091 2892 1217 2937 non
1270 2874 1721 2937 studiosissime
1775 2875 2222 2952 persequatur?

146 2958 275 3019 Sed
332 2957 483 3032 quia
530 2973 830 3032 nusquam
884 2973 1225 3035 possumus
1272 2956 1388 3019 nisi
1428 2958 1486 3019 in
1537 2959 1746 3031 laude,
1804 2959 2062 3034 decore,
2116 2959 2221 3018 ho-

150 3047 397 3101 nestate
432 3040 601 3102 utilia
646 3042 947 3118 reperire,
1006 3049 1336 3126 propterea
1387 3042 1491 3103 illa
1533 3050 1594 3103 et
1651 3005 1844 3118 prima
1884 3051 1947 3104 et
1986 3057 2224 3104 summa

147 3125 480 3198 habemuS,
534 3124 806 3187 utilitatis
838 3142 1060 3187 nomen
1101 3144 1225 3188 non
1276 3134 1399 3186 tam
1441 3126 1831 3202 splendidum
1887 3141 2069 3200 quam
2115 3136 2217 3183 ne-

151 3207 492 3269 cessarium
559 3208 858 3270 ducimus.
951 3207 1090 3271 102.
1150 3209 1352 3285 ‘Quid
1397 3217 1495 3271 est
1540 3206 1757 3286 igitur-⁹
1812 3206 2031 3269 dixerit
2083 3204 2221 3282 quis

150 3289 200 3327 ‘
187 3309 246 3352 ιιι
308 3290 446 3353 iure
493 3292 798 3355 iurando?
846 3309 988 3355 num
1043 3292 1262 3353 iratum
1314 3292 1597 3355 timemus
1644 3289 1896 3352 Iovem?
1977 3290 2061 3349 At
2099 3288 2224 3349 hoc

152 3372 411 3451 quidem.
437 3392 762 3437 commune
812 3385 909 3438 est
951 3376 1222 3437 omniurn
1262 3374 1800 3452 philosophorum,
1854 3387 1978 3430 non
2011 3382 2219 3429 eorum
