2381 3723
200 152 317 207 235
798 143 964 204 CAP.
997 151 1262 207 54—56.
1294 152 1346 214 §-
1387 152 1576 208 188-—
1599 154 1720 209 196.
1833 183 1836 186 ·
2168 148 2294 209 425

216 298 361 357 dum
401 303 590 371 atque
630 296 1069 357 elaborandum
1103 303 1228 367 est,
1259 305 1325 359 ut
1364 313 1442 356 ne
1472 297 1547 357 ab
1578 296 1652 357 iis
1686 314 2109 374 segregemur,
2145 318 2296 375 quo·

213 397 348 441 rum
377 386 475 440 est
501 378 820 455 proprium
864 380 990 440 vita
1028 380 1145 441 frui
1177 380 1551 455 sempiterna
1582 396 1657 441 ac
1689 383 1900 443 beata.
1948 384 2124 458 Quod
2165 384 2294 443 effi-

213 463 504 539 cen-equi
552 463 816 525 voluerit
851 498 926 507 -
973 479 1189 524 omnes
1231 470 1435 523 autem
1479 466 1657 525 velle·
1690 466 2032 539 debebunt,
2077 466 2181 542 qui
2223 483 2293 527 se

211 548 392 623 ipsos
452 545 717 622 diligere
753 547 1319 623 convenienterque
1370 554 1624 609 naturae
1676 550 1889 609 volent
1941 549 2152 609 vivere
2209 555 2293 594 '—-

211 647 547 705 numquam
580 630 919 692 committet
955 638 1051 705 ut,
1085 647 1244 705 quae
1275 632 1532 693 caeteris
1564 631 1826 693 exitiosa
1856 636 1989 694 sore
2020 633 2292 695 credide-

210 715 317 786 rit,
351 730 426 774 ea
453 714 590 791 ipse
610 722 1041 790 persequatur.
1102 717 1313 790 Neque
1337 715 1497 775 enim
1527 716 1585 775 in
1620 732 1795 792 spem
1824 718 2036 778 venire
2067 717 2293 794 poterit

211 806 321 859 aut
349 797 741 873 ignoraturos
775 814 918 859 esse
948 798 1104 858 deos
1134 815 1294 873 quae
1325 799 1461 873 ipse
1486 807 1644 875 agat,
1684 817 1872 875 quum
1900 801 2163 861 divinam
2188 818 2292 861 na-

209 889 408 943 turam
448 881 595 941 nihil
640 882 971 957 praeterire
1015 882 1307 942 credibile
1350 882 1462 956 sit,
1510 891 1617 943 aut
1654 882 1754 942 illa
1802 885 2206 960 probaturoS,
2254 901 2290 943 a

212 965 436 1041 quibus
481 981 601 1025 non
646 966 832 1026 modo
880 966 974 1039 di,
1018 967 1131 1026 sed
1176 966 1356 1027 etiam
1398 966 1533 1027 sani
1574 967 1856 1029 homines
1901 968 2291 1028 abhorreant.

212 1049 370 1124 Quid
410 1049 569 1109 enim
615 1048 852 1125 turpius
886 1049 1162 1123 libidine,
1210 1050 1355 1124 quid
1395 1047 1650 1111 taetrius
1693 1051 1972 1126 avaritia,
2010 1051 2157 1126 quid
2191 1052 2269 1112 de

210 1132 551 1194 testabilius
578 1132 978 1193 crudelitate?
1008 1132 1176 1207 Quae
1201 1134 1479 1210 quamvis
1503 1134 1563 1194 in
1587 1133 1935 1196 hominibus
1958 1134 2291 1210 aliquando

213 1216 543 1290 exsistant,
586 1225 792 1277 tamen
838 1218 914 1277 ab
960 1217 1225 1279 hominis
1265 1225 1483 1278 natura
1520 1226 1643 1277 tam
1686 1217 1885 1278 aliena
1918 1225 2065 1278 sunt
2103 1234 2285 1293 quam

210 1301 542 1362 humanum
582 1301 729 1361 illud
778 1300 921 1374 erit,
975 1300 1030 1361 si
1073 1302 1276 1361 omnia
1319 1300 1498 1361 nobis
1549 1301 2086 1376 bona‘omniaque
2129 1318 2292 1363 com-

212 1385 395 1446 moda
437 1392 823 1461 expetamus.
915 1384 1052 1446 194.
1094 1390 1302 1460 Atque
1334 1385 1395 1467 in
1443 1385 1565 1445 hoc
1607 1384 2103 1461 comprimendae
2150 1391 2292 1445 sunt

212 1468 608 1543 cupiditateS,
650 1468 876 1544 quibus
915 1468 1215 1528 trahimur
1254 1484 1560 1545 persaepe
1605 1468 1684 1527 ad
1730 1484 1832 1542 ea,
1887 1485 2046 1544 quae
2083 1468 2290 1529 virtuti

210 1553 639 1613 adversantur.
706 1552 884 1627 Quod
918 1551 1201 1612 facillime
1235 1552 1511 1628 perficiet
1553 1551 1658 1628 qui
1690 1560 1810 1612 tam
1849 1551 2107 1628 gloriosi
2149 1552 2292 1611 faci—

209 1636 380 1696 noris
431 1635 670 1696 exitum.
705 1651 913 1696 secum
963 1633 1102 1711 ipse
1136 1636 1411 1697 adsidue
1450 1636 1753 1719 cogitabit.
1828 1638 2150 1714 Tantaque
2198 1643 2293 1696 est

136 1753 147 1758 -
207 1718 390 1779 huius
438 1718 828 1794 cogitationis
871 1720 1173 1792 suavitas,
1219 1728 1318 1794 ut,
1373 1721 1542 1795 quod
1589 1720 2292 1795 libenter-alacriterque

210 1802 447 1879 agimus
461 1825 484 1877 ,Α
523 1802 703 1864 etiam
747 1803 882 1865 sine
925 1805 1136 1865 labore
1166 1820 1557 1880 peragamus.
1616 1804 1809 1879 quue
1839 1804 1902 1863 in'-
1930 1802 2293 1883 praestanti-

210 1888 326 1947 bus
357 1886 680 1962 laudisque
718 1889 1156 1964 appetentibus
1200 1888 1548 1950 hominibus
1592 1888 1767 1967 facile
1801 1888 2097 1948 cernitur:
2142 1905 2290 1962 quo-

208 1987 345 2031 rum
375 1978 541 2030 tanta
571 1987 715 2031 esse
761 1974 923 2032 solet
956 1974 1052 2031 vel
1083 1972 1141 2031 in
1175 1971 1761 2048 obeundisproeliis
1793 1974 1910 2033 vel'
1937 1970 1997 2031 in
2032 1971 2290 2047 agendis

210 2053 413 2114 causis
448 2055 543 2115 vel
571 2054 633 2114 in
666 2053 1162 2116 contentionibus
1198 2071 1310 2131 pro
1343 2072 1410 2116 re
1448 2056 1693 2131 publica
1723 2054 2139 2130 suscipiendis
2170 2057 2288 2115 ala·

210 2137 392 2199 critas
422 2144 714 2213 tantaque
762 2138 988 2214 virtuS‚
1030 2147 1126 2213 ut,
1164 2141 1333 2215 quod
1364 2140 1422 2199 in
1466 2140 1537 2200 iis
1567 2141 1753 2201 rebus
1782 2138 2037 2216 periculi
2075 2144 2183 2199 aut
2214 2141 2289 2196 la-

207 2220 376 2284 boris
410 2229 535 2298 est,
569 2231 674 2281 aut
691 2239 817 2282 non
845 2223 1113 2286 sentiant
1144 2232 1251 2285 aut
1279 2240 1393 2300 pro
1426 2223 1611 2285 nihilo
1643 2224 1888 2284 ducant.
1937 2280 1938 2283 ,
1984 2222 2131 2283 195.-
2166 2223 2287 2283 Ma—

206 2326 393 2384 gnum
425 2310 587 2369 enim
628 2316 726 2369 est
769 2308 1201 2370 contendentis
1235 2317 1297 2368 et
1334 2304 1413 2367 ad
1445 2308 1699 2384 gloriam
1732 2307 2075 2368 anhelantis
2110 2305 2288 2367 animi

207 2395 574 2464 fomentum,
627 2390 927 2468 magnum
963 2392 1261 2455 solacium
1291 2387 1453 2468 'spes
1493 2394 1735 2453 futurae
1783 2407 1856 2452 ac
1904 2389 2290 2468 propinquae

206 2476 344 2538 sive
381 2474 655 2536 utilitatis
699 2477 833 2537 sive
877 2476 1142 2552 gloriae:
1187 2492 1390 2551 neque
1434 2476 1498 2534 id
1540 2479 1741 2536 solum
1773 2475 1834 2535 in
1867 2475 2140 2550 magnis,
2175 2474 2288 2535 sed

205 2560 386 2622 etiam
417 2560 476 2620 in
524 2560 859 2621 levioribus
891 2560 1209 2620 laboribus
1240 2575 1312 2619 ac
1344 2558 1583 2620 studiis,
1649 2559 1818 2634 Quos
1854 2558 2014 2619 enim
2045 2574 2287 2628 cursuS‚

207 2659 367 2718 quos
406 2643 652 2706 venatio
684 2644 984 2715 delectat,
1014 2644 1144 2704 'eos
1193 2641 1473 2718 quamvis
1505 2642 1585 2701 de
1613 2643 1715 2702 via
1747 2643 1954 2703 fessos
1986 2657 2058 2701 ac
2088 2657 2289 2716 paene

205 2726 522 2789 exanimes
568 2728 811 2800 videas,
844 2743 1177 2802 numquam
1212 2734 1412 2786 tamen
1448 2725 1647 2786 minus
1691 2727 1929 2786 alacres
1964 2725 2288 2799 minusque

205 2809 552 2871 concitatos
572 2810 1060 2872 animadvertas.
1127 2812 1251 2869 Iam
1301 2811 1605 2870 honorum
1648 2808 1948 2884 cupiditas
1981 2808 2126 2885 quid
2164 2824 2286 2867 non

201 2893 265 2952 in
306 2902 522 2955 nostra
555 2894 801 2955 civitate
842 2894 1102 2967 laboris»,
1135 2893 1284 2970 quid
1318 2910 1442 2953 non
1480 2890 1904 2954 sollicitudinis
1936 2891 2288 2968 negotiique

202 2977 501 3038 facessit?
583 2979 737 3038 LVI.
789 2977 928 3039 196.
972 2979 1218 3052 Quotus
1245 2984 1447 3038 tamen
1493 2976 1757 3053 quisque
1789 2983 1913 3050 est,
1953 2974 2059 3051 qui
2089 2991 2159 3035 se
2194 2975 2287 3033 vel

200 3062 419 3123 labore
455 3061 850 3137 defatigatum
899 3063 998 3122 vel
1041 3061 1455 3137 prensationis
1502 3060 1783 3122 molestia
1833 3075 2104 3134 curaque
2143 3074 2288 3118 con—

199 3145 430 3207 fectum
463 3146 690 3205 audeat
719 3144 972 3207 dicere?-
1017 3144 1165 3219 Sic,
1187 3146 1691 3220 quorum-oculos
1722 3142 2289 3223 virtutis‘splendor

198 3229 537 3305 occupavit
565 3228 1226 3305 gloriaequestudium
1261 3228 1502 3289 animos
1534 3227 1854 3301 delenivit,
1879 3225 1948 3306 ⁴ii·
1971 3240 2087 3287 nec
2121 3226 2286 3285 labo·

198 3328 330 3372 rem
363 3313 638 3373 sentiunt
668 3316 762 3386 et,
795 3312 847 3372 si
877 3316 1084 3372 tantus
1116 3319 1250 3385 est,·
1281 3318 1350 3372 ut
1379 3310 1712 3386 aliquando
1753 3317 2062 3385 erumpat,
2095 3325 2170 3369 eo
2203 3316 2287 3368 ta-

200 3412 340 3457 men
374 3413 501 3457 non
544 3412 765 3472 magno
801 3411 992 3471 opere
1037 3402 1385 3457 moventur.
1451 3393 1588 3456 Toti
1615 3392 1783 3455 enim·
1804 3393 1868 3455 in
1902 3410 1978 3454 eo
2013 3398 2183 3466 sunt,
2222 3396 2286 3450 ut
