2381 3723
101 116 227 178 426
524 116 600 175 ΙΝ
607 116 829 181 CERTI
858 116 1246 177 AUCTORIS
1279 113 1755 176 CONSOLATIO
2087 124 2189 179 236

102 267 342 344 prosint
369 265 606 342 patriae
633 266 1162 341 immortalemque
1192 265 1310 327 sibi
1340 264 1602 326 nominis
1634 264 1993 325 memoriam
2027 282 2183 326 eom-

100 358 336 428 parent.
412 351 604 426 Quam
635 349 690 411 si
721 349 872 424 -quis
906 351 1336 425 negligendam
1371 350 1556 410 ducat
1593 364 1966 424 omnemque
1996 350 2192 410 homi-

100 435 194 495 nis
249 433 595 495 felicitatem
649 442 819 494 recte
871 435 1173 495 factorum
1226 432 1606 495 conscientia
1657 432 1853 491 metiri
1902 432 2090 509 velit,
2139 435 2191 495 is

100 526 268 579 certe
305 518 548 579 divinos
583 518 888 590 honoreS,
935 518 1040 593 qui
1082 518 1263 578 claris
1293 516 1441 577 viris
1486 515 1665 575 tribui
1705 527 2190 589 consueverunt,

100 618 433 678 numquam
476 601 764 676 negliget.
846 602 1083 662 Etenim
1129 602 1206 661 de
1249 599 1343 661 dis
1384 599 1571 675 ipsiS,
1621 599 1725 674 qui
1768 600 2035 661 eosdem
2076 602 2190 661 sibi

100 688 370 747 honores
396 684 769 757 asciverunt,
794 685 1065 760 pessime
1087 683 1400 745 iudicasse
1427 683 1757 743 videretur.
1821 683 1964 743 197.
1995 686 2191 745 Tanta

100 777 303 843 autem
355 785 603 840 eorum,
642 768 750 843 qui
786 768 969 830 huius
999 768 1168 829 modi
1209 766 1660 830 consuetudine
1700 768 1987 827 delectati
2028 777 2190 841 sunt,

99 861 164 914 et
206 851 510 927 sapientia
550 859 611 928 et
652 852 933 927 aequitas
979 851 1371 927 agnoscitur,
1416 858 1485 912 ut
1527 849 1789 911 dubitari
1829 868 1957 911 non
1987 852 2193 927 possit

101 937 247 1012 quin
279 936 398 1012 ipsi
424 936 595 1012 quod
622 943 882 1011 egerunt
910 954 947 996 a
980 943 1146 998 certa
1181 936 1419 997 ratione
1446 934 1899 1010 proficiscatur.
1961 936 2189 1008 Quales

101 1037 429 1081 numerare
473 1021 970 1082 Lacedaemonas
1016 1036 1384 1096 possumuS,
1416 1017 1794 1080 clarissimos
1827 1026 1891 1078 et
1930 1019 2190 1080 fortissi-

102 1123 241 1166 mos
268 1104 470 1175 viros,
512 1103 617 1179 qui
644 1103 813 1164 cives
844 1121 996 1166 suos
1031 1110 1291 1165 mortem
1322 1119 1433 1177 pro
1470 1102 1668 1178 patria
1701 1103 2008 1163 obeuntes
2040 1102 2190 1162 divi·

101 1188 199 1249 nis
252 1187 595 1250 honoribus
623 1188 914 1250 >adficere
959 1188 1265 1251 solebant.
1353 1184 1511 1261 Quid
1551 1202 1704 1247 vero
1747 1183 1888 1245 illae
1910 1231 1926 1257 ,
1988 1187 2188 1246 omnis

100 1274 287 1348 plane
330 1272 652 1333 doctrinae
711 1271 1053 1348 omnisque.
1091 1270 1429 1347 sapientiae
1483 1277 1800 1345 parentes,
1862 1269 2190 1330 Athenae?

100 1372 307 1416 nonne
355 1355 654 1428 Codrum,
698 1371 909 1430 regem
940 1371 1144 1428 suum,
1190 1356 1272 1415 ob
1304 1352 1591 1430 pietatem
1620 1352 1685 1413 in
1705 1352 1979 1429 patriam
2009 1353 2189 1413 meri-

98 1450 288 1514 taque
326 1438 461 1513 illa,
508 1438 734 1514 quibus
764 1437 1082 1512 excelluit,
1122 1454 1345 1513 magno
1377 1445 1690 1499 consensu
1720 1436 1784 1497 in
1812 1437 1974 1497 deos
2001 1444 2188 1498 rettu-

101 1525 339 1583 lerunt?
400 1520 565 1583 -198,
620 1524 827 1597 Atque
870 1522 1032 1582 haud
1074 1523 1207 1582 scio
1250 1538 1328 1581 an
1371 1528 1540 1581 recte
1585 1520 1898 1582 senserint
1927 1519 2047 1580 viri
2078 1522 2186 1581 do-

100 1604 393 1678 ctissimi,
439 1621 702 1679 quorum
745 1621 820 1663 ea
863 1605 975 1666 suit
1013 1603 1254 1681 opinio,
1301 1603 1471 1667 viros
1516 1606 1720 1666 claros
1755 1612 1820 1664 et
1858 1606 2058 1666 fortes
2101 1606 2187 1664 id-

100 1688 266 1749 circo
294 1688 551 1752 deorum
573 1686 1003 1749 immortalium
1024 1688 1266 1749 honore
1287 1696 1717 1763 consecratoS,
1747 1694 1815 1746 ut
1835 1685 2189 1749 incitaretur

101 1773 299 1836 virtus
328 1772 530 1833 acrius
562 1780 624 1832 et
643 1780 1010 1834 acuerentur
1028 1771 1454 1836 vehementius
1476 1774 1557 1833 ad
1580 1773 1867 1834 obeunda
1890 1773 2186 1848 pericula,

103 1856 210 1935 qui
255 1858 491 1934 patriae
537 1873 750 1920 amore
796 1855 1131 1934 studioque
1172 1856 1555 1921 tenebantur.
1646 1859 1813 1917 Vera
1857 1857 2028 1917 enim.
2071 1856 2186 1916 vir-

101 1943 250 2003 tutis
280 1958 522 2003 merces
550 1940 748 2016 gloria
775 1948 902 2015 est,
948 1958 1064 2004 nec
1095 1942 1432 2017 quidquam
1462 1949 1559 2002 est
1583 1939 1783 2014 aliud,
1829 1958 1954 2016 quo
1992 1939 2184 2015 magis

102 2028 183 2085 ad
233 2033 402 2087 recte
449 2026 836 2101 honesteque
886 2027 1199 2101 agendum
1252 2024 1634 2100 praestantis*
1667 2024 1850 2085 animi
1901 2022 2184 2086 homines

102 2109 523 2171 incendantur.
613 2110 791 2183 Quod
842 2110 1070 2184 optime
1126 2109 1379 2184 agnovit
1431 2127 1504 2170 ac
1551 2108 1894 2170 diutissime
1939 2107 2182 2169 retinuit

103 2191 373 2254 omnium
410 2194 746 2257 litterarum
783 2196 1103 2268 praeclara
1135 2200 1350 2254 custos
1381 2192 1656 2253 et·a1trix
1685 2191 1977 2252 Graecia:
2028 2207 2184 2268 quae

102 2279 330 2337 multos
371 2275 558 2341 habet
586 2276 829 2341 virtutis
858 2277 1054 2351 gratia
1085 2278 1287 2339 factos
1319 2292 1399 2338 ex
1427 2276 1773 2339 hominibus
1803 2277 1993 2350 deos,
2038 2292 2183 2352 quo·

101 2376 237 2420 rum
268 2358 424 2420 alios
458 2361 723 2419 fatentur
750 2374 985 2434 novos,
1030 2360 1184 2422 alios
1217 2360 1422 2421 multis
1453 2359 1573 2422 iam
1603 2360 1866 2421 saeculis
1894 2367 2185 2435 receptos

100 2441 160 2501 in
206 2444 439 2502 caelum
495 2449 1023 2520 consecratosque
1048 2446 1472 2519 contendunt,
1528 2461 1712 2520 quam
1765 2442 1940 2506 multi
1983 2453 2185 2504 autem

102 2525 255 2597 sint,
314 2524 418 2601 qui
447 2525 817 2591 reconditas
856 2543 1089 2590 eorum-
1114 2535 1465 2590 scrutantur
1512 2528 1800 2601 litteras,
1829 2544 2024 2589 nosse
2066 2530 2187 2588 for·

104 2618 274 2672 tasse
307 2615 593 2686 possunt.
692 2611 881 2671 LVII.
931 2613 1072 2674 199.
1158 2613 1375 2687 Neque
1421 2628 1567 2675 vero
1619 2612 1776 2673 haec
1817 2629 1860 2672 a
1899 2629 2001 2673 me
2040 2610 2187 2672 ideo

103 2694 425 2770 copiosius
467 2693 888 2771 disputantur,
948 2697 1119 2769 quod
1159 2712 1272 2758 eos
1317 2703 1549 2758 temere
1587 2712 1816 2772 neque-
1843 2696 1997 2758 satis
2042 2712 2188 2757 con*

102 2778 371 2839 siderate
394 2786 520 2839 tam
548 2781 775 2841 multos
809 2787 1212 2842 consecratos
1241 2794 1388 2842 esse
1416 2780 1587 2842 credi
1611 2779 1789 2841 velim
1808 2829 1823 2853 ,
1851 2797 2048 2856 *quum
2073 2796 2187 2840 eos

101 2862 241 2938 ipse
269 2879 518 2938 quoque
557 2879 818 2924 venerer
845 2865 1231 2940 deorumque
1257 2866 1400 2926 loco
1430 2865 1754 2926 habendos
1785 2872 2028 2941 putem,
2072 2864 2188 2923 sed

100 2945 342 3020 potius,
386 2962 572 3021 quum
614 2954 710 3009 tot
754 2948 920 3023 apud
966 2964 1201 3010 omnes
1227 2965 1428 3025 paene
1471 2954 1693 3024 gentes
1735 2945 2187 3026 immortalitate

102 3029 454 3105 divinisque
484 3030 826 3093 honoribus
855 3031 1084 3093 adfecti
1118 3031 1531 3110 reperiantur,
1567 3039 1638 3094 ut·
1661 3048 1962 3094 exacuam
1992 3032 2187 3092 bono·

101 3129 235 3173 rum
254 3121 503 3176 mentes
532 3116 609 3175 ad
643 3118 1188 3192 eapromerenda,
1226 3133 1386 3193 quae
1421 3115 1786 3193 sapientium
1811 3115 2043 3178 iudicio
2074 3116 2184 3175 du-

103 3203 321 3256 cuntur
352 3197 760 3272 amplissima.
829 3198 987 3260 Nihil
1019 3200 1180 3260 enim
1223 3202 1636 3276 praestantius
1666 3209 1773 3261 aut
1811 3199 2057 3261 beatius
2085 3215 2184 3258 ae-

101 3275 308 3349 cidere
358 3278 590 3342 homini
637 3288 848 3354 potest
904 3298 1090 3356 quam
1140 3299 1218 3344 eo
1271 3285 1412 3344 loeo
1463 3282 1716 3356 don-ari,
1770 3284 1830 3343 in
1881 3299 2071 3358 *quem
2117 3289 2186 3340 ut

102 3359 506 3424 ascenderent
562 3360 737 3420 urbis
781 3370 1037 3424 nostrae
1089 3365 1476 3441 conditores,
1550 3368 1778 3428 nullum
1822 3365 2183 3443 periculum,
