2381 3723
131 133 171 174 x
797 116 1176 171 PROOEMIUM
1210 110 1529 173 EDITORIS.

128 259 357 309 editione
393 257 651 308 adnotavit
685 257 785 307 sibi
825 259 1082 319 pertinent
1120 271 1282 318 aeque
1311 258 1498 306 bonum
1528 257 1709 307 videri.
1782 256 1901 306 Post
1929 254 2068 304 nolui
2103 270 2207 303 ma-

131 328 298 390 leficos
331 341 423 392 pro
456 327 722 376 maledicos
732 354 753 386 ,-
797 326 933 388 quod
970 326 1020 372 in
1061 324 1203 374 libris
1241 326 1473 376 omnibus
1510 332 1615 385 est,
1667 327 1847 386 edere,
1899 339 2205 386 quamquam

131 397 362 462 Ungerus
389 410 549 460 nuper
576 393 704 444 illud
735 393 1114 444 anteferendum
1148 396 1359 457 putavit.
1432 393 1786 444 Maledicentia
1831 392 1898 443 ad
1939 393 2207 443 verborum

132 466 369 514 iniuriam
396 466 611 529 pertinet
645 471 693 512 et
730 461 816 512 hic
854 477 976 512 saue
1005 461 1170 511 locum
1200 461 1388 512 habere
1413 464 1595 528 potuit.
1674 461 1799 526 Cap.
1824 461 1908 512 11.
1935 463 1985 524 S.
2008 461 2096 511 40.
2136 460 2211 509 Il·

127 535 318 596 lyrieus
355 536 491 582 latro
523 532 706 596 scripsi
738 547 829 597 pro
865 531 1074 597 Illyrius
1106 533 1239 582 latro
1276 548 1304 581 e
1340 531 1483 581 libris
1519 531 1693 580 multis
1729 546 1789 580 ac
1821 530 1968 580 bonis
2001 536 2051 578 et
2075 529 2210 578 hauc

130 602 388 652 Adiectivi
436 601 650 651 formam
695 599 868 650 Cicero
920 614 1123 664 semper
1160 602 1446 665 usurpavit.
1517 600 1719 649 Praeter
1767 596 2007 649 Orellium
2056 599 2207 647 etiam

130 671 394 735 Zumptius
438 677 488 719 et
521 669 754 735 Ungerus
800 668 1010 733 Illyrius
1059 669 1389 719 retinuerunt.
1462 667 1583 733 Cap.
1621 668 1705 719 13.
1762 670 1813 731 5.
1862 668 1950 720 46.
2007 667 2141 716 edidi
2180 683 2209 716 e

130 738 272 788 libris
308 738 542 804 plurimis
573 747 622 787 et
670 739 876 802 optimis
911 753 944 787 a
972 737 1239 798 modestia,
1287 736 1383 787 tum
1414 739 1603 800 pietate
1636 752 1730 802 pro
1766 753 1801 786 a
1829 737 2073 787 modestia
2102 751 2209 785 cum

123 811 335 870 pietate.
408 808 548 857 Idem
587 806 808 857 fecerunt
842 807 1103 871 Zumptius
1135 815 1184 855 et
1220 807 1473 871 Ungerus.
1546 806 1734 855 Eadem
1769 807 1820 867 S.
1859 813 2082 854 extrema
2119 805 2207 854 de-

131 878 356 940 legerunt
401 890 514 926 cum
561 875 702 925 libris
742 891 833 940 pro
884 875 1157 939 delegerint
1200 875 1353 926 edidi.
1423 877 1473 937 S.
1510 876 1597 928 47.
1648 875 1861 939 scripsi:
1910 881 1964 923 ut
1997 873 2064 922 de
2098 874 2206 922 De-

127 944 372 996 mosthene
420 945 720 1008 aeeepimas,
784 960 846 994 ex
895 944 1039 994 libris
1087 943 1321 1008 plurimis
1371 950 1420 993 et
1464 944 1667 1008 optimis
1718 958 1813 1008 pro
1841 943 2090 1007 vulgato:
2154 949 2209 990 ut

128 1013 498 1064 Demosthenem
533 1015 825 1076 accepimns.
898 1013 1020 1077 Gap.
1053 1013 1135 1062 14.
1173 1013 1226 1074 S.
1262 1012 1348 1064 48.
1388 1027 1479 1061 cur
1512 1012 1830 1076 scripserimz
1865 1011 2005 1072 Quae
2040 1019 2205 1060 autem

128 1084 178 1130 in
228 1084 528 1133 multitudine
581 1097 686 1131 cam
732 1082 1038 1132 contentione
1088 1081 1303 1131 habetur
1352 1084 1543 1145 oratio,
1607 1096 1670 1131 ea
1716 1095 1873 1142 saepe
1923 1081 2204 1129 universam

129 1152 321 1200 excitat
373 1151 445 1200 ad
482 1153 692 1215 gloriam
709 1186 722 1210 ,
782 1151 959 1215 aperui
1013 1151 1113 1199 iam
1150 1150 1213 1197 -in
1261 1150 1386 1200 Noc.
1440 1152 1610 1200 annal.
1659 1149 1831 1211 philol.
1882 1155 1931 1198 et
1976 1149 2200 1212 paedaq.

127 1218 232 1269 vol.
272 1219 450 1268 LXXI.
497 1234 552 1284 p.
601 1218 723 1270 536.
793 1220 846 1268 In
879 1218 1022 1269 libris
1067 1224 1233 1268 autem
1268 1219 1500 1269 omnibus
1526 1232 1628 1269 non
1669 1218 1966 1282 simpliciter
2010 1218 2203 1267 eaecitat

125 1287 340 1354 legitur,
380 1289 515 1350 quod
551 1301 856 1350 quamquam
890 1286 1043 1336 hodie
1070 1287 1132 1336 ab
1170 1287 1407 1338 omnibus
1445 1289 1834 1352 comprobatum¹
1859 1294 1963 1346 est,
2005 1285 2196 1334 nullam

125 1358 423 1406 sententiam
459 1355 610 1405 habet
643 1356 909 1416 idoneam,
961 1355 1053 1405 sed
1089 1359 1287 1407 excitat
1305 1358 1546 1421 gloriam,
1595 1356 1731 1419 quod
1775 1354 1925 1404 facile
1960 1369 2026 1403 ex
2061 1356 2200 1404 exei-

123 1431 204 1472 tat
237 1425 310 1473 ad
336 1427 548 1488 ,qloriam
589 1424 709 1474 oriri
752 1425 942 1489 potuit,
998 1426 1296 1488 praesertim
1338 1439 1491 1487 quum
1529 1439 1622 1488 pro
1665 1425 1736 1474 ad
1781 1437 1938 1487 saepe
1985 1437 2199 1473 numero

125 1499 190 1541 at
224 1493 542 1544 scriberetur.
617 1493 805 1542 Eadem
838 1495 889 1555 5.
924 1492 1093 1556 paullo
1130 1500 1247 1557 post
1279 1493 1461 1557 scripsi
1491 1508 1520 1541 e
1554 1494 1700 1544 bonis
1727 1492 1873 1542 libris
1906 1493 2065 1542 nti-vta
2097 1506 2198 1541 mo-

123 1561 286 1610 destia
329 1563 576 1626 qravitas.
650 1560 912 1610 Ablativus
963 1561 1098 1610 enim
1145 1563 1197 1610 in
1242 1563 1351 1610 eius
1401 1561 1540 1612 modi
1588 1561 1718 1611 locis
1760 1572 1923 1625 paene
1965 1561 2201 1610 usitatior

120 1635 201 1677 est
229 1643 379 1691 quam
417 1629 644 1682 Dativus.
715 1629 764 1690 5.
801 1628 893 1687 49.Ι
931 1643 1013 1679 res
1045 1631 1158 1694 ipsa
1193 1644 1355 1695 prope
1396 1630 1670 1694 flagitavit,
1722 1639 1778 1679 ut
1812 1645 1877 1679 ex
1908 1628 2051 1679 libris
2082 1629 2198 1693 plu-

121 1697 264 1746 rimis
307 1707 355 1747 et
398 1697 605 1762 optimis
645 1699 949 1762 reciperem:
1021 1698 1152 1747 Nam
1210 1713 1281 1747 eoe
1327 1702 1645 1750 accusatione
1691 1705 1739 1748 et
1786 1713 1855 1747 ex
1903 1697 2200 1760 defensione

121 1773 330 1816 constat.
401 1764 573 1831 Vulgo
606 1781 676 1815 eoe
701 1775 817 1816 ante
843 1766 1132 1830 defensione
1151 1767 1394 1816 omissum
1424 1774 1520 1817 est.
1555 1791 1559 1794 ⁴
1592 1766 1718 1832 Gap.
1743 1766 1826 1817 15.
1847 1766 1897 1827 S.
1930 1765 2012 1816 53.
2046 1781 2111 1815 ex
2136 1765 2197 1813 li-

120 1834 226 1883 bris
245 1835 358 1888 dein
381 1848 471 1899 pro
492 1835 670 1885 deinde
688 1835 880 1886 restitui
898 1850 1015 1885 cum
1028 1836 1256 1901 Zumptio
1276 1842 1325 1885 et
1342 1835 1558 1902 Ungero.
1596 1836 1672 1886 De
1681 1834 1849 1887 verbis
1866 1834 1918 1897 S.
1934 1834 2019 1887 54.
2042 1834 2199 1897 Quum

122 1904 245 1953 enim
280 1904 448 1953 dando
485 1919 634 1968 egere
663 1911 933 1967 coeperunt
957 1930 1029 1941 —
1065 1912 1309 1969 coquntur
1348 1905 1580 1955 conferas
1609 1904 1915 1968 Madvigium
1959 1902 2025 1952 ad
2053 1902 2199 1953 Cice-

123 1973 258 2022 ⁸'onis
292 1972 448 2022 libros
497 1974 560 2023 de
587 1972 773 2036 finibus
799 1986 851 2039 p.
885 1972 1006 2024 691.
1080 1973 1205 2038 Cap.
1243 1974 1326 2026 17.
1377 1975 1429 2036 S.
1466 1972 1554 2025 60.
1592 1982 1730 2023 recte
1755 1988 1784 2021 e
1819 1970 1960 2020 libris
1986 1972 2198 2034 optimis

130 2042 340 2092 restituit
387 2040 780 2106 Stiirenburgius
829 2049 878 2093 et
911 2049 1009 2093 tum
1039 2044 1197 2105 ipsum
1239 2057 1332 2108 pro
1364 2042 1573 2107 vulgato
1619 2050 1667 2092 et
1711 2048 1807 2091 tum
1849 2043 1988 2102 ipsa,
2039 2054 2197 2101 quem

120 2110 280 2159 secuti
317 2118 435 2158 sunt
468 2111 730 2175 Zumptius
775 2117 826 2159 et
855 2110 1106 2176 Unger-us,
1175 2112 1308 2163 Vide
1351 2111 1501 2161 etiam
1536 2110 1847 2175 Madvigium
1889 2108 1957 2159 ad
1992 2107 2197 2158 Cicero-

119 2178 200 2225 nis
247 2177 405 2227 libros
447 2178 509 2226 de
556 2179 739 2242 finibus
778 2193 830 2242 p.
879 2179 999 2233 256.
1073 2179 1197 2244 Cap.
1247 2179 1329 2235 18.
1385 2181 1436 2242 S.
1481 2178 1566 2229 62.
1618 2192 1714 2228 non
1770 2193 1832 2227 ne
1884 2177 2197 2242 adfligantm·

119 2254 326 2309 propter
345 2245 588 2295 librorum
609 2249 952 2297 auctoritatem
976 2263 1068 2313 pro
1085 2264 1182 2298 non
1208 2247 1306 2314 [ut]
1332 2263 1394 2298 ne
1412 2248 1716 2314 adfligantur
1731 2246 2053 2297 scribendum
2074 2244 2191 2294 fuit.

118 2312 293 2363 Paullo
311 2321 426 2378 post
455 2316 505 2377 S.
545 2314 630 2366 63.
677 2315 830 2364 Hane
845 2330 934 2381 eqo
950 2331 1043 2381 pro
1077 2318 1229 2367 Hane
1267 2330 1388 2381 erqo
1413 2315 1627 2367 Orellius
1659 2332 1688 2365 e
1707 2315 1934 2368 Lactant.
1968 2314 2059 2367 lib.
2097 2314 2191 2363 vl.

117 2396 233 2445 cap.
279 2383 361 2435 12.
411 2383 461 2444 5.
511 2383 593 2435 15.
637 2384 908 2448 scripserat
952 2381 1186 2448 itemque
1221 2384 1630 2451 StiirenburgiuS.
1704 2384 1858 2434 Recte
1899 2397 2033 2432 nunc
2074 2397 2190 2431 cum

119 2450 261 2500 libris
296 2450 558 2515 Zumptius
610 2459 659 2501 et
701 2450 930 2518 Ungerus
966 2468 1086 2519 erqo
1123 2455 1459 2504 restituerunt.
1530 2454 1580 2515 S.
1625 2452 1713 2506 64.
1759 2459 1896 2502 recte
1939 2451 2096 2500 iidem
2145 2453 2192 2500 is

121 2525 235 2582 post
279 2520 499 2569 nimirum
547 2520 846 2581 omiserunt,
901 2525 1035 2584 quod
1074 2521 1292 2573 Orellius
1328 2529 1378 2571 et
1421 2521 1818 2587 Stiireuburgius
1853 2521 2185 2573 retinuerunt.

120 2586 452 2637 Adseveratio
488 2589 653 2653 enim,
695 2604 824 2652 quae
856 2591 988 2640 inest
1032 2593 1083 2640 in
1130 2605 1256 2642 voce
1296 2592 1539 2650 nimirum,
1594 2605 1694 2641 non
1731 2590 1797 2640 ad
1835 2593 1881 2639 is
1909 2587 2190 2640 Pronomen

117 2655 286 2705 solum
321 2665 544 2723 spectat,
584 2672 759 2707 verum
792 2658 859 2708 ad
877 2674 1074 2709 omnem
1110 2660 1531 2709 enunciationem.
1606 2657 1728 2723 Cap.
1759 2656 1842 2710 19.
1876 2659 1929 2720 S.
1950 2658 2033 2708 65.
2073 2672 2189 2707 cum

119 2722 481 2791 Stiirenburgio
516 2728 710 2776 restitui
737 2743 878 2792 quum
909 2731 960 2779 in
989 2730 1271 2778 universam
1299 2742 1400 2777 rem
1418 2727 1691 2791 publicam,
1729 2725 1945 2777 Orellius
1965 2726 2189 2786 itemque

116 2792 382 2857 Zumptius
415 2801 465 2844 et
489 2795 718 2860 Ungerus
746 2810 807 2846 eo
831 2796 944 2846 loco
970 2804 1068 2845 tum
1096 2798 1426 2847 retinuerunt.
1493 2795 1683 2845 Ibidem
1709 2797 1759 2857 S.
1781 2793 1866 2846 66.
1897 2801 2032 2844 recte
2060 2793 2188 2843 vidit

116 2859 346 2926 Ungerus
380 2878 408 2911 e
449 2861 591 2913 libris
626 2872 820 2914 tantum
852 2879 952 2916 non
987 2866 1221 2915 omnibus
1255 2863 1617 2914 restituendum
1652 2878 1791 2914 esse:
1830 2864 1965 2914 Huic
1995 2877 2189 2928 quoque

115 2931 797 3051 {ztazr'tssfffltffisstff
828 2932 1648 3064 ⁶3⁰·⁶8⁰⁸?1152³1?1‘3ss²0⁰‘51⁸13n22¹⁸m
1679 2932 2190 3065 zmumpffim’offii-Z‘

113 3075 435 3123 vocaverunt.
506 3065 722 3119 Orellius
767 3016 1040 3121 gum’aliis
1077 3086 1106 3121 e
1140 3070 1242 3120 levi
1285 3071 1437 3120 unius
1478 3015 1999 3136 libriqztilgniflcatisse
2025 3069 2191 3130 possit

113 3147 173 3183 eo
212 3135 320 3186 loco
358 3138 640 3201 scripserat.
712 3137 787 3188 De
822 3139 932 3189 loco
981 3153 1093 3204 cap.
1128 3139 1214 3189 20.
1262 3140 1315 3201 S.
1363 3139 1448 3189 70.
1506 3139 1878 3202 Videndumque
1915 3137 2043 3187 iuuet
2087 3143 2186 3195 est,

114 3203 248 3266 quod
278 3212 372 3256 etc.
413 3205 532 3255 vide
550 3206 861 3271 Madvigium
884 3209 933 3256 in
961 3206 1141 3271 opusc.
1167 3207 1336 3258 Acad.
1360 3210 1452 3258 alt.
1476 3222 1530 3271 p.
1559 3206 1679 3260 234.
1759 3205 1881 3271 Gap.
1905 3206 1990 3256 21.
2017 3205 2068 3266 5.
2097 3204 2182 3255 73.

112 3286 177 3319 ex
213 3271 357 3323 libris
384 3275 592 3338 optimis
626 3283 674 3324 et
712 3276 944 3342 plurimis
977 3276 1137 3325 edidi:
1197 3277 1439 3339 Capitalis
1469 3279 1632 3326 oratio
1667 3282 1773 3335 est,
1822 3276 1896 3324 ad
1928 3274 2185 3338 aequatio-

112 3353 219 3389 nem
252 3340 485 3393 bonorum
515 3346 790 3405 pertinens.
863 3344 937 3395 Eo
972 3346 1082 3409 ipso
1129 3346 1263 3395 enim
1297 3352 1404 3395 erat
1442 3344 1760 3409 capitalis
1800 3344 1994 3404 oratio,
2048 3340 2190 3405 quod
