2381 3723
145 133 271 197 256
564 200 577 207 ‚
934 133 1441 195 FRAGMENTA.
2158 143 2229 198 66

587 287 778 338 xvn
853 283 1312 337 EPISTOLARUM
1349 284 1787 336 INCERTARUM.

281 370 336 429 1.
372 371 525 430 Data
545 368 1004 445 Lupercalibus,
1027 385 1149 443 quo
1171 368 1271 429 die
1285 368 1588 429 Antonius
1609 367 1880 430 Caesari:
1912 381 2230 449 [Quineti-

149 452 491 505 lianuslib.
531 454 621 503 IX.
661 469 776 519 cap.
816 452 869 504 3.
906 454 957 515 S.
996 451 1111 516 61.]

278 522 336 582 2.
383 523 469 582 Ne
498 520 580 581 illi
612 530 757 582 sunt
784 521 980 597 pedes
1013 516 1195 581 faceti
1226 536 1300 580 ac
1326 520 1556 581 deliciis
1590 520 1952 595 ingredienti
1989 522 2226 583 molles.

156 603 318 671 [uem
352 605 441 659 lib
482 607 728 671 v1.0ap
762 604 813 655 3.
854 608 904 669 §-
939 602 1051 669 20.]

281 673 339 735 3.
392 672 710 734 Piissimus
759 676 1052 749 vituperat
1109 674 1311 734 Cicero
1370 677 1432 733 in
1483 674 1831 748 Philippicis
1886 674 2227 747 [or.X111.

156 772 291 833 cap.
326 757 447 830 19.]
466 805 480 830 ‚
513 767 707 817 tamen
741 757 937 834 Caper
962 761 1063 819 ille
1090 759 1370 832 magister
1406 757 1659 831 Auqusti
1677 757 1953 818 Caesaris
1978 758 2230 818 labora-

152 843 235 902 vit
259 843 749 903 uehementissime
775 850 834 902 et
874 843 950 902 de
980 844 1235 916 epistolis
1269 842 1567 902 Ciceronis
1597 844 1833 917 colleoit
1854 842 2003 902 haec
2030 843 2230 915 verba,

153 925 258 985 ubi
279 927 526 986 dixerat
546 927 672 1001 ipse
703 925 904 987 Cicero
936 923 1268 1001 piissimus.
1334 938 1698 1006 [Pompeius
1731 955 1785 1005 p.
1825 939 1940 994 132.
1964 937 2226 1006 Lindon]

278 1025 340 1084 4.
392 1021 627 1084 Καίτοι
677 1016 852 1095 τινὲς
900 1041 1035 1083 των
1071 1018 1669 1120 προσποιουμένων
1718 1019 2231 1123 δημοσθενίζειν

156 1099 560 1186 ἐπιφύονται
584 1106 780 1188 φωνῇ
809 1102 932 1167 τοῦ
954 1103 1336 1202 Κικέρωνος
1402 1095 1490 1185 ἢν
1512 1097 1681 1184 πρός
1705 1125 1855 1166 τινα
1883 1105 2022 1166 τῶν
2051 1102 2232 1167 ἑταί-

152 1209 300 1270 ρων
328 1188 599 1288 ἔθηκεν
607 1186 680 1251 ἐν
710 1186 1018 1271 ἐπιστολῇ
1046 1185 1306 1269 γράψας
1369 1189 1605 1269 νιαχοῦ
1633 1208 1769 1250 των
1804 1183 2027 1269 λόγων
2054 1181 2233 1250 ἀπο-

158 1269 505 1349 νυστάζειν
534 1267 653 1335 τὸν
682 1252 1154 1352 Δημοσθένην.
1228 1285 1646 1353 [Plutarchus
1677 1289 1781 1343 Vit.
1819 1289 1921 1340 oio.
1960 1303 2074 1354 cap
2114 1287 2229 1356 24.]

285 1359 345 1419 5.
393 1360 664 1420 Ciceroni
686 1356 1015 1418 dormitare
1043 1356 1276 1418 interim
1301 1357 1788 1419 Demosthenes·
1770 1400 1953 1417 .....
1980 1358 2232 1418 videtur.

156 1441 683 1509 [Quinctilianus
719 1441 809 1491 lib.
850 1440 914 1489 X.
953 1457 1064 1507 cap.
1105 1440 1153 1490 1.
1187 1442 1238 1503 §-
1278 1439 1390 1506 24.]

285 1511 343 1571 6.
391 1510 591 1570 Cicero
623 1513 687 1569 in
712 1511 1059 1584 quibusdam
1084 1512 1342 1584 epistolis
1366 1511 1607 1584 scripsit
1630 1492 1670 1567 ιι
1698 1511 2042 1571 satellitibus
2070 1510 2232 1572 Cae-

154 1610 354 1653 sarem
381 1596 444 1651 in
473 1595 802 1654 cubiculum
829 1595 1056 1666 reqium
1084 1594 1387 1654 inductum
1416 1596 1481 1653 in
1505 1608 1687 1653 aureo
1717 1595 1865 1654 lecto
1892 1602 2045 1654 veste
2063 1611 2231 1670 pur-

151 1693 349 1752 purea
378 1676 718 1737 decubuisse
747 1679 1073 1750 floremque
1105 1679 1317 1736 aetatis
1347 1694 1387 1737 α
1430 1678 1654 1738 Venere
1685 1679 1805 1737 orti
1837 1681 1899 1738 in
1941 1677 2230 1754 Bithynia

157 1760 636 1820 contaminatum.
702 1774 761 1841 [S
784 1777 1089 1827 uetonius
1123 1777 1174 1824 in
1211 1775 1355 1826 Caes.
1388 1789 1501 1840 cap.
1542 1772 1655 1838 49.]

284 1845 342 1905 ’7.
388 1844 450 1904 Ρ.
480 1843 834 1905 Ventidium
866 1842 1075 1906 Cicero
1110 1849 1351 1918 [auctor
1379 1849 1495 1916 est]
1528 1817 1857 1906 mulionem
1890 1841 2231 1905 castrensis

159 1927 466 1988 furnariae
500 1927 711 1989 fuisse.
769 1942 1042 2009 [Plinius
1060 1943 1180 1996 hist
1199 1952 1303 1999 nat.
1331 1944 1419 1994 lib.
1445 1945 1554 1998 Vll.
1575 1960 1686 2009 cap.
1716 1943 1801 2024 43.
1822 1957 1866 1993 s,
1893 1945 1981 1993 44.
2005 1933 2053 2004 §-
2083 1940 2227 2007 135]

285 2008 344 2071 8
389 2012 519 2072 Non
558 2029 628 2073 se
666 2012 939 2074 timidum
979 2013 1037 2072 in
1073 2011 1517 2089 suscipiendiS,
1578 2013 1691 2073 sed
1733 2010 1792 2072 in
1825 2009 2229 2087 providendis

161 2093 471 2171 periculis
543 2110 1070 2176 [Quinctilianus
1110 2111 1198 2162 nb.
1234 2112 1344 2167 x11.
1373 2128 1487 2178 cap.
1532 2114 1577 2165 1
1617 2108 1815 2175 §.173

288 2179 347 2239 9
404 2180 528 2239 Sed
561 2187 758 2241 tamen
809 2183 896 2241 od
942 2184 1107 2242 illum
1163 2182 1318 2242 diem
1361 2183 1672 2243 Memmius
1721 2187 1857 2241 erat
1900 2180 2232 2239 Memmius.

163 2261 423 2336 [Aquila
463 2278 597 2338 cap.
647 2260 748 2322 28.
790 2281 849 2339 p.
888 2265 1052 2337 171.]
1130 2266 1306 2325 ltem:
1349 2266 1459 2326 sed
1499 2272 1692 2326 tomen
1740 2265 1827 2323 ad
1872 2265 2037 2324 illam
2076 2264 2232 2323 diem

160 2345 501 2419 Memmius,
552 2346 863 2407 Memmius
901 2349 988 2407 ad
1025 2350 1177 2408 illud
1215 2354 1468 2423 tempus,
1527 2349 1837 2409 Memmius
1878 2349 1942 2406 in
1980 2349 2118 2408 olio.
2147 2378 2234 2389 —

161 2426 508 2488 Marcianus
541 2429 786 2504 Capella
817 2430 1118 2491 deRhett.
1161 2448 1224 2506 p.
1254 2430 1398 2491 429.
1433 2432 1690 2508 Capper.
1725 2430 2006 2492 —Idem
2034 2407 2235 2491 Mem-

161 2513 312 2571 mius
351 2512 620 2573 Ciceroni
645 2513 746 2591 [ad
780 2515 904 2576 Att.
939 2513 1040 2574 lib.
1075 2515 1119 2573 1.
1156 2530 1255 2590 ep.
1293 2512 1411 2588 18.]
1449 2515 1621 2577 Paris
1651 2518 1889 2576 dicitur.

485 2699 488 2702 ,
577 2642 802 2693 xvm.
873 2639 1331 2693 EPISTOLARUM
1365 2640 1806 2692 ΣΤΝΑΓΩΓΗ.

676 2724 927 2791 [Cicero
966 2725 1033 2774 ad
1067 2725 1174 2779 Att.
1212 2725 1301 2779 lib.
1340 2726 1478 2780 XVI.
1520 2742 1601 2791 ep.
1642 2723 1717 2791 5.]

352 2889 424 2949 Ε.
509 2886 991 2952 FRAGMENTA
1034 2890 1468 2965 LlnRORUM,
1528 2892 1655 2967 Qui
1700 2890 1898 2953 SUNT
1940 2890 2043 2950 DE

930 2987 1465 3062 PHILOSOPHIA,

699 3096 962 3145 MAGNAM
995 3097 1238 3145 PARTEM
1277 3100 1693 3147 SUPERSTITUM.

644 3197 688 3247 1.
764 3196 1171 3248 FRAGMENTA
1208 3173 1774 3250 AcADEMlconuM.'

888 3300 1217 3340 FRAGMENTA
1257 3300 1400 3340 LIBRI
1440 3301 1477 3339 1.

165 3368 306 3427 vide
337 3370 413 3429 ad
445 3374 674 3434 calcem
703 3374 1217 3439 Academicorum
1250 3375 1384 3438 libri
1411 3376 1455 3436 Ι.
1490 3374 1820 3453 descripta.
