2381 3723
69 141 172 181 xlv
743 127 1121 178 PROOEMIUM
1155 128 1471 182 EDITORIS.

69 268 236 316 censis
280 281 369 331 pro
414 282 617 317 necesse
661 273 820 330 esset,
876 267 1085 317 multum
1134 280 1256 315 sane
1313 264 1491 324 habet,
1545 281 1643 328 quo
1702 280 1759 316 se
1807 268 2150 320 commendet.

72 335 196 400 Gap.
237 336 316 385 12.
353 337 404 397 5.
441 335 528 386 53.
575 334 794 385 Orellius
843 351 957 387 cum
1009 335 1187 400 paucis
1223 334 1365 383 libris
1411 336 1701 398 scripserat:
1748 342 1804 384 ut
1841 334 1962 385 nibil
2003 350 2154 387 suum

69 408 352 468 cuiusquam
411 405 506 464 sit,
559 404 696 466 quod
744 407 899 456 miror
945 403 1364 468 Stiirenburgium
1415 410 1465 452 et
1518 402 1803 468 Zumptium
1851 404 2147 456 retinuisse.

68 472 179 522 Non
200 472 299 523 hoc
317 472 401 521 hic
424 472 692 522 dicendum
713 483 836 528 erat.
899 472 1033 524 Illud
1053 473 1391 537 aptissimum,
1419 471 1557 534 quod
1584 480 1659 521 est
1685 474 1735 520 in
1763 472 1904 520 libris
1935 472 2150 536 optimis

70 549 121 590 et
155 541 417 606 plurimiS,
455 543 714 604 cuiusque,
746 542 801 592 id
834 543 970 605 quod
995 542 1102 591 iure
1127 541 1358 606 Unger-us
1389 540 1622 589 restituit.
1695 540 1820 604 Cap.
1854 541 1938 593 14.
1968 543 2017 601 5.
2051 539 2144 593 58.

69 625 183 658 cum
215 607 455 672 Zumptio
486 616 535 658 et
563 610 762 674 Ungero
789 611 1197 674 percrebruisset
1224 610 1443 660 scribere
1475 608 1635 658 malui
1665 623 1815 670 quam
1853 623 1966 658 cum
1999 607 2149 658 Orel-

69 678 138 727 lio
169 677 557 740 percrebuisset.
631 677 752 743 Cap.
788 680 868 730 15.
899 681 950 742 5.
983 678 1067 730 61.
1106 678 1287 741 scripsi
1320 693 1348 727 e
1380 677 1522 727 libris
1550 677 1724 728 multis
1756 692 1815 726 ac
1842 678 1988 727 bonis
2024 692 2146 727 cum

66 747 294 811 Ungero:
332 761 429 795 non
463 749 550 810 qui
577 754 755 797 contra
783 763 842 798 se
870 751 1082 798 liceatur
1115 754 1306 808 emptor
1328 754 1575 810 apponet,
1612 745 1749 808 quod
1782 752 1918 796 recte
1952 747 2026 795 sic
2062 747 2145 795 in-

65 814 231 879 telligi
264 821 459 880 potest,
495 823 550 864 ιιι
584 815 656 879 is,
711 816 798 878 qui
839 825 1013 866 contra
1046 815 1266 878 aliquem
1303 814 1537 879 licentur,
1574 815 1785 863 remisSe
1822 814 1952 864 illud
1988 815 2146 864 faciat

68 891 116 932 et
161 885 235 945 ei,
285 884 372 946 qui
411 898 576 932 emere
625 883 755 945 vult,
797 883 946 935 facile
991 885 1155 934 locum
1194 883 1456 933 concedat.
1531 881 1747 932 Orellius
1782 898 1840 933 se
1882 883 2143 944 omiserat,

67 952 330 1015 Zumptius
355 958 520 1001 autem
549 955 634 1016 qui
655 960 830 1003 contra
857 955 1127 1004 reticeatur
1148 967 1176 1001 ε
1203 951 1316 1001 cod.
1341 952 1583 1001 Bernensi
1615 966 1659 1000 c.
1689 952 1895 1016 recepit.
1961 952 2143 1002 Paullo

65 1028 181 1084 post
215 1023 262 1082 5.
297 1019 383 1074 63.
423 1019 638 1071 Orellius
685 1021 842 1071 edidit
879 1038 906 1072 ε
942 1022 1086 1071 libris
1135 1020 1480 1084 interpolatisx
1531 1019 1752 1083 Etenim,
1802 1035 1899 1085 quo
1948 1024 2147 1072 omnino

64 1097 250 1137 tantum
283 1104 341 1138 se
374 1096 525 1154 negat
556 1089 813 1153 facturum
850 1090 1125 1153 compendii
1153 1091 1237 1139 sui
1270 1103 1428 1138 causa
1446 1123 1461 1149 ,
1509 1089 1645 1153 quod
1666 1103 1781 1138 non
1816 1091 1991 1154 liceat,
2027 1088 2145 1139 huic

63 1172 155 1206 nec
194 1159 308 1207 laus
347 1173 527 1222 maqna
571 1158 834 1210 tribuenda
873 1174 965 1209 nec
1001 1160 1177 1223 qratia
1213 1164 1309 1207 est.
1378 1157 1531 1206 Recte
1567 1157 1750 1206 caeteri
1788 1157 1949 1207 critici
1993 1159 2144 1207 resti-

64 1235 266 1275 tuerunt
302 1226 386 1287 id,
429 1227 564 1290 quod
602 1234 678 1276 est
711 1230 762 1277 in
796 1227 936 1277 libris
981 1227 1186 1291 optimis
1222 1234 1271 1274 et
1303 1225 1565 1290 plurimise
1622 1225 1819 1275 Etenim
1847 1229 2036 1277 omnino
2072 1252 2141 1262 —

64 1296 231 1348 liceat.
300 1295 436 1344 Huic
470 1301 562 1346 etc.
635 1295 760 1359 Cap.
796 1296 878 1349 16.
915 1294 962 1356 5.
998 1295 1084 1346 65.
1125 1301 1175 1344 ει
1208 1293 1392 1344 tabulis
1425 1294 1487 1343 dc
1524 1308 1622 1343 una
1655 1293 1809 1344 Nonii
1845 1295 2142 1344 auctoritate

64 1370 357 1426 suspectum
390 1364 694 1427 suspicionis
724 1365 866 1414 uncis
905 1363 1118 1413 liberavi
1158 1370 1209 1412 ει
1242 1363 1370 1412 iuris
1403 1363 1641 1413 consultis
1675 1377 1768 1426 pro
1796 1365 1905 1412 iure
1941 1367 2143 1414 consul-

63 1434 127 1481 tis
163 1444 227 1479 ex
259 1432 560 1496 optimorum
601 1432 859 1482 librorum*
880 1433 1176 1481 anctoritate
1211 1431 1427 1481 restitui.
1500 1428 1624 1494 Gap.
1666 1431 1747 1483 17.
1786 1434 1838 1494 5.
1877 1430 1963 1484 70.
2001 1430 2145 1481 SJM

63 1514 179 1548 cum
210 1499 351 1548 libris
375 1500 572 1549 restitui
607 1514 700 1564 pro
731 1515 809 1566 eo,
833 1501 970 1563 quod
998 1500 1115 1549 inde
1148 1514 1179 1548 a
1200 1498 1445 1549 Lambino
1468 1498 1732 1565 vulgatum
1763 1508 1897 1561 erat,
1930 1498 2138 1549 SIEM.

62 1569 202 1617 Idem
240 1566 467 1617 fecerunt
496 1569 759 1633 Zumptius
795 1567 1122 1634 etUngerus.
1192 1567 1368 1617 Paullo
1401 1575 1519 1633 post
1551 1569 1602 1629 5.
1637 1569 1723 1619 71.
1757 1571 1807 1619 ie
1832 1569 2136 1629 Pronomen,

62 1637 199 1698 quod
246 1652 311 1686 ex
352 1636 452 1686 levi
495 1638 644 1685 unius
683 1637 798 1687 iibri
839 1639 963 1687 satis
1003 1638 1190 1686 incerto
1234 1635 1423 1686 indicio
1466 1634 1619 1702 (cod.
1657 1637 1805 1689 Bern.
1848 1653 1893 1687 c.
1932 1637 2138 1687 omissis

65 1706 232 1754 verbis
278 1705 341 1755 de
379 1705 537 1768 furtis
580 1705 732 1756 habet
772 1705 840 1768 is)
880 1702 1098 1755 Orellius
1145 1712 1260 1754 ante
1291 1711 1529 1766 praestat
1573 1706 1970 1769 interposuerat,
2019 1720 2137 1754 cum

62 1773 294 1837 Zumptio
331 1780 380 1823 et
417 1774 617 1840 Ungero
664 1789 839 1824 rursus
876 1774 1057 1826 delevi.
1129 1775 1182 1836 5.
1230 1774 1314 1823 74.
1364 1779 1567 1823 auctore
1612 1774 1766 1824 etiam
1812 1772 2012 1839 Ungero
2056 1789 2138 1823 re-

60 1843 202 1891 stitui
240 1842 324 1908 id,
363 1842 500 1906 quod
532 1849 609 1892 est
644 1843 697 1892 in
726 1841 871 1893 libris
906 1843 1112 1908 optimis
1148 1849 1199 1893 ει
1236 1839 1494 1906 plurimis:
1538 1856 1568 1894 o
1599 1849 1789 1906 turpem
1820 1850 1986 1893 notam
2017 1849 2137 1892 tem-

54 1924 231 1972 porum
268 1926 437 1962 nomen
481 1913 687 1966 illm-mn.
756 1912 927 1978 Vulgo
972 1926 1142 1962 nomen
1183 1912 1427 1961 omissum
1473 1918 1568 1965 est.
1641 1911 1762 1976 Cap.
1812 1910 1894 1963 19.
1941 1911 1994 1973 5.
2042 1912 2133 1962 75.

61 1981 362 2043 optimorum
385 1981 626 2030 librorum
654 1982 939 2032 auctoritati
967 1996 1081 2031 cum
1108 1980 1342 2045 Zumptio
1371 1986 1421 2029 ει
1442 1980 1642 2045 Ungero
1671 1979 1950 2030 concedens
1976 1980 2136 2028 crede

58 2049 173 2098 mihi
207 2050 346 2100 edidi
382 2065 478 2115 pro
513 2049 720 2116 vulgato
751 2049 867 2101 mihi
897 2050 1066 2101 crede.
1142 2047 1264 2114 Cap.
1291 2046 1375 2097 20.
1413 2050 1465 2111 5.
1492 2048 1579 2102 81.
1612 2056 1662 2099 ει
1694 2047 1987 2099 conturbant
2017 2061 2133 2096 cum

60 2117 291 2182 Zumptio
323 2126 372 2168 ει
405 2119 606 2183 Ungero
646 2120 841 2169 restitui
877 2134 969 2185 pro
1002 2117 1294 2169 conturbent
1329 2123 1378 2166 et
1414 2117 1587 2181 paullo
1620 2126 1736 2182 post
1765 2118 1962 2179 species
1988 2117 2136 2165 uncis

58 2186 387 2236 circumdedi.
446 2187 580 2236 Vide
599 2187 662 2236 de
693 2186 790 2238 hoc
823 2188 934 2238 loco
954 2186 1268 2253 Madvigium
1291 2186 1344 2234 in
1367 2182 1549 2247 Opusc.
1574 2184 1744 2238 Acad.
1774 2183 1904 2249 (pr.)
1927 2200 1978 2249 p.
2006 2183 2130 2236 337.

57 2254 110 2316 5.
143 2252 229 2303 82.
281 2269 346 2304 ex
385 2256 592 2320 optimis
637 2254 780 2304 libris
826 2254 960 2305 hunc
995 2257 1257 2305 verborum
1296 2253 1524 2305 ordinem
1559 2254 1681 2304 feci:
1730 2254 1864 2315 Quid
1894 2260 1971 2303 est
2002 2254 2138 2317 quod

57 2322 269 2385 adferre
303 2330 487 2373 tantum
508 2325 674 2386 possit
695 2325 885 2374 utilitas
912 2327 1040 2389 ista,
1078 2339 1207 2389 quae
1241 2323 1437 2388 dicitur,
1475 2337 1570 2388 pro
1603 2321 1839 2389 vulgato:
1888 2322 2020 2383 Quid
2056 2329 2138 2371 est

57 2391 191 2454 quod
212 2392 424 2455 adferre
454 2399 638 2441 tantum
669 2394 862 2443 utilitas
888 2395 1016 2455 ista,
1052 2408 1180 2457 quae
1210 2392 1418 2451 dicim,
1447 2392 1626 2454 possit.
1698 2392 1819 2456 Cap.
1849 2391 1935 2444 21.
1965 2391 2016 2452 5.
2044 2388 2131 2441 83.

56 2459 238 2523 scripsi
275 2476 302 2508 e
333 2473 491 2524 parvo
527 2460 643 2509 libri
679 2461 947 2511 Beruensis
983 2460 1173 2511 indicio
1212 2475 1342 2524 quae
1376 2459 1538 2510 libera
1578 2460 1737 2525 licerit
1773 2474 1888 2509 cum
1927 2458 2136 2508 Stiiren-

55 2528 266 2592 bui-gio,
305 2528 570 2593 Zumptio,
606 2527 809 2593 Ungero
856 2543 948 2594 pro
984 2529 1221 2596 vulgatos
1276 2543 1405 2593 quae
1454 2528 1615 2579 libera
1642 2528 1762 2592 fuit.
1836 2529 1934 2577 Pro
1972 2527 2139 2591 fuerit

56 2594 176 2644 olim
207 2597 452 2662 scriptum
495 2597 593 2647 fuit
623 2593 747 2660 fuit,
783 2605 840 2648 ιιι
874 2598 1043 2648 facilis
1079 2597 1289 2647 mutatio
1321 2603 1471 2646 esset.
1539 2598 1589 2658 5.
1628 2596 1715 2650 84.
1765 2612 1966 2647 versum
1992 2597 2133 2645 Accii

53 2664 127 2712 sio
160 2666 406 2732 scriptum
437 2666 651 2729 reliqui,
688 2674 746 2716 ιιι
780 2668 1001 2732 scriptus
1032 2674 1110 2715 est
1147 2665 1284 2730 apud
1318 2664 1577 2719 Orellium.
1648 2664 1753 2715 Sed
1787 2666 1838 2715 in
1871 2665 2014 2715 libris
2056 2673 2135 2714 ta-

53 2747 168 2782 men
213 2736 417 2798 optimis
464 2742 513 2784 et
555 2735 792 2801 plurimis
846 2750 937 2801 pro
982 2742 1096 2785 sunt
1138 2733 1255 2784 boni
1304 2735 1550 2799 scriptum
1588 2741 1664 2783 est
1704 2733 1822 2784 boni
1862 2741 1996 2784 sunt.
2071 2731 2130 2782 Ο.

52 2800 362 2852 Ribbeckius
397 2804 450 2852 in
492 2804 754 2869 Tragicor.
792 2805 965 2857 Latin.
1002 2805 1182 2868 reliqu.
1232 2816 1285 2866 p.
1325 2801 1444 2853 187.
1492 2802 1695 2867 scripsit
1736 2804 1893 2866 pauci
1923 2804 2137 2884 benivoli
2237 2855 2242 2858 .

53 2871 353 2921 auctoritate
390 2870 766 2938 Stiirenburgii,
814 2873 950 2935 quod
993 2873 1048 2922 in
1095 2871 1209 2921 cod.
1248 2869 1395 2924 Bern.
1437 2887 1479 2921 c.
1518 2871 1759 2937 scriptum
1798 2878 1876 2920 est
1920 2872 2135 2921 benivole

49 2947 183 2988 sunt.
259 2939 379 3005 Cap.
420 2942 505 2991 22.
556 2943 606 3003 5.
641 2939 726 2993 86.
766 2942 964 3004 potenti
993 2954 1085 3005 pro
1114 2946 1317 3002 potente
1351 2941 1549 2989 restitui
1581 2955 1609 2988 ε
1644 2939 1797 2990 Nonii
1833 2942 2133 2991 auctoritate

49 3021 102 3071 p.
137 3007 253 3062 118.
327 3009 459 3059 Vide
477 3010 831 3074 Wesenbergii
858 3009 1123 3062 Emendat.
1155 3007 1234 3056 Μ.
1268 3006 1416 3058 Tullii
1443 3009 1697 3059 Ciceronis
1730 3008 1931 3059 Tuscul.
1969 3009 2034 3061 ΙΙ.
2072 3023 2129 3073 Ρ.

51 3078 115 3126 V.
187 3080 236 3141 5.
266 3078 351 3130 88.
385 3076 601 3128 Orellius
630 3093 659 3128 ε
686 3079 799 3129 cod.
829 3079 978 3128 Bern.
1012 3093 1060 3129 c.
1088 3078 1387 3141 scripserat:
1434 3079 1619 3128 Vincat
1641 3079 1832 3129 utilitas
1859 3079 1940 3128 rei
1961 3076 2132 3140 publi-

49 3158 160 3197 cae.
232 3147 339 3212 Ego
376 3162 488 3195 cum
526 3148 761 3212 Zumptio
799 3155 848 3196 ει
882 3145 1084 3211 Ungero
1116 3146 1326 3195 caeteris
1367 3146 1512 3197 libris
1549 3147 1833 3210 obsequens
1865 3149 1946 3197 rei
1961 3144 2130 3210 publi-

50 3227 143 3262 cae
181 3228 357 3265 rursus
401 3215 586 3265 delevi.
661 3215 785 3279 Cap.
824 3216 909 3264 24.
956 3215 1004 3276 5.
1046 3213 1133 3266 93.
1180 3214 1386 3279 scripsi·
1411 3230 1439 3264 ε
1488 3215 1629 3266 libris
1670 3214 2040 3278 antiquioribus
2080 3224 2130 3262 et

50 3281 344 3333 melioribus
393 3291 593 3335 auctore
634 3285 787 3333 etiam
822 3283 1055 3346 Zumptio
1106 3291 1156 3332 ει
1189 3282 1427 3346 Ungeroe
1480 3287 1528 3335 si
1576 3299 1646 3334 ex
1686 3284 1965 3334 hereditate
2007 3282 2131 3332 nibil

50 3354 265 3413 ceperit,
305 3367 449 3417 quam
485 3355 536 3402 si
572 3355 777 3415 ceperit.
852 3349 1069 3401 Orellius
1115 3366 1232 3401 cum
1278 3350 1422 3400 libris
1471 3352 1803 3403 deterioribus
1848 3360 2127 3402 extremam
