<?xml version="1.0" encoding="UTF-8"?>
<!DOCTYPE html PUBLIC "-//W3C//DTD XHTML 1.0 Transitional//EN"
    "http://www.w3.org/TR/xhtml1/DTD/xhtml1-transitional.dtd">
<html xmlns="http://www.w3.org/1999/xhtml" xml:lang="en" lang="en">
 <head>
  <title>
</title>
<meta http-equiv="Content-Type" content="text/html;charset=utf-8" />
  <meta name='ocr-system' content='tesseract 3.04.00' />
  <meta name='ocr-capabilities' content='ocr_page ocr_carea ocr_par ocr_line ocrx_word'/>
</head>
<body>
  <div class='ocr_page' id='page_1' title='image "./scriptaquaemans01wesegoog_0305.png"; bbox 0 0 2381 3723; ppageno 0'>
   <div class='ocr_carea' id='block_1_1' title="bbox 152 170 2240 234">
    <p class='ocr_par' dir='ltr' id='par_1_1' title="bbox 152 170 2240 234">
     <span class='ocr_line' id='line_1_1' title="bbox 152 170 2240 234; baseline -0.001 0"><span class='ocrx_word' id='word_1_1' title='bbox 152 179 239 234; x_wconf 59' lang='lat'><strong>93</strong></span> <span class='ocrx_word' id='word_1_2' title='bbox 336 204 339 205; x_wconf 38' lang='lat'><em>⁷</em></span> <span class='ocrx_word' id='word_1_3' title='bbox 503 212 507 216; x_wconf 67' lang='grc'><em>»</em></span> <span class='ocrx_word' id='word_1_4' title='bbox 951 171 1453 232; x_wconf 87' lang='lat' dir='ltr'><strong>FRAGMENTA.</strong></span> <span class='ocrx_word' id='word_1_5' title='bbox 2115 170 2240 233; x_wconf 76' lang='lat'><strong>283</strong></span> 
     </span>
    </p>
   </div>
   <div class='ocr_carea' id='block_1_2' title="bbox 150 319 2240 900">
    <p class='ocr_par' dir='ltr' id='par_1_2' title="bbox 150 319 2240 900">
     <span class='ocr_line' id='line_1_2' title="bbox 150 319 2239 396; baseline 0.002 -16"><span class='ocrx_word' id='word_1_6' title='bbox 150 319 471 380; x_wconf 70' lang='lat' dir='ltr'><strong>hominem</strong></span> <span class='ocrx_word' id='word_1_7' title='bbox 507 319 897 396; x_wconf 79' lang='lat' dir='ltr'><strong>ditissimum,</strong></span> <span class='ocrx_word' id='word_1_8' title='bbox 944 320 1472 394; x_wconf 83' lang='lat' dir='ltr'><strong>amoenissimum,</strong></span> <span class='ocrx_word' id='word_1_9' title='bbox 1526 321 2087 395; x_wconf 82' lang='lat' dir='ltr'><strong>deliciosissimum,</strong></span> <span class='ocrx_word' id='word_1_10' title='bbox 2143 323 2239 384; x_wconf 88' lang='lat' dir='ltr'><strong>cui</strong></span> 
     </span>
     <span class='ocr_line' id='line_1_3' title="bbox 155 405 2236 481; baseline 0.001 -17"><span class='ocrx_word' id='word_1_11' title='bbox 155 421 370 479; x_wconf 76' lang='lat' dir='ltr'><strong>neque</strong></span> <span class='ocrx_word' id='word_1_12' title='bbox 426 405 505 464; x_wconf 92' lang='lat' dir='ltr'><strong>ad</strong></span> <span class='ocrx_word' id='word_1_13' title='bbox 557 406 927 479; x_wconf 86' lang='lat' dir='ltr'><strong>voluptatem</strong></span> <span class='ocrx_word' id='word_1_14' title='bbox 981 405 1315 481; x_wconf 82' lang='lat' dir='ltr'><strong>quidquam</strong></span> <span class='ocrx_word' id='word_1_15' title='bbox 1373 405 1563 466; x_wconf 76' lang='lat' dir='ltr'><strong>deluit</strong></span> <span class='ocrx_word' id='word_1_16' title='bbox 1613 422 1814 480; x_wconf 90' lang='lat' dir='ltr'><strong>neque</strong></span> <span class='ocrx_word' id='word_1_17' title='bbox 1857 408 1934 465; x_wconf 88' lang='lat' dir='ltr'><strong>ad</strong></span> <span class='ocrx_word' id='word_1_18' title='bbox 1984 406 2236 481; x_wconf 83' lang='lat' dir='ltr'><strong>gratiam</strong></span> 
     </span>
     <span class='ocr_line' id='line_1_4' title="bbox 165 488 2238 565; baseline 0 -16"><span class='ocrx_word' id='word_1_19' title='bbox 165 504 372 562; x_wconf 86' lang='lat' dir='ltr'><strong>neque</strong></span> <span class='ocrx_word' id='word_1_20' title='bbox 413 488 489 547; x_wconf 88' lang='lat' dir='ltr'><strong>ad</strong></span> <span class='ocrx_word' id='word_1_21' title='bbox 539 489 763 549; x_wconf 90' lang='lat' dir='ltr'><strong>bonam</strong></span> <span class='ocrx_word' id='word_1_22' title='bbox 803 488 1228 565; x_wconf 78' lang='lat' dir='ltr'><strong>integramque</strong></span> <span class='ocrx_word' id='word_1_23' title='bbox 1273 488 1704 549; x_wconf 88' lang='lat' dir='ltr'><strong>valetudinem.</strong></span> <span class='ocrx_word' id='word_1_24' title='bbox 1778 491 1928 550; x_wconf 87' lang='lat' dir='ltr'><strong>Nam</strong></span> <span class='ocrx_word' id='word_1_25' title='bbox 1960 497 2021 549; x_wconf 86' lang='lat' dir='ltr'><strong>et</strong></span> <span class='ocrx_word' id='word_1_26' title='bbox 2067 506 2238 564; x_wconf 91' lang='lat' dir='ltr'><strong>prae·</strong></span> 
     </span>
     <span class='ocr_line' id='line_1_5' title="bbox 150 570 2240 648; baseline 0.001 -17"><span class='ocrx_word' id='word_1_27' title='bbox 150 571 285 631; x_wconf 90' lang='lat' dir='ltr'><strong>-diis</strong></span> <span class='ocrx_word' id='word_1_28' title='bbox 317 570 888 646; x_wconf 64' lang='lat' dir='ltr'><strong>quaestuosissime</strong></span> <span class='ocrx_word' id='word_1_29' title='bbox 919 583 980 634; x_wconf 86' lang='lat' dir='ltr'><strong>et</strong></span> <span class='ocrx_word' id='word_1_30' title='bbox 1009 572 1221 633; x_wconf 83' lang='lat' dir='ltr'><strong>amicis</strong></span> <span class='ocrx_word' id='word_1_31' title='bbox 1252 570 1710 645; x_wconf 81' lang='lat' dir='ltr'><strong>iucundissimis</strong></span> <span class='ocrx_word' id='word_1_32' title='bbox 1744 580 2039 648; x_wconf 90' lang='lat' dir='ltr'><strong>quantum</strong></span> <span class='ocrx_word' id='word_1_33' title='bbox 2071 572 2240 633; x_wconf 89' lang='lat' dir='ltr'><strong>libuit</strong></span> 
     </span>
     <span class='ocr_line' id='line_1_6' title="bbox 161 653 2238 732; baseline 0.001 -18"><span class='ocrx_word' id='word_1_34' title='bbox 161 662 232 714; x_wconf 88' lang='lat' dir='ltr'><strong>et</strong></span> <span class='ocrx_word' id='word_1_35' title='bbox 258 653 591 716; x_wconf 86' lang='lat' dir='ltr'><strong>abundavit</strong></span> <span class='ocrx_word' id='word_1_36' title='bbox 622 662 682 715; x_wconf 86' lang='lat' dir='ltr'><strong>et</strong></span> <span class='ocrx_word' id='word_1_37' title='bbox 710 654 827 716; x_wconf 91' lang='lat' dir='ltr'><strong>illis</strong></span> <span class='ocrx_word' id='word_1_38' title='bbox 872 655 1156 717; x_wconf 89' lang='lat' dir='ltr'><strong>omnibus</strong></span> <span class='ocrx_word' id='word_1_39' title='bbox 1187 654 1505 732; x_wconf 81' lang='lat' dir='ltr'><strong>aptissime</strong></span> <span class='ocrx_word' id='word_1_40' title='bbox 1536 658 1614 716; x_wconf 88' lang='lat' dir='ltr'><strong>ad</strong></span> <span class='ocrx_word' id='word_1_41' title='bbox 1657 659 1913 718; x_wconf 88' lang='lat' dir='ltr'><strong>salutem</strong></span> <span class='ocrx_word' id='word_1_42' title='bbox 1957 658 2238 731; x_wconf 86' lang='lat' dir='ltr'><strong>corporis</strong></span> 
     </span>
     <span class='ocr_line' id='line_1_7' title="bbox 163 738 2240 816; baseline 0 -18"><span class='ocrx_word' id='word_1_43' title='bbox 163 755 319 798; x_wconf 90' lang='lat' dir='ltr'><strong>usus</strong></span> <span class='ocrx_word' id='word_1_44' title='bbox 355 745 481 810; x_wconf 89' lang='lat' dir='ltr'><strong>est,</strong></span> <span class='ocrx_word' id='word_1_45' title='bbox 527 738 820 815; x_wconf 88' lang='lat' dir='ltr'><strong>eiusque,</strong></span> <span class='ocrx_word' id='word_1_46' title='bbox 864 747 933 801; x_wconf 90' lang='lat' dir='ltr'><strong>ut</strong></span> <span class='ocrx_word' id='word_1_47' title='bbox 968 739 1237 801; x_wconf 85' lang='lat' dir='ltr'><strong>breviter</strong></span> <span class='ocrx_word' id='word_1_48' title='bbox 1268 746 1460 800; x_wconf 86' lang='lat' dir='ltr'><strong>totum</strong></span> <span class='ocrx_word' id='word_1_49' title='bbox 1494 739 1822 816; x_wconf 84' lang='lat' dir='ltr'><strong>explicem,</strong></span> <span class='ocrx_word' id='word_1_50' title='bbox 1861 756 2044 802; x_wconf 89' lang='lat' dir='ltr'><strong>omne</strong></span> <span class='ocrx_word' id='word_1_51' title='bbox 2073 738 2240 800; x_wconf 89' lang='lat' dir='ltr'><strong>insti-</strong></span> 
     </span>
     <span class='ocr_line' id='line_1_8' title="bbox 151 821 2239 900; baseline 0.001 -20"><span class='ocrx_word' id='word_1_52' title='bbox 151 828 361 882; x_wconf 73' lang='lat' dir='ltr'><strong>tutum</strong></span> <span class='ocrx_word' id='word_1_53' title='bbox 391 823 896 899; x_wconf 78' lang='lat' dir='ltr'><strong>voluntatemque</strong></span> <span class='ocrx_word' id='word_1_54' title='bbox 936 840 1178 885; x_wconf 89' lang='lat' dir='ltr'><strong>omnem</strong></span> <span class='ocrx_word' id='word_1_55' title='bbox 1212 821 1530 884; x_wconf 82' lang='lat' dir='ltr'><strong>successio</strong></span> <span class='ocrx_word' id='word_1_56' title='bbox 1568 840 1873 900; x_wconf 88' lang='lat' dir='ltr'><strong>prospera</strong></span> <span class='ocrx_word' id='word_1_57' title='bbox 1902 830 2239 885; x_wconf 87' lang='lat' dir='ltr'><strong>consecuta</strong></span> 
     </span>
    </p>
   </div>
   <div class='ocr_carea' id='block_1_3' title="bbox 157 911 2235 1041">
    <p class='ocr_par' dir='ltr' id='par_1_3' title="bbox 157 911 2235 1041">
     <span class='ocr_line' id='line_1_9' title="bbox 157 911 2235 1041; baseline 0.001 -71"><span class='ocrx_word' id='word_1_58' title='bbox 157 911 282 1037; x_wconf 58' lang='lat'>{812-</span> <span class='ocrx_word' id='word_1_59' title='bbox 305 989 358 1041; x_wconf 67' lang='lat' dir='ltr'>d</span> <span class='ocrx_word' id='word_1_60' title='bbox 378 921 784 988; x_wconf 79' lang='lat' dir='ltr'><strong>Augustinus</strong></span> <span class='ocrx_word' id='word_1_61' title='bbox 836 922 900 972; x_wconf 88' lang='lat' dir='ltr'><strong>de</strong></span> <span class='ocrx_word' id='word_1_62' title='bbox 946 923 1034 971; x_wconf 88' lang='lat' dir='ltr'><strong>vit.</strong></span> <span class='ocrx_word' id='word_1_63' title='bbox 1067 924 1201 974; x_wconf 83' lang='lat' dir='ltr'><strong>beat.</strong></span> <span class='ocrx_word' id='word_1_64' title='bbox 1241 935 1353 985; x_wconf 86' lang='lat' dir='ltr'><strong>cap.</strong></span> <span class='ocrx_word' id='word_1_65' title='bbox 1401 920 1485 973; x_wconf 87' lang='grc'><strong>26.</strong></span> <span class='ocrx_word' id='word_1_66' title='bbox 1546 920 1681 988; x_wconf 88' lang='lat' dir='ltr'><strong>Opp.</strong></span> <span class='ocrx_word' id='word_1_67' title='bbox 1726 922 1871 977; x_wconf 85' lang='lat' dir='ltr'><strong>Tom.</strong></span> <span class='ocrx_word' id='word_1_68' title='bbox 1921 923 1958 973; x_wconf 89' lang='lat'><strong>1.</strong></span> <span class='ocrx_word' id='word_1_69' title='bbox 2011 937 2064 987; x_wconf 87' lang='lat' dir='ltr'><strong>p.</strong></span> <span class='ocrx_word' id='word_1_70' title='bbox 2114 919 2235 973; x_wconf 85' lang='lat'><strong>308.</strong></span> 
     </span>
     <span class='ocr_line' id='line_1_10' title="bbox 208 1002 302 1040; baseline 0.021 -2"><span class='ocrx_word' id='word_1_71' title='bbox 208 1002 302 1040; x_wconf 84' lang='lat' dir='ltr'><strong>ene</strong></span> 
     </span>
    </p>
   </div>
   <div class='ocr_carea' id='block_1_4' title="bbox 153 1056 2237 1287">
    <p class='ocr_par' dir='ltr' id='par_1_4' title="bbox 153 1056 2237 1287">
     <span class='ocr_line' id='line_1_11' title="bbox 296 1056 2234 1134; baseline 0.001 -18"><span class='ocrx_word' id='word_1_72' title='bbox 296 1056 395 1117; x_wconf 95' lang='grc'><strong>11.</strong></span> <span class='ocrx_word' id='word_1_73' title='bbox 440 1057 611 1119; x_wconf 84' lang='lat' dir='ltr'><strong>Vixit</strong></span> <span class='ocrx_word' id='word_1_74' title='bbox 660 1059 738 1118; x_wconf 88' lang='lat' dir='ltr'><strong>ad</strong></span> <span class='ocrx_word' id='word_1_75' title='bbox 797 1075 1093 1120; x_wconf 90' lang='lat' dir='ltr'><strong>summam</strong></span> <span class='ocrx_word' id='word_1_76' title='bbox 1153 1065 1532 1119; x_wconf 86' lang='lat' dir='ltr'><strong>senectutem</strong></span> <span class='ocrx_word' id='word_1_77' title='bbox 1586 1058 1937 1119; x_wconf 89' lang='lat' dir='ltr'><strong>valetudine</strong></span> <span class='ocrx_word' id='word_1_78' title='bbox 1988 1058 2234 1134; x_wconf 89' lang='lat' dir='ltr'><strong>optima.</strong></span> 
     </span>
     <span class='ocr_line' id='line_1_12' title="bbox 153 1139 2237 1287; baseline 0.001 -20"><span class='ocrx_word' id='word_1_79' title='bbox 153 1139 401 1271; x_wconf 52' lang='lat' dir='ltr'><strong>,moniti</strong></span> <span class='ocrx_word' id='word_1_80' title='bbox 415 1141 716 1272; x_wconf 49' lang='grc' dir='ltr'><strong>Βὸῗᾞῖοὲῖἐ</strong></span> <span class='ocrx_word' id='word_1_81' title='bbox 750 1228 935 1287; x_wconf 89' lang='lat' dir='ltr'><strong>quum</strong></span> <span class='ocrx_word' id='word_1_82' title='bbox 967 1227 1044 1271; x_wconf 90' lang='lat' dir='ltr'><strong>ex</strong></span> <span class='ocrx_word' id='word_1_83' title='bbox 1073 1211 1189 1272; x_wconf 89' lang='lat' dir='ltr'><strong>hac</strong></span> <span class='ocrx_word' id='word_1_84' title='bbox 1220 1210 1344 1271; x_wconf 86' lang='lat' dir='ltr'><strong>vita</strong></span> <span class='ocrx_word' id='word_1_85' title='bbox 1376 1210 1874 1287; x_wconf 83' lang='lat' dir='ltr'><strong>emigraverimus</strong></span> <span class='ocrx_word' id='word_1_86' title='bbox 1895 1258 1910 1284; x_wconf 92' lang='lat'><strong>,</strong></span> <span class='ocrx_word' id='word_1_87' title='bbox 1942 1208 2002 1270; x_wconf 88' lang='lat' dir='ltr'><strong>in</strong></span> <span class='ocrx_word' id='word_1_88' title='bbox 2031 1210 2237 1270; x_wconf 90' lang='lat' dir='ltr'><strong>beato-</strong></span> 
     </span>
    </p>
   </div>
   <div class='ocr_carea' id='block_1_5' title="bbox 155 1292 2239 2124">
    <p class='ocr_par' dir='ltr' id='par_1_5' title="bbox 155 1292 2239 2124">
     <span class='ocr_line' id='line_1_13' title="bbox 163 1292 2237 1369; baseline 0 -16"><span class='ocrx_word' id='word_1_89' title='bbox 163 1309 301 1353; x_wconf 89' lang='lat' dir='ltr'><strong>rum</strong></span> <span class='ocrx_word' id='word_1_90' title='bbox 324 1292 538 1356; x_wconf 90' lang='lat' dir='ltr'><strong>insulis</strong></span> <span class='ocrx_word' id='word_1_91' title='bbox 571 1293 912 1356; x_wconf 84' lang='lat' dir='ltr'><strong>immortale</strong></span> <span class='ocrx_word' id='word_1_92' title='bbox 941 1311 1193 1368; x_wconf 88' lang='lat' dir='ltr'><strong>aevum,</strong></span> <span class='ocrx_word' id='word_1_93' title='bbox 1225 1302 1293 1356; x_wconf 89' lang='lat' dir='ltr'><strong>ut</strong></span> <span class='ocrx_word' id='word_1_94' title='bbox 1321 1295 1560 1355; x_wconf 82' lang='lat' dir='ltr'><strong>fabulae</strong></span> <span class='ocrx_word' id='word_1_95' title='bbox 1587 1296 1814 1366; x_wconf 84' lang='lat' dir='ltr'><strong>ferunt,</strong></span> <span class='ocrx_word' id='word_1_96' title='bbox 1848 1294 2075 1369; x_wconf 88' lang='lat' dir='ltr'><strong>degere</strong></span> <span class='ocrx_word' id='word_1_97' title='bbox 2098 1293 2237 1354; x_wconf 93' lang='lat' dir='ltr'><strong>lice·</strong></span> 
     </span>
     <span class='ocr_line' id='line_1_14' title="bbox 163 1376 2235 1454; baseline 0 -18"><span class='ocrx_word' id='word_1_98' title='bbox 163 1383 288 1449; x_wconf 85' lang='lat' dir='ltr'><strong>ret,</strong></span> <span class='ocrx_word' id='word_1_99' title='bbox 322 1377 470 1450; x_wconf 88' lang='lat' dir='ltr'><strong>quid</strong></span> <span class='ocrx_word' id='word_1_100' title='bbox 505 1380 665 1453; x_wconf 87' lang='lat' dir='ltr'><strong>opus</strong></span> <span class='ocrx_word' id='word_1_101' title='bbox 700 1386 869 1440; x_wconf 90' lang='lat' dir='ltr'><strong>esset</strong></span> <span class='ocrx_word' id='word_1_102' title='bbox 903 1377 1285 1452; x_wconf 82' lang='lat' dir='ltr'><strong>eloquentia,</strong></span> <span class='ocrx_word' id='word_1_103' title='bbox 1332 1396 1518 1454; x_wconf 90' lang='lat' dir='ltr'><strong>quum</strong></span> <span class='ocrx_word' id='word_1_104' title='bbox 1554 1376 1776 1438; x_wconf 89' lang='lat' dir='ltr'><strong>iudicia</strong></span> <span class='ocrx_word' id='word_1_105' title='bbox 1805 1379 1968 1438; x_wconf 91' lang='lat' dir='ltr'><strong>nulla</strong></span> <span class='ocrx_word' id='word_1_106' title='bbox 2000 1377 2235 1450; x_wconf 88' lang='lat' dir='ltr'><strong>fierent,</strong></span> 
     </span>
     <span class='ocr_line' id='line_1_15' title="bbox 164 1459 2236 1536; baseline 0 -17"><span class='ocrx_word' id='word_1_107' title='bbox 164 1466 271 1519; x_wconf 88' lang='lat' dir='ltr'><strong>aut</strong></span> <span class='ocrx_word' id='word_1_108' title='bbox 322 1459 476 1536; x_wconf 90' lang='lat' dir='ltr'><strong>ipsis</strong></span> <span class='ocrx_word' id='word_1_109' title='bbox 528 1461 711 1522; x_wconf 86' lang='lat' dir='ltr'><strong>etiam</strong></span> <span class='ocrx_word' id='word_1_110' title='bbox 770 1460 1137 1522; x_wconf 75' lang='lat' dir='ltr'><strong>virtutibus?</strong></span> <span class='ocrx_word' id='word_1_111' title='bbox 1220 1462 1344 1523; x_wconf 91' lang='lat' dir='ltr'><strong>Nec</strong></span> <span class='ocrx_word' id='word_1_112' title='bbox 1395 1462 1556 1523; x_wconf 91' lang='lat' dir='ltr'><strong>enim</strong></span> <span class='ocrx_word' id='word_1_113' title='bbox 1618 1460 1969 1522; x_wconf 79' lang='lat' dir='ltr'><strong>fortitudine</strong></span> <span class='ocrx_word' id='word_1_114' title='bbox 2029 1476 2236 1536; x_wconf 91' lang='lat' dir='ltr'><strong>egere·</strong></span> 
     </span>
     <span class='ocr_line' id='line_1_16' title="bbox 160 1543 2235 1622; baseline 0 -20"><span class='ocrx_word' id='word_1_115' title='bbox 160 1559 338 1617; x_wconf 79' lang='lat' dir='ltr'><strong>muS,</strong></span> <span class='ocrx_word' id='word_1_116' title='bbox 368 1547 534 1607; x_wconf 91' lang='lat' dir='ltr'><strong>nullo</strong></span> <span class='ocrx_word' id='word_1_117' title='bbox 569 1545 892 1621; x_wconf 89' lang='lat' dir='ltr'><strong>proposito</strong></span> <span class='ocrx_word' id='word_1_118' title='bbox 932 1552 1038 1605; x_wconf 88' lang='lat' dir='ltr'><strong>aut</strong></span> <span class='ocrx_word' id='word_1_119' title='bbox 1078 1545 1290 1607; x_wconf 88' lang='lat' dir='ltr'><strong>labore</strong></span> <span class='ocrx_word' id='word_1_120' title='bbox 1330 1553 1435 1606; x_wconf 86' lang='lat' dir='ltr'><strong>aut</strong></span> <span class='ocrx_word' id='word_1_121' title='bbox 1486 1544 1784 1622; x_wconf 86' lang='lat' dir='ltr'><strong>periculo,</strong></span> <span class='ocrx_word' id='word_1_122' title='bbox 1832 1561 1948 1605; x_wconf 90' lang='lat' dir='ltr'><strong>nec</strong></span> <span class='ocrx_word' id='word_1_123' title='bbox 1989 1543 2235 1615; x_wconf 89' lang='lat' dir='ltr'><strong>iustitia,</strong></span> 
     </span>
     <span class='ocr_line' id='line_1_17' title="bbox 156 1627 2235 1705; baseline 0 -19"><span class='ocrx_word' id='word_1_124' title='bbox 156 1644 358 1702; x_wconf 90' lang='lat' dir='ltr'><strong>-quum</strong></span> <span class='ocrx_word' id='word_1_125' title='bbox 389 1635 559 1691; x_wconf 89' lang='lat' dir='ltr'><strong>esset</strong></span> <span class='ocrx_word' id='word_1_126' title='bbox 588 1629 731 1689; x_wconf 84' lang='lat' dir='ltr'><strong>nihil</strong></span> <span class='ocrx_word' id='word_1_127' title='bbox 774 1628 943 1705; x_wconf 90' lang='lat' dir='ltr'><strong>quod</strong></span> <span class='ocrx_word' id='word_1_128' title='bbox 972 1637 1365 1705; x_wconf 85' lang='lat' dir='ltr'><strong>appeteretur</strong></span> <span class='ocrx_word' id='word_1_129' title='bbox 1407 1629 1615 1703; x_wconf 86' lang='lat' dir='ltr'><strong>alieni,</strong></span> <span class='ocrx_word' id='word_1_130' title='bbox 1658 1645 1774 1690; x_wconf 91' lang='lat' dir='ltr'><strong>nec</strong></span> <span class='ocrx_word' id='word_1_131' title='bbox 1815 1627 2235 1704; x_wconf 88' lang='lat' dir='ltr'><strong>temperantia,</strong></span> 
     </span>
     <span class='ocr_line' id='line_1_18' title="bbox 167 1710 2237 1790; baseline 0.001 -22"><span class='ocrx_word' id='word_1_132' title='bbox 167 1724 331 1786; x_wconf 92' lang='lat' dir='ltr'><strong>quae</strong></span> <span class='ocrx_word' id='word_1_133' title='bbox 356 1720 599 1790; x_wconf 88' lang='lat' dir='ltr'><strong>regeret</strong></span> <span class='ocrx_word' id='word_1_134' title='bbox 641 1710 747 1774; x_wconf 89' lang='lat' dir='ltr'><strong>eas</strong></span> <span class='ocrx_word' id='word_1_135' title='bbox 779 1728 939 1789; x_wconf 86' lang='lat' dir='ltr'><strong>quae</strong></span> <span class='ocrx_word' id='word_1_136' title='bbox 975 1714 1173 1773; x_wconf 87' lang='lat' dir='ltr'><strong>nullae</strong></span> <span class='ocrx_word' id='word_1_137' title='bbox 1202 1720 1415 1774; x_wconf 89' lang='lat' dir='ltr'><strong>essent</strong></span> <span class='ocrx_word' id='word_1_138' title='bbox 1442 1713 1755 1786; x_wconf 81' lang='lat' dir='ltr'><strong>libidineS,</strong></span> <span class='ocrx_word' id='word_1_139' title='bbox 1799 1729 1878 1774; x_wconf 91' lang='lat' dir='ltr'><strong>ne</strong></span> <span class='ocrx_word' id='word_1_140' title='bbox 1913 1711 2237 1787; x_wconf 87' lang='lat' dir='ltr'><strong>prudentia</strong></span> 
     </span>
     <span class='ocr_line' id='line_1_19' title="bbox 156 1791 2235 1873; baseline 0.001 -22"><span class='ocrx_word' id='word_1_141' title='bbox 156 1791 415 1870; x_wconf 86' lang='lat' dir='ltr'><strong>quidem</strong></span> <span class='ocrx_word' id='word_1_142' title='bbox 445 1813 798 1873; x_wconf 88' lang='lat' dir='ltr'><strong>egeremus,</strong></span> <span class='ocrx_word' id='word_1_143' title='bbox 846 1797 1011 1857; x_wconf 92' lang='lat' dir='ltr'><strong>nullo</strong></span> <span class='ocrx_word' id='word_1_144' title='bbox 1052 1798 1295 1857; x_wconf 89' lang='lat' dir='ltr'><strong>delectu</strong></span> <span class='ocrx_word' id='word_1_145' title='bbox 1325 1795 1645 1873; x_wconf 87' lang='lat' dir='ltr'><strong>proposito</strong></span> <span class='ocrx_word' id='word_1_146' title='bbox 1681 1796 1985 1856; x_wconf 89' lang='lat' dir='ltr'><strong>bonorum</strong></span> <span class='ocrx_word' id='word_1_147' title='bbox 2024 1803 2086 1855; x_wconf 88' lang='lat' dir='ltr'><strong>et</strong></span> <span class='ocrx_word' id='word_1_148' title='bbox 2114 1812 2235 1854; x_wconf 83' lang='lat' dir='ltr'><strong>ma-</strong></span> 
     </span>
     <span class='ocr_line' id='line_1_20' title="bbox 161 1879 2239 1957; baseline 0.002 -24"><span class='ocrx_word' id='word_1_149' title='bbox 161 1879 387 1940; x_wconf 89' lang='lat' dir='ltr'><strong>lorum.</strong></span> <span class='ocrx_word' id='word_1_150' title='bbox 471 1882 605 1942; x_wconf 88' lang='lat' dir='ltr'><strong>Una</strong></span> <span class='ocrx_word' id='word_1_151' title='bbox 668 1880 850 1957; x_wconf 89' lang='lat' dir='ltr'><strong>igitur</strong></span> <span class='ocrx_word' id='word_1_152' title='bbox 898 1897 1195 1944; x_wconf 72' lang='lat' dir='ltr'><strong>essemus,</strong></span> <span class='ocrx_word' id='word_1_153' title='bbox 1242 1880 1403 1941; x_wconf 80' lang='lat' dir='ltr'><strong>beati</strong></span> <span class='ocrx_word' id='word_1_154' title='bbox 1455 1880 1803 1957; x_wconf 87' lang='lat' dir='ltr'><strong>cognitione</strong></span> <span class='ocrx_word' id='word_1_155' title='bbox 1858 1886 2111 1939; x_wconf 90' lang='lat' dir='ltr'><strong>naturae</strong></span> <span class='ocrx_word' id='word_1_156' title='bbox 2176 1886 2239 1939; x_wconf 93' lang='lat' dir='ltr'><strong>et</strong></span> 
     </span>
     <span class='ocr_line' id='line_1_21' title="bbox 155 1959 2234 2040; baseline 0 -19"><span class='ocrx_word' id='word_1_157' title='bbox 155 1959 455 2037; x_wconf 80' lang='lat' dir='ltr'><strong>scientia,</strong></span> <span class='ocrx_word' id='word_1_158' title='bbox 490 1980 610 2040; x_wconf 90' lang='lat' dir='ltr'><strong>qua</strong></span> <span class='ocrx_word' id='word_1_159' title='bbox 645 1967 780 2026; x_wconf 90' lang='lat' dir='ltr'><strong>sola</strong></span> <span class='ocrx_word' id='word_1_160' title='bbox 808 1963 985 2028; x_wconf 84' lang='lat' dir='ltr'><strong>etiam</strong></span> <span class='ocrx_word' id='word_1_161' title='bbox 1018 1965 1276 2026; x_wconf 88' lang='lat' dir='ltr'><strong>deorum</strong></span> <span class='ocrx_word' id='word_1_162' title='bbox 1306 1971 1403 2025; x_wconf 87' lang='lat' dir='ltr'><strong>est</strong></span> <span class='ocrx_word' id='word_1_163' title='bbox 1437 1962 1559 2025; x_wconf 89' lang='lat' dir='ltr'><strong>vita</strong></span> <span class='ocrx_word' id='word_1_164' title='bbox 1587 1963 1914 2024; x_wconf 90' lang='lat' dir='ltr'><strong>laudanda.</strong></span> <span class='ocrx_word' id='word_1_165' title='bbox 1983 1962 2074 2022; x_wconf 90' lang='lat' dir='ltr'><strong>Ex</strong></span> <span class='ocrx_word' id='word_1_166' title='bbox 2110 1978 2234 2036; x_wconf 91' lang='lat' dir='ltr'><strong>quo</strong></span> 
     </span>
     <span class='ocr_line' id='line_1_22' title="bbox 156 2044 2235 2124; baseline 0.001 -21"><span class='ocrx_word' id='word_1_167' title='bbox 156 2044 417 2123; x_wconf 83' lang='lat' dir='ltr'><strong>intelligi</strong></span> <span class='ocrx_word' id='word_1_168' title='bbox 448 2055 655 2124; x_wconf 90' lang='lat' dir='ltr'><strong>potest</strong></span> <span class='ocrx_word' id='word_1_169' title='bbox 696 2056 937 2109; x_wconf 88' lang='lat' dir='ltr'><strong>caetera</strong></span> <span class='ocrx_word' id='word_1_170' title='bbox 966 2047 1354 2108; x_wconf 86' lang='lat' dir='ltr'><strong>necessitatis</strong></span> <span class='ocrx_word' id='word_1_171' title='bbox 1390 2063 1565 2120; x_wconf 88' lang='lat' dir='ltr'><strong>esse,</strong></span> <span class='ocrx_word' id='word_1_172' title='bbox 1600 2063 1784 2107; x_wconf 90' lang='lat' dir='ltr'><strong>unum</strong></span> <span class='ocrx_word' id='word_1_173' title='bbox 1805 2045 1928 2106; x_wconf 89' lang='lat' dir='ltr'><strong>hoc</strong></span> <span class='ocrx_word' id='word_1_174' title='bbox 1957 2046 2235 2120; x_wconf 83' lang='lat' dir='ltr'><strong>volupta-</strong></span> 
     </span>
    </p>
   </div>
   <div class='ocr_carea' id='block_1_6' title="bbox 162 2127 2181 2212">
    <p class='ocr_par' dir='ltr' id='par_1_6' title="bbox 162 2127 2181 2212">
     <span class='ocr_line' id='line_1_23' title="bbox 162 2127 2181 2212; baseline 0.005 -25"><span class='ocrx_word' id='word_1_175' title='bbox 162 2127 265 2190; x_wconf 78' lang='lat' dir='ltr'><strong>tiS.</strong></span> <span class='ocrx_word' id='word_1_176' title='bbox 331 2144 762 2212; x_wconf 74' lang='lat' dir='ltr'><strong>[Augustinus</strong></span> <span class='ocrx_word' id='word_1_177' title='bbox 799 2147 863 2197; x_wconf 87' lang='lat' dir='ltr'><strong>de</strong></span> <span class='ocrx_word' id='word_1_178' title='bbox 893 2145 1035 2198; x_wconf 88' lang='lat' dir='ltr'><strong>Trin.</strong></span> <span class='ocrx_word' id='word_1_179' title='bbox 1076 2146 1166 2195; x_wconf 82' lang='lat' dir='ltr'><strong>lib.</strong></span> <span class='ocrx_word' id='word_1_180' title='bbox 1204 2145 1343 2197; x_wconf 82' lang='lat' dir='ltr'><strong>xlv.</strong></span> <span class='ocrx_word' id='word_1_181' title='bbox 1382 2161 1498 2211; x_wconf 79' lang='lat' dir='ltr'><strong>cap.</strong></span> <span class='ocrx_word' id='word_1_182' title='bbox 1537 2145 1589 2199; x_wconf 87' lang='lat'><strong>9.</strong></span> <span class='ocrx_word' id='word_1_183' title='bbox 1627 2145 1771 2212; x_wconf 80' lang='lat' dir='ltr'><strong>Tom.</strong></span> <span class='ocrx_word' id='word_1_184' title='bbox 1812 2145 1902 2195; x_wconf 93' lang='lat'>111.</span> <span class='ocrx_word' id='word_1_185' title='bbox 1942 2159 1997 2209; x_wconf 82' lang='lat' dir='ltr'><strong>p.</strong></span> <span class='ocrx_word' id='word_1_186' title='bbox 2033 2142 2181 2209; x_wconf 60' lang='lat'><strong>432]</strong></span> 
     </span>
    </p>
   </div>
   <div class='ocr_carea' id='block_1_7' title="bbox 156 2225 2236 2722">
    <p class='ocr_par' dir='ltr' id='par_1_7' title="bbox 156 2225 2236 2722">
     <span class='ocr_line' id='line_1_24' title="bbox 297 2225 2236 2303; baseline -0.001 -18"><span class='ocrx_word' id='word_1_187' title='bbox 297 2225 396 2287; x_wconf 85' lang='lat'><strong>13.</strong></span> <span class='ocrx_word' id='word_1_188' title='bbox 440 2227 603 2288; x_wconf 88' lang='lat' dir='ltr'><strong>Ecce</strong></span> <span class='ocrx_word' id='word_1_189' title='bbox 652 2234 857 2289; x_wconf 90' lang='lat' dir='ltr'><strong>autem</strong></span> <span class='ocrx_word' id='word_1_190' title='bbox 901 2244 1024 2288; x_wconf 89' lang='lat' dir='ltr'><strong>non</strong></span> <span class='ocrx_word' id='word_1_191' title='bbox 1081 2226 1433 2303; x_wconf 89' lang='lat' dir='ltr'><strong>philosophi</strong></span> <span class='ocrx_word' id='word_1_192' title='bbox 1477 2226 1754 2303; x_wconf 88' lang='lat' dir='ltr'><strong>quidem,</strong></span> <span class='ocrx_word' id='word_1_193' title='bbox 1810 2226 1922 2286; x_wconf 91' lang='lat' dir='ltr'><strong>sed</strong></span> <span class='ocrx_word' id='word_1_194' title='bbox 1970 2225 2236 2301; x_wconf 87' lang='lat' dir='ltr'><strong>prompti</strong></span> 
     </span>
     <span class='ocr_line' id='line_1_25' title="bbox 160 2309 2234 2387; baseline 0 -19"><span class='ocrx_word' id='word_1_195' title='bbox 160 2320 371 2371; x_wconf 75' lang='lat' dir='ltr'><strong>tamen</strong></span> <span class='ocrx_word' id='word_1_196' title='bbox 404 2310 486 2370; x_wconf 89' lang='lat' dir='ltr'><strong>ad</strong></span> <span class='ocrx_word' id='word_1_197' title='bbox 509 2310 944 2387; x_wconf 82' lang='lat' dir='ltr'><strong>disputandum</strong></span> <span class='ocrx_word' id='word_1_198' title='bbox 975 2327 1192 2374; x_wconf 90' lang='lat' dir='ltr'><strong>omnes</strong></span> <span class='ocrx_word' id='word_1_199' title='bbox 1223 2310 1390 2372; x_wconf 90' lang='lat' dir='ltr'><strong>aiunt</strong></span> <span class='ocrx_word' id='word_1_200' title='bbox 1418 2328 1562 2373; x_wconf 87' lang='lat' dir='ltr'><strong>esse</strong></span> <span class='ocrx_word' id='word_1_201' title='bbox 1592 2313 1838 2383; x_wconf 87' lang='lat' dir='ltr'><strong>beatos,</strong></span> <span class='ocrx_word' id='word_1_202' title='bbox 1874 2309 1977 2385; x_wconf 85' lang='lat' dir='ltr'><strong>qui</strong></span> <span class='ocrx_word' id='word_1_203' title='bbox 2010 2309 2234 2381; x_wconf 84' lang='lat' dir='ltr'><strong>vivant,</strong></span> 
     </span>
     <span class='ocr_line' id='line_1_26' title="bbox 159 2393 2233 2470; baseline -0.001 -15"><span class='ocrx_word' id='word_1_204' title='bbox 159 2402 236 2455; x_wconf 85' lang='lat' dir='ltr'><strong>ut</strong></span> <span class='ocrx_word' id='word_1_205' title='bbox 264 2393 383 2470; x_wconf 89' lang='lat' dir='ltr'><strong>ipsi</strong></span> <span class='ocrx_word' id='word_1_206' title='bbox 422 2393 626 2455; x_wconf 89' lang='lat' dir='ltr'><strong>velint.</strong></span> <span class='ocrx_word' id='word_1_207' title='bbox 649 2394 1001 2456; x_wconf 88' lang='lat' dir='ltr'><strong>—Falsum</strong></span> <span class='ocrx_word' id='word_1_208' title='bbox 1030 2393 1093 2455; x_wconf 92' lang='lat' dir='ltr'><strong>id</strong></span> <span class='ocrx_word' id='word_1_209' title='bbox 1129 2395 1395 2470; x_wconf 91' lang='lat' dir='ltr'><strong>quidem.</strong></span> <span class='ocrx_word' id='word_1_210' title='bbox 1468 2396 1645 2456; x_wconf 87' lang='lat' dir='ltr'><strong>Velle</strong></span> <span class='ocrx_word' id='word_1_211' title='bbox 1678 2394 1867 2467; x_wconf 89' lang='lat' dir='ltr'><strong>enim,</strong></span> <span class='ocrx_word' id='word_1_212' title='bbox 1912 2394 2079 2470; x_wconf 92' lang='lat' dir='ltr'><strong>quod</strong></span> <span class='ocrx_word' id='word_1_213' title='bbox 2111 2409 2233 2453; x_wconf 88' lang='lat' dir='ltr'><strong>non</strong></span> 
     </span>
     <span class='ocr_line' id='line_1_27' title="bbox 165 2476 2233 2553; baseline -0.001 -15"><span class='ocrx_word' id='word_1_214' title='bbox 165 2480 418 2550; x_wconf 87' lang='lat' dir='ltr'><strong>deceat,</strong></span> <span class='ocrx_word' id='word_1_215' title='bbox 457 2476 565 2536; x_wconf 90' lang='lat' dir='ltr'><strong>id</strong></span> <span class='ocrx_word' id='word_1_216' title='bbox 548 2495 750 2553; x_wconf 76' lang='lat' dir='ltr'><strong>ipsum</strong></span> <span class='ocrx_word' id='word_1_217' title='bbox 781 2477 1184 2539; x_wconf 87' lang='lat' dir='ltr'><strong>miserrimum</strong></span> <span class='ocrx_word' id='word_1_218' title='bbox 1222 2486 1345 2550; x_wconf 88' lang='lat' dir='ltr'><strong>est,</strong></span> <span class='ocrx_word' id='word_1_219' title='bbox 1378 2495 1494 2539; x_wconf 91' lang='lat' dir='ltr'><strong>nec</strong></span> <span class='ocrx_word' id='word_1_220' title='bbox 1523 2487 1646 2539; x_wconf 84' lang='lat' dir='ltr'><strong>tam</strong></span> <span class='ocrx_word' id='word_1_221' title='bbox 1675 2478 1963 2539; x_wconf 82' lang='lat' dir='ltr'><strong>miserum</strong></span> <span class='ocrx_word' id='word_1_222' title='bbox 1993 2484 2090 2538; x_wconf 86' lang='lat' dir='ltr'><strong>est</strong></span> <span class='ocrx_word' id='word_1_223' title='bbox 2110 2493 2233 2537; x_wconf 91' lang='lat' dir='ltr'><strong>non</strong></span> 
     </span>
     <span class='ocr_line' id='line_1_28' title="bbox 156 2523 2233 2637; baseline -0.001 -16"><span class='ocrx_word' id='word_1_224' title='bbox 156 2523 425 2636; x_wconf 80' lang='lat' dir='ltr'><strong>adipisci</strong></span> <span class='ocrx_word' id='word_1_225' title='bbox 469 2561 639 2635; x_wconf 91' lang='lat' dir='ltr'><strong>quod</strong></span> <span class='ocrx_word' id='word_1_226' title='bbox 671 2561 822 2624; x_wconf 91' lang='lat' dir='ltr'><strong>velis</strong></span> <span class='ocrx_word' id='word_1_227' title='bbox 850 2578 1032 2637; x_wconf 89' lang='lat' dir='ltr'><strong>quam</strong></span> <span class='ocrx_word' id='word_1_228' title='bbox 1068 2561 1326 2636; x_wconf 85' lang='lat' dir='ltr'><strong>adipisci</strong></span> <span class='ocrx_word' id='word_1_229' title='bbox 1361 2563 1520 2621; x_wconf 88' lang='lat' dir='ltr'><strong>velle</strong></span> <span class='ocrx_word' id='word_1_230' title='bbox 1551 2562 1719 2635; x_wconf 91' lang='lat' dir='ltr'><strong>quod</strong></span> <span class='ocrx_word' id='word_1_231' title='bbox 1760 2578 1883 2621; x_wconf 88' lang='lat' dir='ltr'><strong>non</strong></span> <span class='ocrx_word' id='word_1_232' title='bbox 1929 2565 2233 2636; x_wconf 87' lang='lat' dir='ltr'><strong>oporteat.</strong></span> 
     </span>
     <span class='ocr_line' id='line_1_29' title="bbox 163 2639 2234 2722; baseline -0.002 -17"><span class='ocrx_word' id='word_1_233' title='bbox 163 2646 309 2705; x_wconf 86' lang='lat' dir='ltr'><strong>Plus</strong></span> <span class='ocrx_word' id='word_1_234' title='bbox 342 2642 501 2705; x_wconf 88' lang='lat' dir='ltr'><strong>enim</strong></span> <span class='ocrx_word' id='word_1_235' title='bbox 534 2639 673 2705; x_wconf 88' lang='lat' dir='ltr'><strong>mali</strong></span> <span class='ocrx_word' id='word_1_236' title='bbox 703 2643 972 2722; x_wconf 85' lang='lat' dir='ltr'><strong>pravitas</strong></span> <span class='ocrx_word' id='word_1_237' title='bbox 1005 2643 1338 2706; x_wconf 87' lang='lat' dir='ltr'><strong>voluntatis</strong></span> <span class='ocrx_word' id='word_1_238' title='bbox 1382 2643 1582 2703; x_wconf 77' lang='lat' dir='ltr'><strong>adfert</strong></span> <span class='ocrx_word' id='word_1_239' title='bbox 1618 2659 1800 2718; x_wconf 89' lang='lat' dir='ltr'><strong>quam</strong></span> <span class='ocrx_word' id='word_1_240' title='bbox 1830 2644 2075 2704; x_wconf 81' lang='lat' dir='ltr'><strong>fortuna</strong></span> <span class='ocrx_word' id='word_1_241' title='bbox 2111 2641 2234 2701; x_wconf 88' lang='lat' dir='ltr'><strong>cui·</strong></span> 
     </span>
    </p>
   </div>
   <div class='ocr_carea' id='block_1_8' title="bbox 159 2728 2237 2878">
    <p class='ocr_par' dir='ltr' id='par_1_8' title="bbox 159 2728 2237 2878">
     <span class='ocr_line' id='line_1_30' title="bbox 159 2728 2237 2810; baseline 0.001 -23"><span class='ocrx_word' id='word_1_242' title='bbox 159 2744 353 2804; x_wconf 80' lang='lat' dir='ltr'><strong>quam</strong></span> <span class='ocrx_word' id='word_1_243' title='bbox 385 2728 550 2789; x_wconf 75' lang='lat' dir='ltr'><strong>boni</strong></span> <span class='ocrx_word' id='word_1_244' title='bbox 619 2742 1046 2810; x_wconf 76' lang='lat' dir='ltr'><strong>[Augustinus</strong></span> <span class='ocrx_word' id='word_1_245' title='bbox 1092 2744 1157 2794; x_wconf 87' lang='lat' dir='ltr'><strong>de</strong></span> <span class='ocrx_word' id='word_1_246' title='bbox 1190 2744 1283 2794; x_wconf 82' lang='lat' dir='ltr'><strong>vit.</strong></span> <span class='ocrx_word' id='word_1_247' title='bbox 1316 2744 1450 2793; x_wconf 83' lang='lat' dir='ltr'><strong>beat.</strong></span> <span class='ocrx_word' id='word_1_248' title='bbox 1489 2739 1620 2807; x_wconf 89' lang='lat' dir='ltr'><strong>Opp.</strong></span> <span class='ocrx_word' id='word_1_249' title='bbox 1656 2739 1801 2791; x_wconf 85' lang='lat' dir='ltr'><strong>Tom.</strong></span> <span class='ocrx_word' id='word_1_250' title='bbox 1839 2743 1882 2794; x_wconf 90' lang='lat'><strong>1.</strong></span> <span class='ocrx_word' id='word_1_251' title='bbox 1920 2756 1975 2806; x_wconf 89' lang='lat' dir='ltr'><strong>p.</strong></span> <span class='ocrx_word' id='word_1_252' title='bbox 2011 2741 2132 2793; x_wconf 79' lang='grc'><strong>500.</strong></span> <span class='ocrx_word' id='word_1_253' title='bbox 2173 2739 2237 2789; x_wconf 86' lang='lat' dir='ltr'><strong>de</strong></span> 
     </span>
     <span class='ocr_line' id='line_1_31' title="bbox 164 2809 1502 2878; baseline 0.004 -16"><span class='ocrx_word' id='word_1_254' title='bbox 164 2813 307 2862; x_wconf 79' lang='lat' dir='ltr'><strong>Tria.</strong></span> <span class='ocrx_word' id='word_1_255' title='bbox 345 2811 436 2861; x_wconf 90' lang='lat' dir='ltr'><strong>lib.</strong></span> <span class='ocrx_word' id='word_1_256' title='bbox 469 2810 603 2865; x_wconf 81' lang='lat' dir='ltr'><strong>xm.</strong></span> <span class='ocrx_word' id='word_1_257' title='bbox 644 2827 757 2878; x_wconf 84' lang='lat' dir='ltr'><strong>cap.</strong></span> <span class='ocrx_word' id='word_1_258' title='bbox 793 2814 842 2865; x_wconf 86' lang='lat'><strong>5.</strong></span> <span class='ocrx_word' id='word_1_259' title='bbox 879 2812 1022 2862; x_wconf 86' lang='lat' dir='ltr'><strong>Tom.</strong></span> <span class='ocrx_word' id='word_1_260' title='bbox 1062 2812 1122 2864; x_wconf 90' lang='lat'><strong>11.</strong></span> <span class='ocrx_word' id='word_1_261' title='bbox 1161 2827 1216 2877; x_wconf 88' lang='lat' dir='ltr'><strong>p.</strong></span> <span class='ocrx_word' id='word_1_262' title='bbox 1249 2809 1402 2876; x_wconf 64' lang='lat'><strong>409]</strong></span> <span class='ocrx_word' id='word_1_263' title='bbox 1499 2865 1502 2868; x_wconf 88' lang='lat'>.</span> 
     </span>
    </p>
   </div>
   <div class='ocr_carea' id='block_1_9' title="bbox 527 2962 1884 3108">
    <p class='ocr_par' dir='ltr' id='par_1_9' title="bbox 527 2962 1861 3108">
     <span class='ocr_line' id='line_1_32' title="bbox 1068 2962 1334 3016; baseline 0.011 -4"><span class='ocrx_word' id='word_1_264' title='bbox 1068 2962 1259 3013; x_wconf 85' lang='lat' dir='ltr'>LIBER</span> <span class='ocrx_word' id='word_1_265' title='bbox 1292 2963 1334 3016; x_wconf 88' lang='lat'><strong>1.</strong></span> 
     </span>
     <span class='ocr_line' id='line_1_33' title="bbox 527 3060 1884 3108; baseline -0.001 -3"><span class='ocrx_word' id='word_1_266' title='bbox 527 3062 962 3108; x_wconf 68' lang='lat' dir='ltr'><strong>Pnuosopmtm</strong></span> <span class='ocrx_word' id='word_1_267' title='bbox 996 3062 1326 3107; x_wconf 60' lang='lat' dir='ltr'><strong>Accusarlo</strong></span> <span class='ocrx_word' id='word_1_268' title='bbox 1361 3062 1436 3105; x_wconf 80' lang='lat' dir='ltr'><strong>ET</strong></span> <span class='ocrx_word' id='word_1_269' title='bbox 1468 3060 1884 3105; x_wconf 70' lang='lat' dir='ltr'><strong>vrrupssnA‘nO.</strong></span> 
     </span>
    </p>
   </div>
   <div class='ocr_carea' id='block_1_10' title="bbox 153 3156 2239 3319">
    <p class='ocr_par' dir='ltr' id='par_1_10' title="bbox 153 3156 2239 3319">
     <span class='ocr_line' id='line_1_34' title="bbox 299 3156 2236 3235; baseline -0.001 -19"><span class='ocrx_word' id='word_1_270' title='bbox 299 3156 398 3216; x_wconf 86' lang='lat'><strong>14.</strong></span> <span class='ocrx_word' id='word_1_271' title='bbox 441 3158 764 3220; x_wconf 66' lang='lat' dir='ltr'><strong>Praeterea</strong></span> <span class='ocrx_word' id='word_1_272' title='bbox 805 3161 960 3221; x_wconf 83' lang='lat' dir='ltr'><strong>illud</strong></span> <span class='ocrx_word' id='word_1_273' title='bbox 997 3175 1224 3235; x_wconf 76' lang='lat' dir='ltr'><strong>quoque</strong></span> <span class='ocrx_word' id='word_1_274' title='bbox 1266 3163 1675 3235; x_wconf 70' lang='lat' dir='ltr'><strong>aryumentum</strong></span> <span class='ocrx_word' id='word_1_275' title='bbox 1724 3163 1934 3218; x_wconf 81' lang='lat' dir='ltr'><strong>contra</strong></span> <span class='ocrx_word' id='word_1_276' title='bbox 1968 3156 2236 3231; x_wconf 73' lang='lat' dir='ltr'><strong>philoso—</strong></span> 
     </span>
     <span class='ocr_line' id='line_1_35' title="bbox 153 3227 2239 3319; baseline -0.001 -19"><span class='ocrx_word' id='word_1_277' title='bbox 153 3240 373 3319; x_wconf 76' lang='lat' dir='ltr'><strong>phiam</strong></span> <span class='ocrx_word' id='word_1_278' title='bbox 421 3227 577 3302; x_wconf 63' lang='lat' dir='ltr'><strong>balet</strong></span> <span class='ocrx_word' id='word_1_279' title='bbox 607 3246 957 3319; x_wconf 84' lang='lat' dir='ltr'><strong>plurimum,</strong></span> <span class='ocrx_word' id='word_1_280' title='bbox 1017 3260 1132 3318; x_wconf 83' lang='lat' dir='ltr'><strong>quo</strong></span> <span class='ocrx_word' id='word_1_281' title='bbox 1183 3244 1340 3304; x_wconf 80' lang='lat' dir='ltr'><strong>idem</strong></span> <span class='ocrx_word' id='word_1_282' title='bbox 1396 3250 1487 3303; x_wconf 81' lang='lat' dir='ltr'><strong>est</strong></span> <span class='ocrx_word' id='word_1_283' title='bbox 1535 3258 1676 3301; x_wconf 81' lang='lat' dir='ltr'><strong>usus</strong></span> <span class='ocrx_word' id='word_1_284' title='bbox 1719 3240 2096 3300; x_wconf 80' lang='lat' dir='ltr'><strong>Hortensius.-</strong></span> <span class='ocrx_word' id='word_1_285' title='bbox 2158 3254 2239 3298; x_wconf 79' lang='lat' dir='ltr'><strong>ex</strong></span> 
     </span>
    </p>
   </div>
   <div class='ocr_carea' id='block_1_11' title="bbox 155 3320 2242 3487">
    <p class='ocr_par' dir='ltr' id='par_1_11' title="bbox 155 3320 2242 3487">
     <span class='ocr_line' id='line_1_36' title="bbox 155 3320 2242 3427; baseline -0.003 -42"><span class='ocrx_word' id='word_1_286' title='bbox 155 3339 235 3385; x_wconf 72' lang='lat' dir='ltr'><strong>eo</strong></span> <span class='ocrx_word' id='word_1_287' title='bbox 288 3340 469 3400; x_wconf 83' lang='lat' dir='ltr'><strong>posse</strong></span> <span class='ocrx_word' id='word_1_288' title='bbox 527 3328 777 3427; x_wconf 68' lang='lat' dir='ltr'><strong>intelliqi</strong></span> <span class='ocrx_word' id='word_1_289' title='bbox 823 3328 1254 3404; x_wconf 72' lang='lat' dir='ltr'><strong>philosophiam</strong></span> <span class='ocrx_word' id='word_1_290' title='bbox 1299 3342 1416 3386; x_wconf 80' lang='lat' dir='ltr'><strong>non</strong></span> <span class='ocrx_word' id='word_1_291' title='bbox 1471 3343 1595 3386; x_wconf 83' lang='lat' dir='ltr'><strong>esse</strong></span> <span class='ocrx_word' id='word_1_292' title='bbox 1641 3325 2021 3398; x_wconf 67' lang='lat' dir='ltr'><strong>sapientiam,</strong></span> <span class='ocrx_word' id='word_1_293' title='bbox 2083 3320 2242 3395; x_wconf 81' lang='lat' dir='ltr'><strong>quod</strong></span> 
     </span>
     <span class='ocr_line' id='line_1_37' title="bbox 159 3404 2240 3487; baseline -0.004 -16"><span class='ocrx_word' id='word_1_294' title='bbox 159 3410 530 3486; x_wconf 76' lang='lat' dir='ltr'><strong>principium</strong></span> <span class='ocrx_word' id='word_1_295' title='bbox 555 3417 615 3471; x_wconf 82' lang='lat' dir='ltr'><strong>et</strong></span> <span class='ocrx_word' id='word_1_296' title='bbox 641 3413 808 3486; x_wconf 72' lang='lat' dir='ltr'><strong>orioro</strong></span> <span class='ocrx_word' id='word_1_297' title='bbox 834 3414 960 3472; x_wconf 80' lang='lat' dir='ltr'><strong>eius</strong></span> <span class='ocrx_word' id='word_1_298' title='bbox 991 3417 1323 3487; x_wconf 86' lang='lat' dir='ltr'><strong>appareat.-</strong></span> <span class='ocrx_word' id='word_1_299' title='bbox 1396 3408 1684 3484; x_wconf 81' lang='lat' dir='ltr'><strong>Quando,</strong></span> <span class='ocrx_word' id='word_1_300' title='bbox 1711 3407 1926 3482; x_wconf 84' lang='lat' dir='ltr'><strong>inquit,</strong></span> <span class='ocrx_word' id='word_1_301' title='bbox 1971 3404 2240 3479; x_wconf 79' lang='lat' dir='ltr'><strong>philoso-</strong></span> 
     </span>
    </p>
   </div>
  </div>
 </body>
</html>
