2381 3723
106 97 231 159 292
890 91 1391 154 FRAGMENTA.
2074 101 2180 153 102

105 266 224 326 que
254 263 386 308 rem
415 252 731 306 aeternum
764 243 842 304 sit
876 258 1134 304 necesse
1168 250 1283 303 est.
1350 243 1476 304 Nec
1510 260 1656 305 vero
1696 245 1852 303 deus
1874 240 2040 316 ipse,
2073 238 2180 315 qui

102 330 452 407 intelligitur
488 344 526 388 a
553 328 762 402 nobiS,
797 325 916 388 alio
948 328 1135 388 modo
1170 326 1420 401 intelligi
1458 333 1667 403 potest
1708 324 1827 386 nisi
1869 340 2044 385 mens
2076 339 2182 382 so-

103 419 227 477 luta
257 413 556 509 quaedam
580 423 640 474 et
669 412 891 483 libera,
927 417 1253 486 segregata
1282 411 1359 470 ab
1392 409 1556 471 omni
1587 406 1985 471 concretione
2015 422 2181 471 mor·

101 500 232 570 tali,
272 496 475 559 omnia
514 495 786 558 sentiens
820 501 883 554 et
922 510 1180 555 movens
1212 492 1473 569 ipsaque
1502 492 1781 570 praedita
1812 497 1982 552 motu
2022 505 2180 550 sem-

101 581 362 659 piterno.
454 595 716 660 [Cicero
765 594 970 645 Tuscul.
1024 595 1112 645 lib.
1159 595 1201 646 Ι.
1244 608 1357 658 cap.
1407 596 1491 645 27.
1542 596 1591 656 S.
1639 592 1727 646 66.
1800 589 2180 653 Lactantius

102 669 166 716 de
202 667 277 715 ira
314 665 398 714 dei
433 678 548 728 cap.
590 664 671 714 10.
712 663 873 714 Instit.
916 662 1004 712 lib.
1043 665 1084 715 Ι.
1123 677 1238 728 cap.
1275 659 1354 727 5.]

226 747 286 806 5.
329 746 527 822 Quum
568 761 719 807 vero
763 752 825 806 et
861 761 1064 806 mares
1097 751 1158 806 et
1188 744 1445 807 feminas
1493 745 1845 820 complures
1874 759 1952 803 ex
1983 740 2180 802 homi-

101 829 282 892 nibus
312 830 371 890 in
405 830 661 889 deorum
694 844 950 890 numero
975 845 1121 890 esse
1141 827 1461 890 videamus
1493 834 1555 888 et
1583 842 1798 888 eorum
1828 825 1891 886 in
1924 824 2196 886 urbibus·

102 921 287 990 atque
334 913 496 989 agris
538 911 973 988 augustissima
1019 912 1275 973 delubra
1323 927 1717 983 veneremur,
1764 907 2183 970 adsentiamur

103 1013 313 1058 eorum
345 995 684 1073 sapientiae
703 1013 1011 1072 „quorum
1042 994 1301 1074 ingeniis
1333 1005 1393 1056 et
1419 992 1687 1073 inventis
1721 1008 1965 1054 omnem
1994 990 2181 1050 vitam

102 1081 338 1156 legibus
370 1087 431 1140 et
454 1078 745 1141 institutis
776 1081 1078 1141 excultam
1107 1079 1627 1153 constitutamque
1647 1076 1968 1137 habemus.
2003 1074 2181 1149 Quod

103 1162 157 1224 si
188 1166 373 1225 ullum
403 1180 698 1238 umquam
738 1162 958 1223 animal
1003 1163 1494 1225 consecrandum
1529 1160 1667 1235 fuit,
1709 1158 1861 1220 illud
1894 1159 2177 1236 profecto

103 1247 232 1307 fuit.
292 1246 358 1307 Si
395 1244 605 1308 Cadmi
642 1247 971 1322 progenies
1015 1254 1122 1307 aut
1155 1244 1621 1322 Amphitryonis
1662 1251 1768 1305 aut
1807 1239 2078 1319 Tyndari
2118 1240 2180 1299 in

104 1332 339 1391 caelum
375 1331 648 1391 tollenda
682 1331 843 1390 fama
876 1330 1014 1405 fuit,
1052 1328 1192 1390 huic
1233 1330 1394 1389 idem
1435 1330 1638 1389 honos
1678 1333 1844 1388 certe
1879 1324 2179 1385 dicandus

103 1421 217 1474 est.
276 1413 456 1489 Quod
488 1412 732 1489 quidem
774 1413 992 1475 faciam
1033 1419 1221 1489 teque
1263 1412 1532 1473 omnium
1573 1411 1864 1488 optimam
1898 1406 2181 1470 doctissi-

103 1513 386 1572 mamque
441 1495 929 1572 approbantibus
990 1494 1086 1556 dis
1150 1494 1595 1556 immortalibus
1647 1492 1798 1570 ipsis
1848 1491 1908 1552 in
1963 1507 2178 1553 eorum

104 1589 292 1651 coetu
319 1581 582 1639 locatam
609 1579 688 1637 ad
713 1577 1064 1653 opinionem
1096 1577 1367 1640 omnium
1396 1577 1740 1639 mortalium
1770 1574 2174 1636 consecrabo.
2201 1580 2202 1583 ’

106 1661 519 1728 [Lactantius
554 1663 717 1711 Instit.
754 1662 842 1711 lib.
887 1664 927 1714 1.
967 1677 1077 1726 cap.
1119 1663 1202 1714 15.
1235 1664 1284 1724 5.
1326 1660 1438 1729 20.]

228 1745 287 1805 6.
331 1745 457 1805 Nec
503 1743 659 1805 enim
713 1743 996 1806 omnibus
1037 1745 1220 1807 iidem
1252 1744 1337 1805 illi
1366 1743 1678 1822 sapientes
1726 1739 1997 1803 arbitrati
2038 1749 2182 1802 sunt

104 1830 387 1893 eumdem
421 1844 666 1890 cursum
695 1828 754 1889 in
792 1832 1025 1890 caelum
1061 1824 1295 1907 patere.
1357 1829 1511 1890 Nam
1547 1827 1710 1889 vitiis
1746 1834 1808 1888 et
1839 1823 2179 1887 sceleribus

104 1912 551 1977 contaminatos
581 1912 888 1990 deprimi
872 1932 933 1974 in
967 1915 1257 1978 tenebras
1288 1921 1473 1989 atque
1506 1913 1564 1972 in
1599 1928 1793 1973 coeno
1830 1910 2033 1970 iacere
2069 1908 2180 1968 do-

105 2005 389 2070 cuerunt,
423 2004 632 2059 castos
676 2007 908 2068 autem,
942 2014 1165 2074 puros,
1199 1997 1507 2072 integrOS,
1543 1996 1967 2071 incorruptOS,
1996 1989 2178 2052 bonis

103 2083 284 2143 etiam
329 2044 546 2142 st’udiis
587 2088 773 2156 atque
814 2081 1047 2142 artibus
1094 2080 1401 2155 expolitos
1434 2078 1555 2140 levi
1604 2079 1872 2154 quodam
1917 2083 1980 2135 et
2021 2071 2180 2134 sacili

103 2168 283 2239 lapsu
326 2165 406 2224 ad
438 2165 626 2237 deos,
668 2163 731 2223 id
774 2171 901 2237 est,
938 2164 1014 2223 ad
1053 2170 1332 2225 naturam
1373 2162 1468 2224 sui
1498 2161 1791 2233 similem,
1829 2159 2170 2238 pervolare.

106 2246 188 2313 [Id
307 2247 435 2300 ibid.
468 2247 558 2297 lib.
596 2248 684 2300 111.
724 2262 838 2312 cap.
872 2247 956 2300 19.
997 2250 1045 2307 5.
1083 2245 1159 2313 6.]

189 2264 284 2387 ᾮ.
330 2330 418 2391 Μ.
471 2329 695 2389 Tullius
746 2332 810 2388 in
846 2346 960 2388 sua
1015 2330 1417 2390 Consolatione
1461 2342 1773 2403 pugnasse
1817 2341 1889 2386 se
1929 2339 2178 2402 semper

104 2421 318 2473 contra
332 2414 638 2471 fortunam
662 2414 919 2486 loquitur
943 2426 1205 2488 eamque
1224 2428 1262 2471 a
1278 2428 1348 2472 se
1369 2426 1616 2486 semper
1640 2425 1783 2472 esse
1805 2414 2176 2484 superatam,

104 2511 291 2571 quum
314 2493 584 2555 sortiter
569 2493 952 2556 inimicorum
970 2495 1236 2572 impetus
1255 2493 1633 2567 rettudisset,
1650 2500 1910 2554 nectum
1930 2490 2178 2566 quidem
2275 2517 2281 2522 ·

102 2579 180 2638 ab
197 2594 271 2638 ea
288 2579 564 2651 fractum,
592 2595 778 2654 quum
801 2579 987 2640 domo
1012 2581 1230 2655 pulsus
1255 2577 1452 2656 patria
1476 2578 1756 2638 caruerit.
1786 2578 1936 2636 Tum
1953 2580 2178 2644 autem,

104 2679 291 2737 quum
321 2661 592 2723 amiserit
621 2661 997 2724 carissimam
1029 2662 1245 2736 filiam,
1288 2661 1520 2723 victum
1549 2678 1618 2722 se
1649 2676 1689 2720 a
1720 2661 1962 2721 fortuna
1991 2654 2177 2730 turpi-

100 2754 198 2806 ter
236 2746 592 2894 confitegti'r.
648 2745 845 2818 Cedo,
892 2749 1108 2846 irgquit,
1164 2753 1227 2806 et
1279 2762 1524 2806 manum
1577 2745 1749 2805 tollo.
1850 2759 2012 2824 [mem
2049 2756 2175 2807 ibid.

102 2845 214 2895 cap.
255 2830 322 2882 28
377 2831 409 2894 5

229 2910 287 2971 8.
334 2910 493 2971 Sunt
537 2909 716 2971 etiam
770 2911 872 2986 qui
918 2911 1071 2971 haec
1122 2907 1328 2971 omnia
1372 2927 1603 2986 genera
1644 2905 2008 2971 consolandi
2052 2908 2177 2968 col-

102 2994 317 3071 ligant:
351 2993 505 3055 alius
541 2994 703 3055 enim
732 2995 850 3056 alio
892 2995 1077 3056 modo
1110 3000 1418 3067 movetur,
1449 3000 1519 3055 ut
1546 2995 1674 3055 fere
1705 3009 1820 3056 nos
1845 2991 1908 3053 in
1941 2992 2177 3052 Conso-

103 3079 329 3142 latione
362 3078 567 3140 omnia
596 3077 656 3139 in
694 3078 1177 3140 consolationem
1209 3093 1388 3139 unam
1415 3077 1819 3140 coniecimus:
1852 3081 1984 3137 erat
2013 3074 2177 3136 enim

104 3160 164 3220 in
188 3170 427 3223 tumore
454 3162 693 3225 animus
718 3169 780 3223 et
803 3162 1002 3224 omnis
1025 3162 1085 3224 in
1112 3179 1187 3223 eo
1209 3162 1621 3237 temptabatur
1652 3162 1869 3225 oratio.
1920 3175 2178 3242 [cicero

102 3242 250 3293 Tusc.
290 3244 377 3292 lib.
408 3247 492 3299 111.
534 3262 648 3311 cap.
689 3247 775 3298 31.
809 3247 859 3307 5.
900 3244 1011 3311 76.]

230 3324 290 3385 9.
338 3325 532 3398 Quid?
576 3328 682 3403 qui
718 3343 839 3387 non
879 3335 1094 3402 putant
1134 3330 1467 3405 lugendum
1501 3328 1691 3391 viris?
1733 3325 1929 3404 qualis
1962 3325 2175 3418 ruit-Q.
