2381 3723
79 185 152 233 59
726 172 892 231 CAP.
939 180 1023 229 26.
1070 181 1157 233 2⁷.
1202 181 1248 241 g.
1280 180 1533 234 99—-104,
2064 179 2187 238 175

82 326 164 385 ad
217 326 482 393 calcem,
532 331 600 383 ut
643 322 892 392 dicitur,
941 322 1290 398 pervenire.
1388 323 1528 384 102.
1578 325 1703 386 Sed
1752 328 2045 401 quoniam
2082 348 2186 392 res

82 410 396 470 humanae
426 406 679 483 fragiles
705 407 1109 480 caducaeque
1132 414 1297 477 sunt,
1332 424 1582 484 semper
1599 409 1787 485 aliqui
1813 412 2181 487 anquirendi

83 501 238 554 sunt
284 508 443 567 quos
491 490 815 566 diligamus
866 497 928 550 et
970 508 1005 549 a
1039 490 1267 565 quibus
1309 491 1668 567 diligamur:
1719 495 1976 557 caritate
2021 497 2180 559 enim

81 575 658 651 benevolentiaque
689 576 937 637 sublata
968 574 1168 635 omnis
1195 583 1291 635 est
1323 591 1358 635 e
1390 576 1514 637 vita
1539 578 1784 641 sublata
1810 579 2183 643 iucunditas.

82 661 236 722 Mihi
284 658 534 735 quidem
579 659 823 735 Scipi0,
872 675 1246 734 quamquam
1295 667 1391 720 est
1435 663 1641 723 subito
1692 672 1975 740 ereptuS‚
2033 665 2185 727 vivit

84 754 292 807 tamen
334 761 708 821 semperque
754 742 957 804 vivet:
1016 743 1305 814 virtutem
1366 744 1525 805 enim
1571 748 1774 808 amavi
1836 749 2000 811 illius
2048 750 2177 822 viri,

84 846 255 904 quae
289 829 601 889 exstincta
635 845 758 889 non
793 834 904 888 est.
967 826 1094 887 Nec
1128 827 1272 887 mihi
1304 828 1422 888 soli
1455 840 1742 892 versatur
1763 841 1909 893 ante
1942 838 2182 907 oculoS,

89 915 201 990 qui
232 914 396 974 illam
430 929 682 989 semper
713 913 771 973 in
804 910 1090 972 manibus
1125 911 1340 984 habui,
1389 915 1500 973 sed
1546 915 1728 975 etiam
1761 918 2033 991 posteris
2067 919 2186 980 erit

90 1001 261 1060 clara
309 1006 372 1059 et
417 996 697 1073 insignis.
785 996 978 1057 Nemo
1029 1013 1321 1072 umquam
1365 997 1568 1064 animo
1628 1007 1736 1059 aut
1780 1017 1897 1076 spe
1953 1001 2183 1063 maiora

86 1082 394 1158 suscipiet
425 1083 531 1157 qui
564 1081 680 1141 sibi
713 1095 837 1141 non
870 1079 1031 1141 illius
1065 1081 1424 1142 memoriam
1456 1089 1648 1157 atque
1677 1083 2006 1160 imaginem
2040 1102 2180 1162 pro·

88 1168 450 1245 ponendam
494 1174 686 1243 putet.
786 1163 920 1227 103.
965 1165 1269 1240 Equidem
1316 1181 1396 1226 ex
1432 1166 1719 1227 omnibus
1765 1169 1969 1237 rebus,
2023 1187 2183 1244 quas

86 1252 235 1312 mihi
279 1258 387 1311 aut
432 1253 680 1312 fortuna
723 1255 830 1309 aut
868 1255 1090 1309 natura
1120 1248 1357 1322 tribuit,
1404 1249 1549 1311 nihil
1592 1251 1794 1312 habeo
1838 1255 2007 1326 quod
2042 1270 2178 1315 cum

88 1336 362 1397 amicitia
407 1333 723 1412 Scipionis
768 1332 1008 1410 possim
1056 1348 1438 1409 comparare.
1533 1334 1593 1393 ln
1642 1336 1757 1396 hac
1797 1337 1939 1397 mihi
1987 1339 2067 1398 de
2113 1354 2184 1398 re

91 1420 338 1497 publica
370 1436 753 1493 consensuS,
802 1417 859 1478 in
894 1418 1010 1478 hac
1055 1434 1260 1479 rerum
1292 1417 1671 1494 privatarum
1717 1421 2072 1491 consilium,
2119 1421 2180 1484 in

90 1507 312 1566 eadem
343 1503 592 1581 requies
629 1507 814 1580 plena
847 1501 1283 1563 oblectationis
1327 1502 1457 1563 fuit.
1517 1504 1864 1579 Numquam
1900 1505 2069 1567 illurn
2103 1522 2184 1566 ne

90 1588 343 1650 minima
386 1589 639 1665 quidem
687 1604 754 1648 re
800 1586 1064 1657 offendi,
1125 1588 1298 1662 quod
1346 1586 1597 1662 quidem
1643 1588 1975 1664 senserim,
2034 1589 2181 1650 nihil

91 1673 304 1735 audivi
337 1690 417 1733 ex
449 1690 524 1736 eo
549 1672 687 1749 ipse
718 1673 889 1747 quod
916 1672 1175 1732 nollem:
1210 1688 1334 1732 una
1360 1672 1584 1733 domus
1610 1681 1758 1741 erat,
1795 1676 1953 1734 idem
1976 1673 2183 1735 victus

91 1757 276 1833 isque
309 1756 673 1832 communiS‚
707 1772 913 1831 neque
944 1756 1146 1815 solum
1185 1754 1416 1828 militia,
1456 1759 1569 1816 sed
1605 1757 1788 1818 etiam
1826 1758 2179 1834 peregrina-

92 1842 297 1904 tiones
331 1841 894 1915 rusticationesque
927 1854 1311 1901 communes.
1395 1843 1531 1902 104.
1579 1842 1728 1902 Nam
1771 1842 1915 1918 quid
1950 1858 2066 1919 ego
2102 1843 2183 1902 de

93 1926 317 1988 studiis
364 1927 564 1988 dicam
609 1924 1034 2003 cognoscendi
1079 1941 1332 2001 semper
1373 1924 1604 1999 aliquid
1653 1933 1842 2002 atque
1875 1925 2176 2001 discendi,

93 2010 154 2072 in
205 2011 432 2086 quibus
476 2012 698 2072 remoti
740 2011 819 2072 ab
868 2010 1066 2070 oculis
1114 2011 1328 2085 populi
1383 2024 1567 2070 omne
1613 2009 1883 2071 otiosum
1932 2017 2179 2087 tempus

94 2094 546 2157 contrivimus?
609 2095 872 2169 Quarum
919 2109 1125 2154 rerum
1162 2093 1512 2154 recordatio
1552 2101 1615 2154 et
1645 2094 1942 2154 memoria
1972 2095 2026 2154 si
2058 2110 2184 2155 una

55 2176 65 2188 “
94 2196 237 2241 cum
270 2178 375 2240 illo
410 2179 763 2249 occidisset,
815 2176 1195 2238 desiderium
1231 2176 1720 2239 coniunctissimi
1753 2186 1943 2254 atque
1971 2195 2180 2239 aman-

96 2263 315 2326 tissimi
346 2263 463 2325 viri
488 2266 648 2326 serre
681 2266 849 2325 nullo
879 2262 1063 2323 modo
1100 2277 1373 2337 possem.
1433 2264 1558 2323 Sed
1592 2278 1707 2323 nec
1739 2261 1843 2324 illa
1873 2262 2180 2324 exstincta

99 2357 240 2410 sunt
269 2351 646 2423 alunturque
688 2347 894 2425 potius
939 2354 999 2407 et
1030 2354 1341 2421 augentur
1378 2347 1755 2423 cogitatione
1788 2356 1848 2408 et
1879 2346 2177 2408 memoria

98 2450 233 2494 mea
265 2442 343 2507 et,
376 2433 430 2495 si
455 2433 571 2494 illis
606 2436 789 2509 plane
815 2432 1070 2493 orbatus
1104 2447 1329 2503 essem,
1363 2447 1653 2507 magnum
1676 2441 1880 2493 tamen
1908 2433 2180 2493 adferret

99 2518 238 2578 mihi
272 2527 446 2579 aetas
480 2517 621 2594 ipsa
653 2514 986 2579 solacium:
1021 2515 1252 2576 diutius
1280 2514 1442 2576 enim
1470 2517 1587 2575 iam
1618 2516 1677 2576 in
1713 2517 1831 2577 hoc
1864 2516 2180 2578 desiderio

101 2618 245 2662 esse
273 2619 396 2665 non
429 2618 711 2678 possum.
782 2600 998 2662 Omnia
1029 2608 1233 2661 autem
1267 2598 1482 2659 brevia
1511 2599 1858 2659 tolerabilia
1891 2616 2037 2660 esse
2069 2601 2176 2659 de-

95 2687 275 2758 bent,
325 2686 502 2748 etiam
552 2686 605 2747 si
649 2700 871 2762 magna
918 2691 1081 2746 sunt.

222 2732 389 2832 H’aec
422 2772 607 2833 habui
651 2772 731 2831 de
777 2766 1042 2829 amicitia
1075 2784 1239 2842 quae
1271 2767 1558 2829 dicerem.
1633 2768 1767 2828 Vos
1800 2772 2006 2827 autem
2039 2766 2178 2826 hor·

95 2865 222 2928 tor,
281 2863 350 2917 ut
394 2855 478 2916 ita
522 2855 814 2915 virtutem
860 2852 1111 2923 locetis,
1170 2850 1307 2912 sine
1354 2867 1476 2927 qua
1532 2849 1798 2912 amicitia
1858 2867 2003 2912 esse
2052 2867 2180 2912 non

97 2947 333 3017 potest,
391 2949 461 3001 ut
507 2956 581 3000 ea
624 2944 891 3014 excepta
934 2934 1079 2997 nihil
1132 2935 1399 3035 amicitia
1450 2935 1880 3011 praestabilius
1927 2924 2179 3012 putetis.
