<?xml version="1.0" encoding="UTF-8"?>
<!DOCTYPE html PUBLIC "-//W3C//DTD XHTML 1.0 Transitional//EN"
    "http://www.w3.org/TR/xhtml1/DTD/xhtml1-transitional.dtd">
<html xmlns="http://www.w3.org/1999/xhtml" xml:lang="en" lang="en">
 <head>
  <title>
</title>
<meta http-equiv="Content-Type" content="text/html;charset=utf-8" />
  <meta name='ocr-system' content='tesseract 3.04.00' />
  <meta name='ocr-capabilities' content='ocr_page ocr_carea ocr_par ocr_line ocrx_word'/>
</head>
<body>
  <div class='ocr_page' id='page_1' title='image "./scriptaquaemans01wesegoog_0083.png"; bbox 0 0 2381 3723; ppageno 0'>
   <div class='ocr_carea' id='block_1_1' title="bbox 602 141 2187 212">
    <p class='ocr_par' dir='ltr' id='par_1_1' title="bbox 602 141 2187 212">
     <span class='ocr_line' id='line_1_1' title="bbox 602 141 2187 212; baseline 0.006 -12"><span class='ocrx_word' id='word_1_1' title='bbox 602 141 742 200; x_wconf 79' lang='lat' dir='ltr'><strong>LtB.</strong></span> <span class='ocrx_word' id='word_1_2' title='bbox 778 142 850 199; x_wconf 93' lang='lat'><strong>11.</strong></span> <span class='ocrx_word' id='word_1_3' title='bbox 898 141 1063 202; x_wconf 81' lang='lat' dir='ltr'><strong>CAP.</strong></span> <span class='ocrx_word' id='word_1_4' title='bbox 1099 152 1321 206; x_wconf 80' lang='lat'><strong>9—11.</strong></span> <span class='ocrx_word' id='word_1_5' title='bbox 1373 153 1424 212; x_wconf 73' lang='grc' dir='ltr'><strong>ς.</strong></span> <span class='ocrx_word' id='word_1_6' title='bbox 1456 153 1717 208; x_wconf 81' lang='lat'><strong>31—38.</strong></span> <span class='ocrx_word' id='word_1_7' title='bbox 2108 149 2187 210; x_wconf 79' lang='lat'><strong>61</strong></span> 
     </span>
    </p>
   </div>
   <div class='ocr_carea' id='block_1_2' title="bbox 102 290 2192 1950">
    <p class='ocr_par' dir='ltr' id='par_1_2' title="bbox 102 290 2192 1950">
     <span class='ocr_line' id='line_1_2' title="bbox 106 290 2190 370; baseline 0.002 -15"><span class='ocrx_word' id='word_1_8' title='bbox 106 291 375 363; x_wconf 80' lang='lat' dir='ltr'><strong>tatione,</strong></span> <span class='ocrx_word' id='word_1_9' title='bbox 434 290 765 364; x_wconf 81' lang='lat' dir='ltr'><strong>subtilitas,</strong></span> <span class='ocrx_word' id='word_1_10' title='bbox 821 291 966 366; x_wconf 87' lang='lat' dir='ltr'><strong>alia,</strong></span> <span class='ocrx_word' id='word_1_11' title='bbox 1025 310 1215 367; x_wconf 90' lang='lat' dir='ltr'><strong>quum</strong></span> <span class='ocrx_word' id='word_1_12' title='bbox 1268 294 1347 353; x_wconf 91' lang='lat' dir='ltr'><strong>ad</strong></span> <span class='ocrx_word' id='word_1_13' title='bbox 1406 293 1755 370; x_wconf 85' lang='lat' dir='ltr'>opinionem</span> <span class='ocrx_word' id='word_1_14' title='bbox 1809 313 2190 359; x_wconf 82' lang='lat' dir='ltr'><strong>communem</strong></span> 
     </span>
     <span class='ocr_line' id='line_1_3' title="bbox 111 375 2190 454; baseline 0.001 -17"><span class='ocrx_word' id='word_1_15' title='bbox 111 375 319 437; x_wconf 89' lang='lat' dir='ltr'><strong>omnis</strong></span> <span class='ocrx_word' id='word_1_16' title='bbox 351 375 856 436; x_wconf 79' lang='lat' dir='ltr'><strong>accommodatur</strong></span> <span class='ocrx_word' id='word_1_17' title='bbox 888 377 1104 436; x_wconf 87' lang='lat' dir='ltr'><strong>oratio.</strong></span> <span class='ocrx_word' id='word_1_18' title='bbox 1178 377 1369 450; x_wconf 82' lang='lat' dir='ltr'><strong>Quam</strong></span> <span class='ocrx_word' id='word_1_19' title='bbox 1401 379 1481 438; x_wconf 92' lang='lat' dir='ltr'><strong>ob</strong></span> <span class='ocrx_word' id='word_1_20' title='bbox 1525 395 1685 452; x_wconf 91' lang='lat' dir='ltr'><strong>rem,</strong></span> <span class='ocrx_word' id='word_1_21' title='bbox 1726 387 1794 439; x_wconf 91' lang='lat' dir='ltr'><strong>ut</strong></span> <span class='ocrx_word' id='word_1_22' title='bbox 1825 380 2045 454; x_wconf 79' lang='lat' dir='ltr'><strong>vulgus</strong></span> <span class='ocrx_word' id='word_1_23' title='bbox 2066 427 2080 452; x_wconf 89' lang='lat'><strong>,</strong></span> <span class='ocrx_word' id='word_1_24' title='bbox 2111 380 2190 440; x_wconf 86' lang='lat' dir='ltr'><strong>ita</strong></span> 
     </span>
     <span class='ocr_line' id='line_1_4' title="bbox 116 458 2191 537; baseline 0.002 -18"><span class='ocrx_word' id='word_1_25' title='bbox 116 476 242 520; x_wconf 89' lang='lat' dir='ltr'><strong>nos</strong></span> <span class='ocrx_word' id='word_1_26' title='bbox 277 458 399 519; x_wconf 88' lang='lat' dir='ltr'><strong>hoe</strong></span> <span class='ocrx_word' id='word_1_27' title='bbox 441 460 579 519; x_wconf 89' lang='lat' dir='ltr'><strong>loeo</strong></span> <span class='ocrx_word' id='word_1_28' title='bbox 611 458 945 534; x_wconf 79' lang='lat' dir='ltr'><strong>loquimur,</strong></span> <span class='ocrx_word' id='word_1_29' title='bbox 1001 465 1068 520; x_wconf 88' lang='lat' dir='ltr'><strong>ut</strong></span> <span class='ocrx_word' id='word_1_30' title='bbox 1109 458 1264 521; x_wconf 90' lang='lat' dir='ltr'><strong>alios</strong></span> <span class='ocrx_word' id='word_1_31' title='bbox 1299 462 1517 536; x_wconf 85' lang='lat' dir='ltr'><strong>fortes,</strong></span> <span class='ocrx_word' id='word_1_32' title='bbox 1569 462 1724 523; x_wconf 90' lang='lat' dir='ltr'><strong>alios</strong></span> <span class='ocrx_word' id='word_1_33' title='bbox 1771 465 1937 523; x_wconf 87' lang='lat' dir='ltr'><strong>viros</strong></span> <span class='ocrx_word' id='word_1_34' title='bbox 1968 462 2191 537; x_wconf 79' lang='lat' dir='ltr'><strong>bonoS,</strong></span> 
     </span>
     <span class='ocr_line' id='line_1_5' title="bbox 111 541 2192 619; baseline 0.003 -17"><span class='ocrx_word' id='word_1_35' title='bbox 111 542 274 604; x_wconf 85' lang='lat' dir='ltr'><strong>alios</strong></span> <span class='ocrx_word' id='word_1_36' title='bbox 309 542 648 618; x_wconf 82' lang='lat' dir='ltr'><strong>prudentes</strong></span> <span class='ocrx_word' id='word_1_37' title='bbox 683 557 827 603; x_wconf 90' lang='lat' dir='ltr'><strong>esse</strong></span> <span class='ocrx_word' id='word_1_38' title='bbox 860 541 1155 603; x_wconf 88' lang='lat' dir='ltr'><strong>dicamus.</strong></span> <span class='ocrx_word' id='word_1_39' title='bbox 1224 545 1628 619; x_wconf 85' lang='lat' dir='ltr'><strong>Popularibus</strong></span> <span class='ocrx_word' id='word_1_40' title='bbox 1672 545 1831 606; x_wconf 92' lang='lat' dir='ltr'><strong>enim</strong></span> <span class='ocrx_word' id='word_1_41' title='bbox 1861 544 2069 605; x_wconf 89' lang='lat' dir='ltr'><strong>verbis</strong></span> <span class='ocrx_word' id='word_1_42' title='bbox 2094 552 2192 608; x_wconf 88' lang='lat' dir='ltr'><strong>est</strong></span> 
     </span>
     <span class='ocr_line' id='line_1_6' title="bbox 112 624 2188 705; baseline 0.002 -20"><span class='ocrx_word' id='word_1_43' title='bbox 112 627 428 700; x_wconf 90' lang='lat' dir='ltr'><strong>agendum</strong></span> <span class='ocrx_word' id='word_1_44' title='bbox 460 631 524 685; x_wconf 91' lang='lat' dir='ltr'><strong>et</strong></span> <span class='ocrx_word' id='word_1_45' title='bbox 549 624 819 697; x_wconf 80' lang='lat' dir='ltr'><strong>usitatiS,</strong></span> <span class='ocrx_word' id='word_1_46' title='bbox 868 643 1054 700; x_wconf 90' lang='lat' dir='ltr'><strong>quum</strong></span> <span class='ocrx_word' id='word_1_47' title='bbox 1085 628 1411 702; x_wconf 82' lang='lat' dir='ltr'><strong>loquamur</strong></span> <span class='ocrx_word' id='word_1_48' title='bbox 1452 628 1531 687; x_wconf 94' lang='lat' dir='ltr'><strong>de</strong></span> <span class='ocrx_word' id='word_1_49' title='bbox 1562 627 1851 705; x_wconf 88' lang='lat' dir='ltr'><strong>opinione</strong></span> <span class='ocrx_word' id='word_1_50' title='bbox 1890 627 2188 704; x_wconf 88' lang='lat' dir='ltr'><strong>populari,</strong></span> 
     </span>
     <span class='ocr_line' id='line_1_7' title="bbox 111 708 2189 787; baseline 0.002 -18"><span class='ocrx_word' id='word_1_51' title='bbox 111 708 302 784; x_wconf 88' lang='lat' dir='ltr'><strong>idque</strong></span> <span class='ocrx_word' id='word_1_52' title='bbox 335 708 562 769; x_wconf 91' lang='lat' dir='ltr'><strong>eodem</strong></span> <span class='ocrx_word' id='word_1_53' title='bbox 596 708 780 768; x_wconf 91' lang='lat' dir='ltr'><strong>modo</strong></span> <span class='ocrx_word' id='word_1_54' title='bbox 812 709 956 769; x_wconf 77' lang='lat' dir='ltr'><strong>fecit</strong></span> <span class='ocrx_word' id='word_1_55' title='bbox 983 709 1328 771; x_wconf 82' lang='lat' dir='ltr'><strong>Panaetius.</strong></span> <span class='ocrx_word' id='word_1_56' title='bbox 1404 710 1526 770; x_wconf 91' lang='lat' dir='ltr'><strong>Sed</strong></span> <span class='ocrx_word' id='word_1_57' title='bbox 1558 713 1636 771; x_wconf 92' lang='lat' dir='ltr'><strong>ad</strong></span> <span class='ocrx_word' id='word_1_58' title='bbox 1670 713 2056 787; x_wconf 89' lang='lat' dir='ltr'><strong>propositum</strong></span> <span class='ocrx_word' id='word_1_59' title='bbox 2098 729 2189 773; x_wconf 90' lang='lat' dir='ltr'><strong>re-</strong></span> 
     </span>
     <span class='ocr_line' id='line_1_8' title="bbox 108 790 2187 872; baseline 0.002 -22"><span class='ocrx_word' id='word_1_60' title='bbox 108 800 453 852; x_wconf 85' lang='lat' dir='ltr'><strong>vertamur.</strong></span> <span class='ocrx_word' id='word_1_61' title='bbox 543 790 643 852; x_wconf 88' lang='lat'><strong>36.</strong></span> <span class='ocrx_word' id='word_1_62' title='bbox 687 793 833 851; x_wconf 87' lang='lat' dir='ltr'><strong>Erat</strong></span> <span class='ocrx_word' id='word_1_63' title='bbox 861 791 1042 867; x_wconf 87' lang='lat' dir='ltr'><strong>igitur</strong></span> <span class='ocrx_word' id='word_1_64' title='bbox 1070 809 1148 853; x_wconf 93' lang='lat' dir='ltr'><strong>ex</strong></span> <span class='ocrx_word' id='word_1_65' title='bbox 1188 792 1419 864; x_wconf 78' lang='lat' dir='ltr'><strong>tribuS,</strong></span> <span class='ocrx_word' id='word_1_66' title='bbox 1462 810 1619 869; x_wconf 92' lang='lat' dir='ltr'><strong>quae</strong></span> <span class='ocrx_word' id='word_1_67' title='bbox 1648 795 1728 853; x_wconf 89' lang='lat' dir='ltr'><strong>ad</strong></span> <span class='ocrx_word' id='word_1_68' title='bbox 1761 793 2014 870; x_wconf 86' lang='lat' dir='ltr'><strong>gloriam</strong></span> <span class='ocrx_word' id='word_1_69' title='bbox 2051 813 2187 872; x_wconf 90' lang='lat' dir='ltr'><strong>per·</strong></span> 
     </span>
     <span class='ocr_line' id='line_1_9' title="bbox 107 874 2190 948; baseline 0.001 -12"><span class='ocrx_word' id='word_1_70' title='bbox 107 875 339 948; x_wconf 80' lang='lat' dir='ltr'><strong>tinent,</strong></span> <span class='ocrx_word' id='word_1_71' title='bbox 393 875 515 937; x_wconf 86' lang='lat' dir='ltr'><strong>hoe</strong></span> <span class='ocrx_word' id='word_1_72' title='bbox 564 874 831 947; x_wconf 88' lang='lat' dir='ltr'><strong>tertium,</strong></span> <span class='ocrx_word' id='word_1_73' title='bbox 884 884 952 936; x_wconf 91' lang='lat' dir='ltr'><strong>ut</strong></span> <span class='ocrx_word' id='word_1_74' title='bbox 997 892 1133 936; x_wconf 88' lang='lat' dir='ltr'><strong>cum</strong></span> <span class='ocrx_word' id='word_1_75' title='bbox 1165 874 1917 938; x_wconf 79' lang='lat' dir='ltr'><strong>admirationehominum</strong></span> <span class='ocrx_word' id='word_1_76' title='bbox 1952 878 2190 938; x_wconf 86' lang='lat' dir='ltr'><strong>honore</strong></span> 
     </span>
     <span class='ocr_line' id='line_1_10' title="bbox 107 957 2190 1035; baseline 0.001 -17"><span class='ocrx_word' id='word_1_77' title='bbox 107 960 186 1019; x_wconf 87' lang='lat' dir='ltr'><strong>ab</strong></span> <span class='ocrx_word' id='word_1_78' title='bbox 247 958 326 1019; x_wconf 91' lang='lat' dir='ltr'><strong>iis</strong></span> <span class='ocrx_word' id='word_1_79' title='bbox 384 957 550 1033; x_wconf 84' lang='lat' dir='ltr'><strong>digni</strong></span> <span class='ocrx_word' id='word_1_80' title='bbox 609 957 1034 1019; x_wconf 88' lang='lat' dir='ltr'><strong>iudicaremur.</strong></span> <span class='ocrx_word' id='word_1_81' title='bbox 1105 959 1505 1020; x_wconf 83' lang='lat' dir='ltr'><strong>Admirantur</strong></span> <span class='ocrx_word' id='word_1_82' title='bbox 1555 959 1738 1035; x_wconf 91' lang='lat' dir='ltr'><strong>igitur</strong></span> <span class='ocrx_word' id='word_1_83' title='bbox 1792 960 2190 1022; x_wconf 87' lang='lat' dir='ltr'><strong>communiter</strong></span> 
     </span>
     <span class='ocr_line' id='line_1_11' title="bbox 106 1038 2184 1118; baseline 0.002 -17"><span class='ocrx_word' id='word_1_84' title='bbox 106 1041 189 1102; x_wconf 86' lang='lat' dir='ltr'><strong>illi</strong></span> <span class='ocrx_word' id='word_1_85' title='bbox 226 1041 481 1117; x_wconf 91' lang='lat' dir='ltr'><strong>quidem</strong></span> <span class='ocrx_word' id='word_1_86' title='bbox 525 1038 756 1116; x_wconf 77' lang='lat' dir='ltr'><strong>or&#39;nnia,</strong></span> <span class='ocrx_word' id='word_1_87' title='bbox 813 1058 971 1116; x_wconf 84' lang='lat' dir='ltr'><strong>quae</strong></span> <span class='ocrx_word' id='word_1_88' title='bbox 1010 1059 1231 1118; x_wconf 88' lang='lat' dir='ltr'><strong>magna</strong></span> <span class='ocrx_word' id='word_1_89' title='bbox 1259 1050 1321 1103; x_wconf 90' lang='lat' dir='ltr'><strong>et</strong></span> <span class='ocrx_word' id='word_1_90' title='bbox 1360 1049 1605 1118; x_wconf 88' lang='lat' dir='ltr'><strong>praeter</strong></span> <span class='ocrx_word' id='word_1_91' title='bbox 1634 1042 1983 1118; x_wconf 83' lang='lat' dir='ltr'><strong>opinionem</strong></span> <span class='ocrx_word' id='word_1_92' title='bbox 2011 1046 2184 1105; x_wconf 78' lang='lat' dir='ltr'><strong>suar‘n</strong></span> 
     </span>
     <span class='ocr_line' id='line_1_12' title="bbox 103 1123 2186 1204; baseline 0.001 -19"><span class='ocrx_word' id='word_1_93' title='bbox 103 1125 711 1196; x_wconf 88' lang='lat' dir='ltr'><strong>animadverterunt,</strong></span> <span class='ocrx_word' id='word_1_94' title='bbox 772 1123 1102 1199; x_wconf 90' lang='lat' dir='ltr'><strong>separatim</strong></span> <span class='ocrx_word' id='word_1_95' title='bbox 1157 1132 1359 1185; x_wconf 89' lang='lat' dir='ltr'><strong>autem</strong></span> <span class='ocrx_word' id='word_1_96' title='bbox 1407 1124 1468 1185; x_wconf 92' lang='lat' dir='ltr'><strong>in</strong></span> <span class='ocrx_word' id='word_1_97' title='bbox 1510 1125 1800 1200; x_wconf 81' lang='lat' dir='ltr'><strong>singuiis,</strong></span> <span class='ocrx_word' id='word_1_98' title='bbox 1861 1127 1914 1187; x_wconf 92' lang='lat' dir='ltr'><strong>si</strong></span> <span class='ocrx_word' id='word_1_99' title='bbox 1955 1128 2186 1204; x_wconf 89' lang='lat' dir='ltr'><strong>perspi·</strong></span> 
     </span>
     <span class='ocr_line' id='line_1_13' title="bbox 102 1206 2187 1286; baseline 0 -17"><span class='ocrx_word' id='word_1_100' title='bbox 102 1208 287 1269; x_wconf 82' lang='lat' dir='ltr'><strong>ciunt</strong></span> <span class='ocrx_word' id='word_1_101' title='bbox 324 1223 442 1268; x_wconf 91' lang='lat' dir='ltr'><strong>nec</strong></span> <span class='ocrx_word' id='word_1_102' title='bbox 474 1206 718 1283; x_wconf 89' lang='lat' dir='ltr'><strong>opinata</strong></span> <span class='ocrx_word' id='word_1_103' title='bbox 753 1209 1054 1283; x_wconf 89' lang='lat' dir='ltr'><strong>quaedam</strong></span> <span class='ocrx_word' id='word_1_104' title='bbox 1097 1209 1280 1269; x_wconf 89' lang='lat' dir='ltr'><strong>bona.</strong></span> <span class='ocrx_word' id='word_1_105' title='bbox 1360 1210 1573 1285; x_wconf 88' lang='lat' dir='ltr'><strong>ltaque</strong></span> <span class='ocrx_word' id='word_1_106' title='bbox 1615 1225 1725 1269; x_wconf 90' lang='lat' dir='ltr'><strong>eos</strong></span> <span class='ocrx_word' id='word_1_107' title='bbox 1770 1208 1939 1271; x_wconf 89' lang='lat' dir='ltr'><strong>viros</strong></span> <span class='ocrx_word' id='word_1_108' title='bbox 1990 1210 2187 1286; x_wconf 87' lang='lat' dir='ltr'><strong>suspi-</strong></span> 
     </span>
     <span class='ocr_line' id='line_1_14' title="bbox 102 1288 2188 1368; baseline 0 -16"><span class='ocrx_word' id='word_1_109' title='bbox 102 1292 287 1352; x_wconf 83' lang='lat' dir='ltr'><strong>ciunt</strong></span> <span class='ocrx_word' id='word_1_110' title='bbox 316 1288 722 1366; x_wconf 86' lang='lat' dir='ltr'><strong>maximisque</strong></span> <span class='ocrx_word' id='word_1_111' title='bbox 749 1290 1017 1351; x_wconf 80' lang='lat' dir='ltr'><strong>efferunt</strong></span> <span class='ocrx_word' id='word_1_112' title='bbox 1045 1289 1359 1366; x_wconf 88' lang='lat' dir='ltr'><strong>laudibus,</strong></span> <span class='ocrx_word' id='word_1_113' title='bbox 1397 1291 1458 1352; x_wconf 92' lang='lat' dir='ltr'><strong>in</strong></span> <span class='ocrx_word' id='word_1_114' title='bbox 1489 1291 1711 1368; x_wconf 89' lang='lat' dir='ltr'><strong>quibus</strong></span> <span class='ocrx_word' id='word_1_115' title='bbox 1744 1291 2091 1353; x_wconf 87' lang='lat' dir='ltr'><strong>existimant</strong></span> <span class='ocrx_word' id='word_1_116' title='bbox 2119 1309 2188 1353; x_wconf 91' lang='lat' dir='ltr'><strong>se</strong></span> 
     </span>
     <span class='ocr_line' id='line_1_15' title="bbox 106 1373 2189 1451; baseline -0 -16"><span class='ocrx_word' id='word_1_117' title='bbox 106 1376 498 1435; x_wconf 86' lang='lat' dir='ltr'><strong>excellentes</strong></span> <span class='ocrx_word' id='word_1_118' title='bbox 523 1373 821 1449; x_wconf 87' lang='lat' dir='ltr'><strong>quasdam</strong></span> <span class='ocrx_word' id='word_1_119' title='bbox 847 1380 909 1434; x_wconf 92' lang='lat' dir='ltr'><strong>et</strong></span> <span class='ocrx_word' id='word_1_120' title='bbox 930 1373 1272 1450; x_wconf 86' lang='lat' dir='ltr'><strong>singulares</strong></span> <span class='ocrx_word' id='word_1_121' title='bbox 1295 1375 1650 1451; x_wconf 87' lang='lat' dir='ltr'><strong>perspicere</strong></span> <span class='ocrx_word' id='word_1_122' title='bbox 1680 1374 1951 1449; x_wconf 84' lang='lat' dir='ltr'><strong>virtutes,</strong></span> <span class='ocrx_word' id='word_1_123' title='bbox 1985 1375 2189 1451; x_wconf 87' lang='lat' dir='ltr'><strong>despi-</strong></span> 
     </span>
     <span class='ocr_line' id='line_1_16' title="bbox 108 1456 2185 1534; baseline 0.001 -16"><span class='ocrx_word' id='word_1_124' title='bbox 108 1458 295 1530; x_wconf 51' lang='lat' dir='ltr'><strong>ciunt,</strong></span> <span class='ocrx_word' id='word_1_125' title='bbox 337 1463 543 1517; x_wconf 90' lang='lat' dir='ltr'><strong>autem</strong></span> <span class='ocrx_word' id='word_1_126' title='bbox 594 1473 705 1518; x_wconf 93' lang='lat' dir='ltr'><strong>eos</strong></span> <span class='ocrx_word' id='word_1_127' title='bbox 758 1465 817 1517; x_wconf 86' lang='lat' dir='ltr'><strong>et</strong></span> <span class='ocrx_word' id='word_1_128' title='bbox 857 1465 1287 1530; x_wconf 87' lang='lat' dir='ltr'><strong>contemnunt,</strong></span> <span class='ocrx_word' id='word_1_129' title='bbox 1347 1456 1405 1518; x_wconf 90' lang='lat' dir='ltr'><strong>in</strong></span> <span class='ocrx_word' id='word_1_130' title='bbox 1459 1457 1681 1534; x_wconf 90' lang='lat' dir='ltr'><strong>quibus</strong></span> <span class='ocrx_word' id='word_1_131' title='bbox 1748 1457 1896 1519; x_wconf 85' lang='lat' dir='ltr'><strong>nihil</strong></span> <span class='ocrx_word' id='word_1_132' title='bbox 1925 1459 2185 1532; x_wconf 77' lang='lat' dir='ltr'><strong>virtutiS,</strong></span> 
     </span>
     <span class='ocr_line' id='line_1_17' title="bbox 106 1538 2185 1616; baseline 0.001 -15"><span class='ocrx_word' id='word_1_133' title='bbox 106 1540 265 1602; x_wconf 88' lang='lat' dir='ltr'><strong>nihil</strong></span> <span class='ocrx_word' id='word_1_134' title='bbox 307 1539 520 1612; x_wconf 87' lang='lat' dir='ltr'><strong>animi,</strong></span> <span class='ocrx_word' id='word_1_135' title='bbox 567 1538 710 1599; x_wconf 87' lang='lat' dir='ltr'><strong>nihil</strong></span> <span class='ocrx_word' id='word_1_136' title='bbox 752 1555 1081 1601; x_wconf 85' lang='lat' dir='ltr'><strong>nervorum</strong></span> <span class='ocrx_word' id='word_1_137' title='bbox 1125 1547 1360 1616; x_wconf 88' lang='lat' dir='ltr'><strong>putant.</strong></span> <span class='ocrx_word' id='word_1_138' title='bbox 1432 1543 1565 1602; x_wconf 83' lang='lat' dir='ltr'><strong>Non</strong></span> <span class='ocrx_word' id='word_1_139' title='bbox 1608 1540 1767 1603; x_wconf 90' lang='lat' dir='ltr'><strong>enim</strong></span> <span class='ocrx_word' id='word_1_140' title='bbox 1812 1560 2027 1605; x_wconf 91' lang='lat' dir='ltr'><strong>omnes</strong></span> <span class='ocrx_word' id='word_1_141' title='bbox 2074 1559 2185 1604; x_wconf 87' lang='lat' dir='ltr'><strong>eos</strong></span> 
     </span>
     <span class='ocr_line' id='line_1_18' title="bbox 107 1622 2186 1702; baseline -0 -16"><span class='ocrx_word' id='word_1_142' title='bbox 107 1630 552 1696; x_wconf 79' lang='lat' dir='ltr'><strong>contemnunt,</strong></span> <span class='ocrx_word' id='word_1_143' title='bbox 595 1624 673 1684; x_wconf 89' lang='lat' dir='ltr'><strong>de</strong></span> <span class='ocrx_word' id='word_1_144' title='bbox 705 1623 926 1699; x_wconf 86' lang='lat' dir='ltr'><strong>quibus</strong></span> <span class='ocrx_word' id='word_1_145' title='bbox 959 1626 1115 1684; x_wconf 87' lang='lat' dir='ltr'><strong>male</strong></span> <span class='ocrx_word' id='word_1_146' title='bbox 1145 1622 1512 1685; x_wconf 89' lang='lat' dir='ltr'><strong>existimant.</strong></span> <span class='ocrx_word' id='word_1_147' title='bbox 1583 1627 1731 1686; x_wconf 87' lang='lat' dir='ltr'><strong>Nam</strong></span> <span class='ocrx_word' id='word_1_148' title='bbox 1775 1644 1933 1701; x_wconf 89' lang='lat' dir='ltr'><strong>quos</strong></span> <span class='ocrx_word' id='word_1_149' title='bbox 1964 1627 2186 1702; x_wconf 90' lang='lat' dir='ltr'><strong>impro-</strong></span> 
     </span>
     <span class='ocr_line' id='line_1_19' title="bbox 110 1705 2186 1782; baseline 0.001 -15"><span class='ocrx_word' id='word_1_150' title='bbox 110 1709 274 1780; x_wconf 81' lang='lat' dir='ltr'><strong>bOS,</strong></span> <span class='ocrx_word' id='word_1_151' title='bbox 323 1705 687 1779; x_wconf 81' lang='lat' dir='ltr'><strong>maledicoS‚</strong></span> <span class='ocrx_word' id='word_1_152' title='bbox 741 1706 1160 1768; x_wconf 84' lang='lat' dir='ltr'><strong>fraudulentos</strong></span> <span class='ocrx_word' id='word_1_153' title='bbox 1200 1714 1417 1782; x_wconf 89' lang='lat' dir='ltr'><strong>putant</strong></span> <span class='ocrx_word' id='word_1_154' title='bbox 1445 1715 1507 1769; x_wconf 90' lang='lat' dir='ltr'><strong>et</strong></span> <span class='ocrx_word' id='word_1_155' title='bbox 1533 1710 1612 1770; x_wconf 88' lang='lat' dir='ltr'><strong>ad</strong></span> <span class='ocrx_word' id='word_1_156' title='bbox 1652 1709 1989 1771; x_wconf 77' lang='lat' dir='ltr'><strong>faciendam</strong></span> <span class='ocrx_word' id='word_1_157' title='bbox 2037 1709 2186 1769; x_wconf 89' lang='lat' dir='ltr'><strong>iniu-</strong></span> 
     </span>
     <span class='ocr_line' id='line_1_20' title="bbox 110 1789 2186 1870; baseline 0 -20"><span class='ocrx_word' id='word_1_158' title='bbox 110 1791 272 1850; x_wconf 88' lang='lat' dir='ltr'><strong>riam</strong></span> <span class='ocrx_word' id='word_1_159' title='bbox 294 1789 661 1861; x_wconf 78' lang='lat' dir='ltr'><strong>instruetOS,</strong></span> <span class='ocrx_word' id='word_1_160' title='bbox 697 1805 808 1851; x_wconf 91' lang='lat' dir='ltr'><strong>eos</strong></span> <span class='ocrx_word' id='word_1_161' title='bbox 837 1796 1232 1850; x_wconf 88' lang='lat' dir='ltr'><strong>contemnunt</strong></span> <span class='ocrx_word' id='word_1_162' title='bbox 1264 1789 1507 1867; x_wconf 88' lang='lat' dir='ltr'><strong>quidem</strong></span> <span class='ocrx_word' id='word_1_163' title='bbox 1539 1792 1920 1870; x_wconf 87' lang='lat' dir='ltr'><strong>neutiquam,</strong></span> <span class='ocrx_word' id='word_1_164' title='bbox 1962 1793 2074 1854; x_wconf 91' lang='lat' dir='ltr'><strong>sed</strong></span> <span class='ocrx_word' id='word_1_165' title='bbox 2107 1793 2186 1851; x_wconf 88' lang='lat' dir='ltr'><strong>de</strong></span> 
     </span>
     <span class='ocr_line' id='line_1_21' title="bbox 113 1872 2185 1950; baseline 0.001 -17"><span class='ocrx_word' id='word_1_166' title='bbox 113 1874 210 1935; x_wconf 86' lang='lat' dir='ltr'><strong>his</strong></span> <span class='ocrx_word' id='word_1_167' title='bbox 268 1876 428 1934; x_wconf 90' lang='lat' dir='ltr'><strong>male</strong></span> <span class='ocrx_word' id='word_1_168' title='bbox 483 1872 846 1934; x_wconf 88' lang='lat' dir='ltr'><strong>existimant.</strong></span> <span class='ocrx_word' id='word_1_169' title='bbox 936 1875 1127 1949; x_wconf 81' lang='lat' dir='ltr'><strong>Quam</strong></span> <span class='ocrx_word' id='word_1_170' title='bbox 1181 1875 1261 1935; x_wconf 93' lang='lat' dir='ltr'><strong>ob</strong></span> <span class='ocrx_word' id='word_1_171' title='bbox 1318 1891 1477 1949; x_wconf 89' lang='lat' dir='ltr'><strong>rem,</strong></span> <span class='ocrx_word' id='word_1_172' title='bbox 1532 1884 1600 1937; x_wconf 90' lang='lat' dir='ltr'><strong>ut</strong></span> <span class='ocrx_word' id='word_1_173' title='bbox 1634 1884 1776 1936; x_wconf 90' lang='lat' dir='ltr'><strong>ante</strong></span> <span class='ocrx_word' id='word_1_174' title='bbox 1825 1876 1977 1950; x_wconf 87' lang='lat' dir='ltr'><strong>dixi,</strong></span> <span class='ocrx_word' id='word_1_175' title='bbox 2043 1892 2185 1937; x_wconf 87' lang='lat' dir='ltr'><strong>eon-</strong></span> 
     </span>
    </p>
   </div>
   <div class='ocr_carea' id='block_1_3' title="bbox 114 1956 2318 2034">
    <p class='ocr_par' dir='ltr' id='par_1_3' title="bbox 114 1956 2318 2034">
     <span class='ocr_line' id='line_1_22' title="bbox 114 1956 2318 2034; baseline -0 -15"><span class='ocrx_word' id='word_1_176' title='bbox 114 1963 473 2019; x_wconf 86' lang='lat' dir='ltr'><strong>temnuntur</strong></span> <span class='ocrx_word' id='word_1_177' title='bbox 500 1956 569 2029; x_wconf 87' lang='lat' dir='ltr'><strong>ii,</strong></span> <span class='ocrx_word' id='word_1_178' title='bbox 613 1956 717 2031; x_wconf 92' lang='lat' dir='ltr'><strong>qui</strong></span> <span class='ocrx_word' id='word_1_179' title='bbox 747 1962 897 2017; x_wconf 74' lang='lat' dir='ltr'><strong>‘nee</strong></span> <span class='ocrx_word' id='word_1_180' title='bbox 926 1956 1042 2017; x_wconf 89' lang='lat' dir='ltr'><strong>sibi</strong></span> <span class='ocrx_word' id='word_1_181' title='bbox 1075 1973 1189 2017; x_wconf 87' lang='lat' dir='ltr'><strong>nee</strong></span> <span class='ocrx_word' id='word_1_182' title='bbox 1218 1959 1445 2032; x_wconf 85' lang='lat' dir='ltr'><strong>alteri’,</strong></span> <span class='ocrx_word' id='word_1_183' title='bbox 1486 1967 1553 2018; x_wconf 88' lang='lat' dir='ltr'><strong>ut</strong></span> <span class='ocrx_word' id='word_1_184' title='bbox 1583 1957 1832 2030; x_wconf 86' lang='lat' dir='ltr'><strong>dieitur,</strong></span> <span class='ocrx_word' id='word_1_185' title='bbox 1870 1958 1928 2017; x_wconf 90' lang='lat' dir='ltr'><strong>in</strong></span> <span class='ocrx_word' id='word_1_186' title='bbox 1965 1959 2184 2034; x_wconf 85' lang='lat' dir='ltr'><strong>quibus</strong></span> <span class='ocrx_word' id='word_1_187' title='bbox 2293 2029 2318 2034; x_wconf 20' lang='grc' dir='ltr'><strong>Ἰ,</strong></span> 
     </span>
    </p>
   </div>
   <div class='ocr_carea' id='block_1_4' title="bbox 111 2037 2225 3448">
    <p class='ocr_par' dir='ltr' id='par_1_4' title="bbox 111 2037 2225 3448">
     <span class='ocr_line' id='line_1_23' title="bbox 114 2037 2186 2113; baseline -0.002 -11"><span class='ocrx_word' id='word_1_188' title='bbox 114 2041 324 2102; x_wconf 90' lang='lat' dir='ltr'><strong>nullus</strong></span> <span class='ocrx_word' id='word_1_189' title='bbox 369 2040 568 2111; x_wconf 89' lang='lat' dir='ltr'><strong>labor,</strong></span> <span class='ocrx_word' id='word_1_190' title='bbox 619 2041 780 2099; x_wconf 89' lang='lat' dir='ltr'><strong>nulla</strong></span> <span class='ocrx_word' id='word_1_191' title='bbox 812 2037 1141 2113; x_wconf 90' lang='lat' dir='ltr'><strong>industria,</strong></span> <span class='ocrx_word' id='word_1_192' title='bbox 1188 2041 1353 2100; x_wconf 86' lang='lat' dir='ltr'><strong>nulla</strong></span> <span class='ocrx_word' id='word_1_193' title='bbox 1384 2058 1532 2101; x_wconf 88' lang='lat' dir='ltr'><strong>cura</strong></span> <span class='ocrx_word' id='word_1_194' title='bbox 1563 2047 1676 2101; x_wconf 89' lang='lat' dir='ltr'><strong>est.</strong></span> <span class='ocrx_word' id='word_1_195' title='bbox 1765 2040 1866 2100; x_wconf 87' lang='grc'><strong>37.</strong></span> <span class='ocrx_word' id='word_1_196' title='bbox 1915 2039 2186 2100; x_wconf 89' lang='lat' dir='ltr'><strong>Admira-</strong></span> 
     </span>
     <span class='ocr_line' id='line_1_24' title="bbox 112 2122 2185 2199; baseline -0.001 -14"><span class='ocrx_word' id='word_1_197' title='bbox 112 2124 286 2185; x_wconf 86' lang='lat' dir='ltr'><strong>tione</strong></span> <span class='ocrx_word' id='word_1_198' title='bbox 306 2130 516 2183; x_wconf 86' lang='lat' dir='ltr'><strong>-autem</strong></span> <span class='ocrx_word' id='word_1_199' title='bbox 550 2122 915 2185; x_wconf 82' lang='lat' dir='ltr'><strong>adficiuntur</strong></span> <span class='ocrx_word' id='word_1_200' title='bbox 935 2123 1003 2197; x_wconf 92' lang='lat' dir='ltr'><strong>ii,</strong></span> <span class='ocrx_word' id='word_1_201' title='bbox 1039 2123 1143 2198; x_wconf 88' lang='lat' dir='ltr'><strong>qui</strong></span> <span class='ocrx_word' id='word_1_202' title='bbox 1170 2123 1403 2184; x_wconf 89' lang='lat' dir='ltr'><strong>anteire</strong></span> <span class='ocrx_word' id='word_1_203' title='bbox 1433 2122 1691 2185; x_wconf 87' lang='lat' dir='ltr'><strong>caeteris</strong></span> <span class='ocrx_word' id='word_1_204' title='bbox 1724 2123 1945 2185; x_wconf 88' lang='lat' dir='ltr'><strong>virtute</strong></span> <span class='ocrx_word' id='word_1_205' title='bbox 1974 2129 2185 2199; x_wconf 89' lang='lat' dir='ltr'><strong>putan-</strong></span> 
     </span>
     <span class='ocr_line' id='line_1_25' title="bbox 111 2204 2186 2282; baseline -0.001 -15"><span class='ocrx_word' id='word_1_206' title='bbox 111 2214 217 2267; x_wconf 83' lang='lat' dir='ltr'><strong>tur</strong></span> <span class='ocrx_word' id='word_1_207' title='bbox 254 2213 316 2265; x_wconf 89' lang='lat' dir='ltr'><strong>et</strong></span> <span class='ocrx_word' id='word_1_208' title='bbox 347 2223 534 2280; x_wconf 92' lang='lat' dir='ltr'><strong>quum</strong></span> <span class='ocrx_word' id='word_1_209' title='bbox 564 2206 729 2267; x_wconf 91' lang='lat' dir='ltr'><strong>omni</strong></span> <span class='ocrx_word' id='word_1_210' title='bbox 759 2222 970 2267; x_wconf 87' lang='lat' dir='ltr'><strong>carere</strong></span> <span class='ocrx_word' id='word_1_211' title='bbox 1010 2206 1319 2267; x_wconf 87' lang='lat' dir='ltr'><strong>dedecore</strong></span> <span class='ocrx_word' id='word_1_212' title='bbox 1359 2213 1484 2268; x_wconf 89' lang='lat' dir='ltr'><strong>tum</strong></span> <span class='ocrx_word' id='word_1_213' title='bbox 1518 2224 1665 2269; x_wconf 89' lang='lat' dir='ltr'><strong>vero</strong></span> <span class='ocrx_word' id='word_1_214' title='bbox 1709 2207 1781 2268; x_wconf 92' lang='lat' dir='ltr'><strong>iis</strong></span> <span class='ocrx_word' id='word_1_215' title='bbox 1813 2206 1976 2269; x_wconf 91' lang='lat' dir='ltr'><strong>vitiis</strong></span> <span class='ocrx_word' id='word_1_216' title='bbox 1991 2223 2014 2280; x_wconf 85' lang='lat'><strong>,·</strong></span> <span class='ocrx_word' id='word_1_217' title='bbox 2058 2204 2186 2282; x_wconf 89' lang='lat' dir='ltr'><strong>qui·</strong></span> 
     </span>
     <span class='ocr_line' id='line_1_26' title="bbox 119 2287 2182 2367; baseline 0 -18"><span class='ocrx_word' id='word_1_218' title='bbox 119 2290 238 2350; x_wconf 86' lang='lat' dir='ltr'><strong>bus</strong></span> <span class='ocrx_word' id='word_1_219' title='bbox 284 2287 387 2349; x_wconf 89' lang='lat' dir='ltr'><strong>alii</strong></span> <span class='ocrx_word' id='word_1_220' title='bbox 438 2306 562 2350; x_wconf 93' lang='lat' dir='ltr'><strong>non</strong></span> <span class='ocrx_word' id='word_1_221' title='bbox 607 2287 782 2351; x_wconf 75' lang='lat' dir='ltr'><strong>facile</strong></span> <span class='ocrx_word' id='word_1_222' title='bbox 817 2295 1082 2366; x_wconf 86' lang='lat' dir='ltr'><strong>possunt</strong></span> <span class='ocrx_word' id='word_1_223' title='bbox 1126 2288 1448 2351; x_wconf 88' lang='lat' dir='ltr'><strong>obsistere.</strong></span> <span class='ocrx_word' id='word_1_224' title='bbox 1522 2292 1670 2351; x_wconf 85' lang='lat' dir='ltr'><strong>Nam</strong></span> <span class='ocrx_word' id='word_1_225' title='bbox 1714 2300 1775 2353; x_wconf 92' lang='lat' dir='ltr'><strong>et</strong></span> <span class='ocrx_word' id='word_1_226' title='bbox 1817 2292 2182 2367; x_wconf 88' lang='lat' dir='ltr'><strong>voluptates,</strong></span> 
     </span>
     <span class='ocr_line' id='line_1_27' title="bbox 120 2370 2184 2449; baseline 0 -17"><span class='ocrx_word' id='word_1_227' title='bbox 120 2370 560 2433; x_wconf 86' lang='lat' dir='ltr'><strong>blandissimae</strong></span> <span class='ocrx_word' id='word_1_228' title='bbox 602 2372 912 2447; x_wconf 91' lang='lat' dir='ltr'><strong>dominae,</strong></span> <span class='ocrx_word' id='word_1_229' title='bbox 967 2371 1214 2433; x_wconf 90' lang='lat' dir='ltr'><strong>maioris</strong></span> <span class='ocrx_word' id='word_1_230' title='bbox 1257 2373 1443 2449; x_wconf 87' lang='lat' dir='ltr'><strong>partis</strong></span> <span class='ocrx_word' id='word_1_231' title='bbox 1481 2372 1718 2436; x_wconf 91' lang='lat' dir='ltr'><strong>animos</strong></span> <span class='ocrx_word' id='word_1_232' title='bbox 1762 2392 1799 2434; x_wconf 90' lang='lat' dir='ltr'><strong>a</strong></span> <span class='ocrx_word' id='word_1_233' title='bbox 1826 2373 2049 2435; x_wconf 88' lang='lat' dir='ltr'><strong>virtute</strong></span> <span class='ocrx_word' id='word_1_234' title='bbox 2084 2373 2184 2433; x_wconf 90' lang='lat' dir='ltr'><strong>de-</strong></span> 
     </span>
     <span class='ocr_line' id='line_1_28' title="bbox 117 2456 2186 2533; baseline -0.001 -16"><span class='ocrx_word' id='word_1_235' title='bbox 117 2462 417 2531; x_wconf 88' lang='lat' dir='ltr'><strong>torquent</strong></span> <span class='ocrx_word' id='word_1_236' title='bbox 472 2462 558 2528; x_wconf 91' lang='lat' dir='ltr'><strong>et,</strong></span> <span class='ocrx_word' id='word_1_237' title='bbox 629 2456 910 2523; x_wconf 82' lang='lat' dir='ltr'><strong>dolorum</strong></span> <span class='ocrx_word' id='word_1_238' title='bbox 968 2473 1154 2531; x_wconf 89' lang='lat' dir='ltr'><strong>quum</strong></span> <span class='ocrx_word' id='word_1_239' title='bbox 1214 2457 1620 2519; x_wconf 88' lang='lat' dir='ltr'><strong>admoventur</strong></span> <span class='ocrx_word' id='word_1_240' title='bbox 1671 2460 1865 2532; x_wconf 75' lang='lat' dir='ltr'><strong>saceS,</strong></span> <span class='ocrx_word' id='word_1_241' title='bbox 1944 2464 2186 2533; x_wconf 89' lang='lat' dir='ltr'><strong>praeter</strong></span> 
     </span>
     <span class='ocr_line' id='line_1_29' title="bbox 118 2538 2185 2617; baseline -0 -18"><span class='ocrx_word' id='word_1_242' title='bbox 118 2540 375 2599; x_wconf 90' lang='lat' dir='ltr'><strong>modum</strong></span> <span class='ocrx_word' id='word_1_243' title='bbox 406 2538 683 2614; x_wconf 88' lang='lat' dir='ltr'><strong>plerique</strong></span> <span class='ocrx_word' id='word_1_244' title='bbox 720 2545 1131 2600; x_wconf 86' lang='lat' dir='ltr'><strong>exterrentur:</strong></span> <span class='ocrx_word' id='word_1_245' title='bbox 1184 2539 1339 2614; x_wconf 88' lang='lat' dir='ltr'><strong>vita,</strong></span> <span class='ocrx_word' id='word_1_246' title='bbox 1379 2556 1578 2613; x_wconf 88' lang='lat' dir='ltr'><strong>mors,</strong></span> <span class='ocrx_word' id='word_1_247' title='bbox 1615 2539 1889 2613; x_wconf 87' lang='lat' dir='ltr'><strong>divitiae,</strong></span> <span class='ocrx_word' id='word_1_248' title='bbox 1928 2557 2185 2617; x_wconf 87' lang='lat' dir='ltr'><strong>pauper-</strong></span> 
     </span>
     <span class='ocr_line' id='line_1_30' title="bbox 120 2619 2187 2699; baseline -0.001 -16"><span class='ocrx_word' id='word_1_249' title='bbox 120 2629 213 2683; x_wconf 80' lang='lat' dir='ltr'><strong>tas</strong></span> <span class='ocrx_word' id='word_1_250' title='bbox 248 2637 467 2683; x_wconf 92' lang='lat' dir='ltr'><strong>omnes</strong></span> <span class='ocrx_word' id='word_1_251' title='bbox 506 2619 784 2683; x_wconf 87' lang='lat' dir='ltr'><strong>homines</strong></span> <span class='ocrx_word' id='word_1_252' title='bbox 833 2621 1369 2684; x_wconf 88' lang='lat' dir='ltr'><strong>vehementissime</strong></span> <span class='ocrx_word' id='word_1_253' title='bbox 1408 2630 1790 2699; x_wconf 89' lang='lat' dir='ltr'><strong>permovent.</strong></span> <span class='ocrx_word' id='word_1_254' title='bbox 1874 2625 2043 2698; x_wconf 81' lang='lat' dir='ltr'><strong>Quae</strong></span> <span class='ocrx_word' id='word_1_255' title='bbox 2084 2621 2187 2695; x_wconf 89' lang='lat' dir='ltr'><strong>qui</strong></span> 
     </span>
     <span class='ocr_line' id='line_1_31' title="bbox 118 2703 2225 2781; baseline 0 -17"><span class='ocrx_word' id='word_1_256' title='bbox 118 2705 177 2767; x_wconf 89' lang='lat' dir='ltr'><strong>in</strong></span> <span class='ocrx_word' id='word_1_257' title='bbox 222 2711 553 2779; x_wconf 87' lang='lat' dir='ltr'><strong>utramque</strong></span> <span class='ocrx_word' id='word_1_258' title='bbox 604 2712 838 2781; x_wconf 89' lang='lat' dir='ltr'><strong>partem</strong></span> <span class='ocrx_word' id='word_1_259' title='bbox 879 2707 1128 2766; x_wconf 86' lang='lat' dir='ltr'><strong>excelso</strong></span> <span class='ocrx_word' id='word_1_260' title='bbox 1177 2705 1377 2768; x_wconf 91' lang='lat' dir='ltr'><strong>animo</strong></span> <span class='ocrx_word' id='word_1_261' title='bbox 1421 2721 1769 2781; x_wconf 85' lang='lat' dir='ltr'><strong>magnoque</strong></span> <span class='ocrx_word' id='word_1_262' title='bbox 1822 2703 2183 2780; x_wconf 87' lang='lat' dir='ltr'><strong>despiciunt,</strong></span> <span class='ocrx_word' id='word_1_263' title='bbox 2220 2732 2225 2735; x_wconf 45' lang='lat'><strong>⁴</strong></span> 
     </span>
     <span class='ocr_line' id='line_1_32' title="bbox 118 2786 2185 2864; baseline -0 -14"><span class='ocrx_word' id='word_1_264' title='bbox 118 2804 440 2864; x_wconf 89' lang='lat' dir='ltr'><strong>quumque</strong></span> <span class='ocrx_word' id='word_1_265' title='bbox 474 2788 679 2864; x_wconf 88' lang='lat' dir='ltr'><strong>aliqua</strong></span> <span class='ocrx_word' id='word_1_266' title='bbox 705 2786 780 2850; x_wconf 90' lang='lat' dir='ltr'><strong>iis</strong></span> <span class='ocrx_word' id='word_1_267' title='bbox 810 2790 1013 2864; x_wconf 89' lang='lat' dir='ltr'><strong>ampla</strong></span> <span class='ocrx_word' id='word_1_268' title='bbox 1032 2795 1102 2849; x_wconf 45' lang='lat' dir='ltr'><strong>¹et</strong></span> <span class='ocrx_word' id='word_1_269' title='bbox 1130 2789 1390 2851; x_wconf 86' lang='lat' dir='ltr'><strong>honesta</strong></span> <span class='ocrx_word' id='word_1_270' title='bbox 1424 2804 1526 2851; x_wconf 88' lang='lat' dir='ltr'><strong>res</strong></span> <span class='ocrx_word' id='word_1_271' title='bbox 1571 2786 1810 2849; x_wconf 89' lang='lat' dir='ltr'><strong>obiecta</strong></span> <span class='ocrx_word' id='word_1_272' title='bbox 1841 2794 1966 2862; x_wconf 90' lang='lat' dir='ltr'><strong>est,</strong></span> <span class='ocrx_word' id='word_1_273' title='bbox 2017 2795 2185 2850; x_wconf 92' lang='lat' dir='ltr'><strong>totos</strong></span> 
     </span>
     <span class='ocr_line' id='line_1_33' title="bbox 115 2870 2185 2949; baseline 0.002 -18"><span class='ocrx_word' id='word_1_274' title='bbox 115 2873 195 2932; x_wconf 87' lang='lat' dir='ltr'><strong>ad</strong></span> <span class='ocrx_word' id='word_1_275' title='bbox 240 2888 315 2931; x_wconf 91' lang='lat' dir='ltr'><strong>se</strong></span> <span class='ocrx_word' id='word_1_276' title='bbox 357 2870 660 2932; x_wconf 85' lang='lat' dir='ltr'><strong>convertit</strong></span> <span class='ocrx_word' id='word_1_277' title='bbox 699 2877 760 2931; x_wconf 89' lang='lat' dir='ltr'><strong>et</strong></span> <span class='ocrx_word' id='word_1_278' title='bbox 801 2871 984 2949; x_wconf 87' lang='lat' dir='ltr'><strong>rapit:</strong></span> <span class='ocrx_word' id='word_1_279' title='bbox 1043 2879 1168 2932; x_wconf 92' lang='lat' dir='ltr'><strong>tum</strong></span> <span class='ocrx_word' id='word_1_280' title='bbox 1200 2871 1336 2945; x_wconf 90' lang='lat' dir='ltr'><strong>quis</strong></span> <span class='ocrx_word' id='word_1_281' title='bbox 1366 2887 1490 2933; x_wconf 91' lang='lat' dir='ltr'><strong>non</strong></span> <span class='ocrx_word' id='word_1_282' title='bbox 1528 2870 1860 2934; x_wconf 89' lang='lat' dir='ltr'><strong>admiretur</strong></span> <span class='ocrx_word' id='word_1_283' title='bbox 1901 2873 2185 2949; x_wconf 88' lang='lat' dir='ltr'><strong>splendo-</strong></span> 
     </span>
     <span class='ocr_line' id='line_1_34' title="bbox 119 2952 2186 3032; baseline -0.001 -17"><span class='ocrx_word' id='word_1_284' title='bbox 119 2972 247 3016; x_wconf 91' lang='lat' dir='ltr'><strong>rem</strong></span> <span class='ocrx_word' id='word_1_285' title='bbox 274 2952 869 3031; x_wconf 83' lang='lat' dir='ltr'><strong>pulcritudinemque</strong></span> <span class='ocrx_word' id='word_1_286' title='bbox 893 2953 1171 3016; x_wconf 78' lang='lat' dir='ltr'><strong>virtutis?</strong></span> <span class='ocrx_word' id='word_1_287' title='bbox 1254 2957 1353 3017; x_wconf 82' lang='lat' dir='ltr'><strong>XI.</strong></span> <span class='ocrx_word' id='word_1_288' title='bbox 1396 2953 1496 3017; x_wconf 88' lang='lat'><strong>38.</strong></span> <span class='ocrx_word' id='word_1_289' title='bbox 1561 2956 1722 3032; x_wconf 89' lang='lat' dir='ltr'><strong>Ergo</strong></span> <span class='ocrx_word' id='word_1_290' title='bbox 1749 2963 1809 3018; x_wconf 89' lang='lat' dir='ltr'><strong>et</strong></span> <span class='ocrx_word' id='word_1_291' title='bbox 1830 2957 1984 3018; x_wconf 88' lang='lat' dir='ltr'><strong>haee</strong></span> <span class='ocrx_word' id='word_1_292' title='bbox 2006 2955 2186 3017; x_wconf 89' lang='lat' dir='ltr'><strong>animi</strong></span> 
     </span>
     <span class='ocr_line' id='line_1_35' title="bbox 119 3036 2184 3115; baseline -0 -18"><span class='ocrx_word' id='word_1_293' title='bbox 119 3036 523 3115; x_wconf 80' lang='lat' dir='ltr'><strong>despicientia</strong></span> <span class='ocrx_word' id='word_1_294' title='bbox 551 3036 1071 3099; x_wconf 87' lang='lat' dir='ltr'><strong>admirabilitatem</strong></span> <span class='ocrx_word' id='word_1_295' title='bbox 1094 3055 1374 3114; x_wconf 89' lang='lat' dir='ltr'><strong>magnam</strong></span> <span class='ocrx_word' id='word_1_296' title='bbox 1398 3037 1541 3101; x_wconf 76' lang='lat' dir='ltr'><strong>facit</strong></span> <span class='ocrx_word' id='word_1_297' title='bbox 1569 3048 1629 3100; x_wconf 91' lang='lat' dir='ltr'><strong>et</strong></span> <span class='ocrx_word' id='word_1_298' title='bbox 1660 3039 1919 3101; x_wconf 88' lang='lat' dir='ltr'><strong>maxime</strong></span> <span class='ocrx_word' id='word_1_299' title='bbox 1941 3038 2184 3109; x_wconf 87' lang='lat' dir='ltr'><strong>iustitia,</strong></span> 
     </span>
     <span class='ocr_line' id='line_1_36' title="bbox 120 3119 2185 3199; baseline -0.001 -18"><span class='ocrx_word' id='word_1_300' title='bbox 120 3139 196 3183; x_wconf 87' lang='lat' dir='ltr'><strong>ex</strong></span> <span class='ocrx_word' id='word_1_301' title='bbox 219 3137 346 3198; x_wconf 88' lang='lat' dir='ltr'><strong>qua</strong></span> <span class='ocrx_word' id='word_1_302' title='bbox 377 3136 499 3181; x_wconf 91' lang='lat' dir='ltr'><strong>una</strong></span> <span class='ocrx_word' id='word_1_303' title='bbox 528 3119 750 3182; x_wconf 87' lang='lat' dir='ltr'><strong>virtute</strong></span> <span class='ocrx_word' id='word_1_304' title='bbox 781 3120 919 3182; x_wconf 78' lang='lat' dir='ltr'><strong>‘viri</strong></span> <span class='ocrx_word' id='word_1_305' title='bbox 948 3119 1116 3182; x_wconf 88' lang='lat' dir='ltr'><strong>boni’</strong></span> <span class='ocrx_word' id='word_1_306' title='bbox 1148 3123 1562 3199; x_wconf 86' lang='lat' dir='ltr'><strong>appellantur,</strong></span> <span class='ocrx_word' id='word_1_307' title='bbox 1602 3122 1853 3184; x_wconf 89' lang='lat' dir='ltr'><strong>mirifica</strong></span> <span class='ocrx_word' id='word_1_308' title='bbox 1888 3121 2185 3199; x_wconf 89' lang='lat' dir='ltr'><strong>quaedam</strong></span> 
     </span>
     <span class='ocr_line' id='line_1_37' title="bbox 122 3202 2186 3279; baseline -0.002 -14"><span class='ocrx_word' id='word_1_309' title='bbox 122 3202 487 3267; x_wconf 88' lang='lat' dir='ltr'><strong>multitudini</strong></span> <span class='ocrx_word' id='word_1_310' title='bbox 531 3203 800 3279; x_wconf 88' lang='lat' dir='ltr'><strong>videtur,</strong></span> <span class='ocrx_word' id='word_1_311' title='bbox 863 3220 979 3265; x_wconf 87' lang='lat' dir='ltr'><strong>nec</strong></span> <span class='ocrx_word' id='word_1_312' title='bbox 1025 3203 1261 3266; x_wconf 87' lang='lat' dir='ltr'><strong>iniuria.</strong></span> <span class='ocrx_word' id='word_1_313' title='bbox 1348 3206 1537 3267; x_wconf 88' lang='lat' dir='ltr'><strong>Nemo</strong></span> <span class='ocrx_word' id='word_1_314' title='bbox 1585 3205 1744 3267; x_wconf 92' lang='lat' dir='ltr'><strong>enim</strong></span> <span class='ocrx_word' id='word_1_315' title='bbox 1791 3205 1987 3266; x_wconf 87' lang='lat' dir='ltr'><strong>iustus</strong></span> <span class='ocrx_word' id='word_1_316' title='bbox 2043 3217 2186 3264; x_wconf 88' lang='lat' dir='ltr'><strong>esse</strong></span> 
     </span>
     <span class='ocr_line' id='line_1_38' title="bbox 121 3285 2185 3373; baseline -0.003 -23"><span class='ocrx_word' id='word_1_317' title='bbox 121 3296 356 3364; x_wconf 89' lang='lat' dir='ltr'><strong>potest,</strong></span> <span class='ocrx_word' id='word_1_318' title='bbox 390 3286 496 3364; x_wconf 90' lang='lat' dir='ltr'><strong>qui</strong></span> <span class='ocrx_word' id='word_1_319' title='bbox 526 3296 815 3362; x_wconf 89' lang='lat' dir='ltr'><strong>mortem,</strong></span> <span class='ocrx_word' id='word_1_320' title='bbox 850 3287 954 3364; x_wconf 90' lang='lat' dir='ltr'><strong>qui</strong></span> <span class='ocrx_word' id='word_1_321' title='bbox 985 3288 1291 3362; x_wconf 87' lang='lat' dir='ltr'><strong>dolorem,</strong></span> <span class='ocrx_word' id='word_1_322' title='bbox 1326 3287 1428 3363; x_wconf 91' lang='lat' dir='ltr'><strong>qui</strong></span> <span class='ocrx_word' id='word_1_323' title='bbox 1462 3287 1769 3359; x_wconf 87' lang='lat' dir='ltr'><strong>exsilium,</strong></span> <span class='ocrx_word' id='word_1_324' title='bbox 1821 3285 1923 3360; x_wconf 90' lang='lat' dir='ltr'><strong>qui</strong></span> <span class='ocrx_word' id='word_1_325' title='bbox 1951 3293 2185 3373; x_wconf 68' lang='lat' dir='ltr'><strong>egesta3</strong></span> 
     </span>
     <span class='ocr_line' id='line_1_39' title="bbox 118 3365 2187 3448; baseline -0.006 -16"><span class='ocrx_word' id='word_1_326' title='bbox 118 3379 235 3434; x_wconf 87' lang='lat' dir='ltr'><strong>tem</strong></span> <span class='ocrx_word' id='word_1_327' title='bbox 288 3371 460 3433; x_wconf 89' lang='lat' dir='ltr'><strong>timet</strong></span> <span class='ocrx_word' id='word_1_328' title='bbox 508 3378 614 3433; x_wconf 89' lang='lat' dir='ltr'><strong>aut</strong></span> <span class='ocrx_word' id='word_1_329' title='bbox 655 3370 758 3448; x_wconf 92' lang='lat' dir='ltr'><strong>qui</strong></span> <span class='ocrx_word' id='word_1_330' title='bbox 808 3388 913 3445; x_wconf 89' lang='lat' dir='ltr'><strong>ea,</strong></span> <span class='ocrx_word' id='word_1_331' title='bbox 972 3388 1129 3448; x_wconf 89' lang='lat' dir='ltr'><strong>quae</strong></span> <span class='ocrx_word' id='word_1_332' title='bbox 1172 3379 1317 3431; x_wconf 89' lang='lat' dir='ltr'><strong>sunt</strong></span> <span class='ocrx_word' id='word_1_333' title='bbox 1364 3371 1459 3431; x_wconf 91' lang='lat' dir='ltr'><strong>his</strong></span> <span class='ocrx_word' id='word_1_334' title='bbox 1504 3366 1835 3437; x_wconf 90' lang='lat' dir='ltr'><strong>contraria,</strong></span> <span class='ocrx_word' id='word_1_335' title='bbox 1901 3365 2187 3441; x_wconf 65' lang='lat' dir='ltr'><strong>aequitati</strong></span> 
     </span>
    </p>
   </div>
  </div>
 </body>
</html>
