2381 3723
113 160 215 216 ιω
675 147 1081 212 LlBRORUM
1113 114 1631 213 mcERToRUM.
2063 153 2186 217 351

242 302 340 363 lo.
387 302 602 377 ltaque
644 300 705 361 in
755 301 921 364 illum
973 317 1097 363 non
1153 301 1665 377 animadverti-sti,
1728 303 1841 365 sed
1883 306 2187 381 hospitem

112 384 434 463 reliquisti.
506 400 881 467 [Pompeius
914 413 1127 467 gramm.
1180 417 1234 467 p.
1267 402 1389 455 462.
1428 403 1691 464 Lindem.‚
1736 419 1898 472 quem·
1921 407 2085 458 locum
2123 409 2191 458 ad

115 471 221 525 Cic.
261 485 355 538 pro
391 485 515 537 rege
549 469 716 523 Deiot.
755 484 870 537 cap.
911 471 944 521 3
980 478 1109 523 extr.
1147 473 1404 536 pertinere
1437 479 1572 523 recte
1607 474 1735 525 vidit
1771 473 2029 541 Orellius]

114 637 171 687 L·
214 553 343 687 d11.
393 550 693 629 Olympus
740 549 801 611 in
854 551 1218 612 immensum
1274 552 1498 614 editus.
1580 565 1740 635 [idem
1787 569 1916 621 ibid.
1965 587 2018 637 p.
2067 572 2186 627 336.

157 652 211 687 m
249 633 508 779 ε11211Ριό
540 717 1028 792 negotiatoribus
1048 717 1317 779 Achaeis
1348 720 1767 797 syngraphas,
1800 739 1955 799 quas
1979 733 2191 786 nostra

115 805 434 865 voluntate
465 800 972 877 conscripsimus.
1041 817 1318 885 [Nonius
1355 834 1407 884 p.
1439 820 1557 871 225.
1567 820 1587 886 J

258 898 397 959 Quae
445 899 686 965 deinceps
731 900 796 949 ab
841 899 1027 952 Orellio
1065 903 1236 954 adlata
1283 902 1567 969 fragmenta
1611 913 1753 963 eunt,
1817 921 1877 955 ea
1918 907 2192 957 maximam

114 974 313 1036 partem
349 973 436 1017 aut
467 976 702 1035 corrupta
739 977 826 1019 aut
860 969 927 1019 ad
959 965 1088 1021 alios
1116 972 1265 1021 locos
1300 970 1488 1032 relata,
1526 967 1644 1022 fere
1668 972 1964 1023 haec-sunt:

250 1050 348 1112 13.
394 1051 596 1112 Cicero
622 1054 685 1111 in
711 1051 1039 1114 Siciliensi:
1077 1055 1305 1115 Tecum
1332 1060 1499 1114 tuum
1528 1054 1955 1118 conclusisset.
2010 1072 2187 1139 [Aru-

116 1137 348 1185 sianus
382 1134 662 1185 Messius
697 1149 753 1201 p.
791 1134 940 1201 221.J

249 1218 345 1278 14.
390 1218 598 1280 Cicero
641 1221 707 1279 in
745 1219 1070 1281 Siciliensi.-
1132 1221 1278 1281 Cum
1337 1233 1413 1282 eo
1463 1220 1796 1282 coniuncta
1845 1230 1961 1283 est.
2028 1236 2193 1304 [idem

115 1302 246 1356 ibid.
285 1301 549 1368 Lindem,
584 1303 637 1352 in
674 1317 772 1366 quo
801 1303 914 1355 loco
937 1304 1153 1370 intelligi
1175 1303 1279 1359 Cic.
1318 1304 1501 1356 Aecus.
1537 1305 1626 1355 lib.
1661 1307 1724 1356 11.
1748 1320 1862 1372 cap.
1886 1305 2041 1368 68.§.
2063 1305 2173 1359 ‘163

117 1370 474 1495 Ξὲιὶὲἕξὲιιιιὶὲιιιιῗ
506 1386 655 1505 galae:
729 1372 846 1423 oum
873 1375 1063 1437 populo
1099 1374 1237 1424 Rom.
1274 1375 1575 1425 coniunctum
1613 1382 1715 1438 est,
1773 1374 1903 1425 vidit
1938 1376 2039 1425 inm
2073 1375 2199 1442 Lin-

248 1522 345 1582 15.
394 1523 596 1583 Cicero
624 1525 688 1583 in
719 1523 1020 1584 monem.-
1076 1523 1320 1584 Homini
1349 1523 1472 1585 levi
1516 1530 1578 1584 et
1607 1522 1810 1585 subito
1847 1524 2030 1585 filiam
2075 1528 2199 1587 col·

117 1604 388 1755 locaVith]
438 1620 598 1686 [Idem
634 1636 688 1686 p.
726 1622 882 1683 221„
925 1623 1063 1685 quod
1097 1624 1197 1673 iam
1232 1626 1283 1674 in
1330 1624 1514 1692 fragm.
1556 1622 1697 1674 illius
1729 1624 1970 1675 orationis
2002 1626 2202 1690 reposi-

118 1699 228 1739 tum
270 1705 323 1739 es
348 1726 360 1740 .

256 1758 351 1820 16.
402 1758 604 1821 Cicero
633 1760 708 1838 de
732 1761 1072 1835 suppliciss:
1112 1757 1287 1835 Quae
1322 1768 1388 1823 tu
1419 1762 1507 1822 de
1537 1777 1605 1821 re
1643 1760 1888 1836 publica
1916 1762 2200 1822 detraxe-

121 1841 241 1916 ris,
276 1843 345 1903 id
369 1852 480 1917 est,
509 1845 875 1905 imminueris
903 1849 961 1905 el
979 1845 1309 1906 abstuleris.
1344 1860 1508 1928 [Idem
1544 1877 1598 1928 p.
1640 1863 1761 1915 224.
1803 1857 2057 1926 Lindem.]

251 1938 347 2000 17.
397 1941 603 2003 Cicero
633 1958 749 2018 pro
793 1941 1095 2004 Cluentio:
1147 1942 1539 2019 Diffidentem
1575 1940 1761 2004 rebus
1798 1943 1949 2004 suis.
2030 1954 2204 2022 [Idem

119 2041 175 2092 p.
216 2026 338 2076 225.
408 2025 466 2075 Id
502 2026 720 2092 pertinet
757 2026 825 2076 ad
861 2041 933 2076 or.
972 2028 1038 2077 de
1067 2029 1181 2090 imp.
1214 2028 1304 2078 Gn.
1335 2029 1565 2093 Pompeii
1592 2042 1705 2093 cap.
1748 2025 1800 2077 9.
1838 2029 1890 2090 S.
1930 2024 2045 2090 23.]

213 2103 311 2166 18.
358 2106 562 2168 Cicero
607 2108 681 2167 de
713 2110 1056 2183 suppliciis.-
1115 2109 1198 2169 Ut
1240 2115 1466 2169 exeunt
1506 2125 1542 2168 e
1585 2106 1791 2170 Sicilia
1832 2107 2202 2184 praedones.

124 2189 294 2256 [Idem
330 2205 385 2256 p.
424 2191 542 2242 227.
615 2191 673 2241 Id
698 2192 916 2257 pertinet
945 2192 1011 2242 ad
1031 2192 1289 2243 Ciceronis
1309 2192 1493 2243 Accua.
1532 2190 1622 2243 lib.
1659 2193 1725 2248 V.
1759 2207 1871 2258 cap.
1894 2191 1980 2244 38.
1998 2192 2048 2254 S.
2081 2188 2198 2241 100.

114 2265 302 2322 postea
336 2274 365 2308 e
394 2267 546 2322 portu
576 2262 782 2323 piratae
815 2275 913 2309 non
944 2269 1074 2311 metu
1103 2264 1272 2328 aliquo
1302 2263 1517 2328 adfecti,
1555 2261 1650 2313 sed
1668 2263 1901 2313 satietate
1928 2257 2204 2323 exierunt]

256 2340 353 2402 19.
403 2343 605 2404 Cicero
615 2360 736 2419 pro
760 2343 1056 2405 Cluentio:
1104 2344 1668 2422 Quotienscumque
1696 2346 2028 2423 quidquam
2068 2339 2202 2403 eius

122 2424 297 2485 modi
352 2424 611 2487 monstri
658 2434 905 2501 poterat
950 2427 1008 2488 in
1054 2429 1321 2490 animum
1368 2430 1681 2493 inducere.
1794 2446 1929 2496 [dem
1977 2459 2028 2508 p.
2081 2441 2202 2494 235.

121 2507 390 2573 Lindum,
449 2525 578 2573 quae
610 2511 771 2561 verba
806 2513 1039 2573 quamvis
1083 2521 1318 2581 corrupta
1364 2514 1614 2578 pertinere
1660 2515 1727 2565 ad
1820 2515 2088 2564 uen'tianae
2129 2525 2202 2562 or.

121 2591 243 2643 cap.
294 2578 377 2629 15.
431 2581 482 2642 S.
528 2580 614 2631 45.
666 2580 795 2630 vidit
832 2579 1226 2634 Lindemannus.
1301 2581 1620 2648 Quapropter
1667 2594 1831 2648 nuper
1875 2583 2106 2633 Baiterus
2153 2579 2206 2627 in

123 2646 227 2696 hoc
263 2647 374 2698 loco
402 2648 590 2698 edidit:
661 2664 820 2716 neque
858 2648 1025 2716 [enim]
1058 2652 1235 2716 legare
1271 2651 1535 2717 quidquam
1566 2652 1673 2700 eiua
1706 2651 1840 2702 modi
1876 2652 2028 2699 matri
2060 2654 2207 2709 pote-

114 2722 214 2767 ναι
248 2718 456 2766 animum
487 2715 766 2783 inducere.]
1110 2728 1116 2734 “

254 2796 356 2860 20.
402 2799 606 2861 Cicero
640 2803 706 2861 in
733 2801 1036 2869 Pisonem.-
1068 2802 1364 2864 ¹Dedecus
1388 2816 1572 2878 quem
1594 2799 1675 2860 ad
1698 2799 1945 2861 modum
1972 2795 2206 2873 ingres·

124 2900 261 2945 sus·
328 2895 501 2964 [Idem
534 2914 588 2965 p.
622 2899 744 2954 239.
778 2900 1012 2954 Lindem.
1084 2902 1144 2953 Id
1174 2903 1333 2954 multo
1362 2902 1569 2952 uberius
1599 2899 1702 2967 legi
1728 2900 1779 2949 in
1806 2899 1919 2952 cod.
1933 2895 2205 2949 Guelferb.

125 2969 181 3017 in
216 2967 354 3016 hunc
388 2969 622 3019 modum:
661 2970 864 3020 Romam
892 2984 1012 3021 vero
1039 2973 1224 3034 ipsam,
1261 2987 1291 3022 ο
1321 2972 1548 3035 familiae
1577 2985 1674 3021 non
1710 2970 1871 3019 dicam
1903 2968 2211 3031 Calpurniae
2271 2985 2290 2995 -

121 3044 177 3087 et
207 3035 352 3085 lmine
385 3035 546 3098 urbis,
583 3038 680 3099 ced
695 3039 979 3091 Placentini
998 3041 1247 3102 amnia-ipit·
1276 3046 1327 3090 et
1357 3039 1602 3090 bracatae
1637 3038 1943 3105 cognationis
1976 3036 2210 3089 dedecus,

123 3114 269 3171 quem
303 3104 377 3155 ad
398 3106 596 3156 modum
629 3109 888 3174 iuer-escas
915 3117 1021 3173 eet,
1074 3116 1124 3159 et
1155 3109 1411 3174 pertinere
1448 3108 1515 3158 ad
1551 3106 1662 3157 eius
1697 3107 1939 3158 orationis
1967 3118 2080 3168 cap.
2121 3099 2206 3152 23.

120 3174 174 3237 S.
214 3172 301 3226 53.
343 3174 471 3224 vidit
506 3174 930 3243 Lindemannus.]

261 3254 363 3315 21.
411 3257 617 3320 Cicero
660 3261 729 3318 in
771 3259 1217 3332 frumentaria.-
1284 3260 1545 3321 Fundus
1596 3264 1728 3319 erat
1786 3255 2007 3316 colono
2049 3254 2211 3314 loca·

126 3348 281 3488 {uz-5
303 3353 480 3491 Jssdem
527 3371 581 3423 p.
640 3359 761 3412 245.
811 3358 1043 3413 Lindem.
1119 3359 1341 3409 Pertinet
1382 3359 1451 3409 ad
1497 3359 1681 3412 Aecus.
1732 3356 1817 3407 lib.
1853 3350 1939 3406 111.
1974 3367 2088 3420 cap.
2121 3350 2208 3401 22·
