2381 3723
118 154 157 208 9
786 144 946 205 CAP.
977 154 1044 206 6-
1076 181 1079 184 ·
1114 153 1168 208 8.
1215 155 1265 215 §-
1297 156 1560 211 20--26.
2092 152 2209 215 125

116 294 307 356 distis
339 296 605 368 Romae,
654 292 993 371 Diogenem
1022 295 1298 358 Stoicum
1343 299 1547 374 coegit
1587 299 1648 359 in
1691 299 1825 361 suis
1854 301 2073 363 studiis
2108 304 2211 365 ob·

118 385 484 440 mutescere
527 380 858 440 senectus?
900 396 975 439 an
1023 379 1082 440 in
1125 380 1410 442 omnibus
1453 383 1549 444 his
1587 382 1930 445 studiorum
1965 385 2210 462 agitatio

122 462 293 522 vitae
328 461 607 538 aequalis
652 461 805 523 fuit?
892 463 990 522 24
1036 465 1200 539 Age,
1252 473 1321 526 ut
1349 465 1468 526 ista
1497 465 1705 527 divina
1743 468 1947 530 studia
1975 468 2210 530 omitta-

120 561 296 620 muS,
354 560 615 622 possum
647 547 965 607 nominare
1006 563 1085 608 ex
1127 565 1278 623 agro
1309 550 1538 612 Sabino
1585 550 1852 614 rusticos
1891 555 2210 615 Romanos

118 628 370 690 vicinos
402 638 463 691 et
493 629 820 692 familiares
852 648 1055 704 meoS,
1088 631 1311 707 quibus
1343 633 1701 697 absentibus
1732 653 2060 713 numquam
2083 641 2210 699 fere

117 715 247 774 ulla
289 715 354 773 in
386 730 538 790 agro
578 714 816 776 maiora
841 730 1034 792 opera
1068 715 1247 790 fiunt,
1312 733 1431 777 non
1473 718 1784 790 serendis,
1848 738 1971 782 non
2015 721 2207 797 perci-

120 796 404 872 piendis,
435 814 562 860 non
595 799 935 861 condendis
967 799 1287 861 fructibus.
1364 801 1782 878 Quamquam
1766 822 1827 865 in
1850 805 1981 867 aliis
2005 805 2207 868 minus

118 882 246 942 hoc
286 881 509 943 mirum
546 889 672 944 est.
712 899 894 944 nemo
945 882 1105 943 enim
1135 891 1233 944 est
1281 891 1406 945 tam
1451 901 1644 947 senex
1702 888 1805 963 qui
1853 906 1925 950 se
1982 906 2205 951 annum

118 982 248 1025 non
290 973 472 1041 putet
506 982 701 1042 posse
742 967 982 1027 vivere.
1027 968 1141 1028 sed
1188 965 1425 1028 iidem
1409 987 1469 1030 ιη
1514 969 1605 1030 eis
1649 972 1994 1047 elaborant,
2047 988 2207 1047 quae

120 1048 333 1110 sciunt
356 1050 501 1111 nihil
535 1053 613 1111 ad
643 1066 715 1112 se
749 1050 995 1131 omniffo
1029 1050 1366 1128 pertinere:

297 1262 583 1335 Arbore&
625 1278 778 1336 quae
807 1263 987 1322 alteri
1017 1264 1254 1323 saeculo
1275 1192 1558 1338 psrssaeizm’

118 1397 198 1451 ut
217 1385 305 1447 ait
336 1384 576 1448 Statius·
611 1393 827 1448 noster
857 1385 917 1446 in
953 1386 1367 1465 Synephebis.
1423 1388 1557 1450 ‘25.
1602 1390 1729 1451 Nec
1778 1405 1928 1450 vero
1972 1389 2206 1450 dubitat

119 1469 427 1549 agricola,
481 1469 763 1546 quamvis
808 1469 888 1531 sit
930 1487 1153 1544 senex,
1214 1472 1530 1548 quaerenti
1582 1472 1681 1534 cui
1732 1480 1899 1535 serat
1947 1489 2204 1550 respon-

119 1558 306 1617 dere:
380 1553 522 1615 ‘Dis
558 1552 1031 1629 immortalibus,
1087 1554 1192 1630 qui
1226 1570 1325 1617 me
1353 1574 1477 1618 non
1511 1557 1796 1634 accipere
1829 1557 2017 1619 modo
2048 1559 2202 1620 haec

117 1657 156 1702 a
192 1635 535 1699 maioribus
568 1640 925 1712 voluerunt,
977 1639 1090 1699 sed
1123 1638 1302 1700 etiam
1330 1641 1600 1716 posteris
1631 1641 1919 1718 prodere.
1926 1645 1947 1676 ’

245 1748 405 1809 VIII.
449 1747 666 1809 Melius
692 1749 991 1812 Caecilius
1024 1753 1101 1812 de
1132 1770 1284 1814 sene
1306 1755 1479 1815 alteri
1504 1758 1755 1818 saeculo
1781 1755 2202 1833 prospiciente

125 1850 308 1911 quam
339 1832 485 1894 illud
516 1831 708 1895 idem:

289 1949 549 2023 Edepol,
578 1953 873 2020 senectuS,
905 1950 975 2014 ,εἰ
1002 1951 1089 2009 nil
1125 1951 1450 2025 quidquam
1479 1952 1652 2011 aliud
1675 1952 1780 2009 viti

292 2033 584 2108 Apportes
609 2037 826 2106 τεαιηι,
871 2048 1052 2106 quum
1081 2034 1328 2095 advenis
1341 2080 1356 2107 ,
1400 2049 1582 2093 unum
1612 2034 1680 2093 id
1703 2039 1801 2092 sat
1823 2042 1926 2103 est,

293 2117 466 2188 (mod
490 2116 594 2176 diu
621 2116 866 2176 vivendo
893 2118 1080 2177 multa
1107 2133 1264 2192 quae
1290 2133 1409 2177 non
1437 2118 1552 2177 volt
1576 2118 1747 2177 videt.

121 2242 196 2302 Et
239 2243 431 2302 multa
455 2242 732 2302 sor-lasse·
758 2256 918 2316 quae
939 2242 1099 2302 vult!
1160 2248 1346 2316 atque
1372 2239 1432 2300 in
1467 2257 1539 2301 ea
1572 2239 1851 2316 quidem,
1888 2254 2047 2315 quae
2075 2257 2200 2302 non

122 2327 275 2398 mlt,
348 2341 538 2401 saepe
589 2322 767 2385 eliam
820 2324 1240 2387 adolescentia
1288 2323 1557 2386 incurrit.
1632 2324 1787 2385 Illud
1842 2340 1990 2385 vero
2037 2322 2199 2385 idem

122 2407 421 2472 Caecilius
455 2406 767 2469 vitiosius:

295 2521 444 2581 Tum
470 2522 740 2596 equidem
773 2522 838 2581 in
871 2527 1107 2598 senecta
1135 2522 1246 2581 hoc
1275 2520 1489 2596 deputo
1517 2522 1925 2593 miserrimum,

288 2604 522 2666 Sentire
548 2621 622 2665 ea
654 2611 846 2666 aetate
872 2621 999 2665 esse
1023 2621 1086 2665 se
1114 2605 1378 2666 odiosum
1409 2606 1602 2665 alteri.

120 2731 221 2793 26.
267 2729 607 2790 Iucundum
640 2728 850 2805 potius
885 2746 1068 2806 quam
1114 2730 1421 2792 odiosum.
1493 2730 1575 2791 Ut
1604 2726 1765 2788 enim
1795 2725 2177 2789 adolescenti

120 2816 235 2876 bus
287 2814 455 2875 bona
499 2812 708 2875 indole
747 2812 1042 2888 praeditis
1098 2813 1410 2891 sapientes
1466 2829 1650 2875 senes
1696 2811 2078 2872 delectantur
2119 2813 2199 2874 le·

121 2897 382 2973 viorque
435 2896 504 2957 fit
554 2905 848 2959 senectus
898 2914 1146 2971 eorum,
1215 2898 1317 2974 qui
1369 2914 1405 2957 a
1454 2898 1771 2959 iuventute
1801 2897 2086 2959 coluntur
2116 2904 2201 2958 -et

121 2980 488 3059 diliguntur,
531 2980 624 3042 sic
651 2981 1083 3043 adolescentes
1115 2998 1333 3044 senum
1362 2981 1711 3059 praeceptis
1739 2981 2036 3058 gaudent,
2073 2979 2198 3056 qui-

121 3066 233 3127 bus
269 3065 349 3126 ad
400 3063 693 3126 virtutum
745 3064 946 3127 studia
987 3066 1331 3128 ducuntur:
1394 3083 1512 3127 nec
1557 3065 1753 3128 minus
1782 3064 2054 3139 intelligo
2100 3079 2198 3123 me

121 3148 298 3211 vobis
333 3163 519 3225 quam
543 3148 688 3210 mihi
709 3165 827 3211 vos
852 3166 995 3212 esse
1017 3148 1343 3212 iucundos.
1421 3150 1547 3214 Sed
1570 3149 1795 3211 videtis
1818 3156 1886 3210 ut
1908 3152 2197 3208 senectus

121 3250 241 3295 non
286 3233 479 3295 modo
525 3232 816 3311 languida
864 3241 1052 3311 atque
1093 3233 1261 3295 iners
1305 3249 1428 3296 non
1460 3233 1567 3308 sit,
1626 3250 1840 3295 verum
1891 3228 2071 3290 etiam
2119 3228 2198 3290 sit

119 3334 391 3393 operosa
431 3324 493 3378 et
532 3333 782 3395 semper
826 3334 1019 3395 agens
1050 3316 1280 3395 aliquid
1325 3325 1389 3378 et
1438 3283 1722 3386 mol’ienS‚
1778 3315 1901 3373 tale
1943 3310 2195 3382 scilicet,

121 3402 299 3478 quale
349 3399 652 3479 cuiusque
695 3401 963 3464 studium
997 3401 1056 3462 in
1110 3401 1430 3478 superiore
1466 3400 1607 3459 vita
1633 3396 1761 3459 fuit.
1831 3393 2028 3469 Quid?
2093 3389 2194 3465 qui
