2381 3723
149 131 270 197 ως
955 121 1057 181 DE
1101 121 1418 195 omens

147 281 386 350 virmtis
420 281 679 349 inimica.
766 285 864 343 Ac
903 281 981 347 de
1017 278 1341 356 prudentia
1386 279 1662 363 quidem,
1722 295 1904 343 ouum
1934 279 2064 343 vult
2086 275 2219 340 imi-

148 365 261 431 tari
301 366 555 441 malitia,
613 364 884 441 itemque
927 365 1009 426 de
1070 362 1329 439 iustitia,
1388 379 1552 441 quae
1604 377 1852 438 semper
1893 369 1990 425 est
2029 361 2214 438 utilis,

147 450 517 526 disputatum
569 456 689 513 est.
785 448 1079 524 Reliquae
1142 460 1290 511 sunt
1358 444 1516 511 duae
1582 456 1791 522 partes
1853 444 2216 521 honestatis,

148 549 405 607 quarum
438 535 632 593 altera
663 531 723 593 in
752 531 935 597 animi
971 530 1334 595 excellentis
1367 527 1793 607 magnitudine,
1812 538 1873 597 et
1903 537 2215 605 praestan·

147 617 228 685 tia
258 616 553 690 cernitur,
603 618 797 679 altera
841 614 901 677 in
942 615 1430 679 conformatione
1460 621 1531 675 et
1567 613 1991 681 moderatione
2025 614 2215 674 conti-

146 699 385 765 nentiae
428 705 491 761 et
523 697 986 775 temperantiae.

267 817 481 877 XXVI.
538 816 641 876 97.
728 814 889 878 Utile
940 815 1262 876 videbatur
1313 813 1500 890 Ulixi,
1562 823 1630 875 ut
1684 814 1934 890 quidem
1992 818 2219 890 poetae

149 899 358 977 tragici
389 898 794 979 prodiderunt
823 934 909 946 --
943 917 1083 981 nam
1116 899 1284 977 apud
1318 900 1651 963 Homerum
1688 897 2220 975 optimumaucto·

146 999 272 1057 rem
333 982 471 1045 talis
528 984 607 1044 de
657 983 836 1044 Ulixe
887 985 1051 1049 nulla
1100 981 1376 1059 suspicio
1409 988 1508 1045 est
1540 1015 1641 1054 --‚
1699 982 1812 1043 sed
1864 980 2219 1045 insimulant

145 1082 283 1129 eum
329 1065 687 1145 tragoediae
729 1067 1112 1131 simulatione
1148 1063 1424 1131 insaniae
1473 1063 1740 1129 militiam
1786 1065 2217 1140 subterfugere

146 1149 440 1213 voluisse.
525 1151 659 1212 Non
697 1152 1022 1214 honestum
1058 1149 1401 1215 consilium.
1488 1150 1605 1211 ‘At
1645 1148 1844 1229 utile’,
1898 1155 1965 1213 ut
1995 1147 2217 1224 aliquis

147 1234 411 1299 fortasse
461 1233 711 1308 dixerit,
770 1240 1065 1313 ‘regnare
1124 1242 1186 1296 et
1248 1234 1492 1297 Ithacae
1548 1230 1759 1297 vivere
1817 1232 2018 1295 otiose
2076 1248 2217 1293 cum

143 1318 529 1391 parentibus,
587 1334 724 1378 cum
794 1335 1019 1390 uxore,
1082 1333 1221 1381 cum
1280 1316 1426 1381 filio.
1514 1316 1716 1381 Ullum
1775 1324 1843 1376 tu
1903 1315 2097 1377 decus
2153 1314 2219 1376 in

145 1398 464 1461 cotidianis
506 1399 817 1465 laboribus
853 1409 915 1462 et
945 1399 1231 1476 periculis
1274 1402 1412 1464 cuni
1452 1400 1569 1461 hac
1603 1397 2037 1476 tranquillitate
2072 1415 2216 1460 con-

145 1482 462 1547 ferendum
512 1484 765 1558 putas‘l’
860 1483 993 1558 Ego
1043 1500 1194 1547 vero
1236 1483 1419 1545 istam
1465 1484 1975 1549 contemnendam
2018 1490 2081 1542 et
2112 1483 2219 1542 ab·

142 1562 492 1638 iiciendam,
552 1565 841 1644 quoniam
905 1580 1067 1643 quae
1097 1566 1372 1639 honesta
1415 1566 1660 1629 nonsit
1700 1583 1778 1628 ne
1827 1565 2036 1628 utilem
2082 1566 2214 1643 qui-

144 1648 283 1708 dem
327 1663 469 1710 esse
513 1647 794 1713 arbitror.
882 1647 985 1712 98.
1032 1649 1189 1725 Quid
1230 1649 1390 1715 enim
1420 1648 1766 1727 auditurum
1804 1657 1985 1726 putas
2020 1648 2223 1737 fuisse

145 1731 407 1803 Ulixem,
455 1729 511 1791 si
554 1731 613 1791 in
663 1730 763 1795 illu
789 1733 1178 1799 simulatione
1225 1733 1794 1813 perseveravisset?
1850 1732 1972 1809 qui,
2026 1738 2220 1808 quum

144 1813 438 1878 maximas
468 1830 570 1896 res
604 1815 866 1892 gesserit
895 1815 952 1878 in
986 1817 1178 1892 bell0,
1227 1826 1425 1880 tamen
1456 1817 1609 1879 haec
1636 1816 1844 1883 audiat
1883 1817 1958 1880 ab
1989 1816 2210 1880 Aiace:

314 1969 491 2029 Cuius
522 1972 649 2048 ipse
671 1972 953 2047 princeps
982 1973 1130 2036 iuris
1161 1972 1412 2032 iurandi
1432 1971 1572 2045 suit,

310 2053 483 2123 Quod
506 2070 705 2120 omnes
730 2057 920 2127 scitis,
963 2057 1121 2116 solus
1148 2057 1410 2130 neylexit
1433 2056 1633 2128 fidem.

307 2137 539 2198 Furere
565 2138 970 2212 adsimulavit,
1016 2155 1093 2199 ne
1119 2141 1329 2210 coiret,
1372 2141 1592 2201 institit.

312 2218 483 2290 Quod
506 2222 575 2279 ni
598 2221 911 2290 Palamedi
931 2225 1266 2299 perspicax
1283 2222 1610 2302 prudentia
1648 2287 1651 2290 ,

307 2302 488 2380 Istius
514 2310 825 2378 percepset
850 2306 1201 2366 malitiosam
1234 2308 1505 2368 astutiam
1522 2326 1541 2365 .·

305 2384 459 2464 Fide
487 2393 766 2448 sacratae
781 2388 885 2447 ius
903 2396 1198 2466 perpetuo
1220 2388 1488 2470 falleret.

141 2533 242 2595 99.
288 2535 375 2595 Illi
428 2553 579 2598 vero
631 2554 756 2599 non
809 2541 993 2604 modo
1043 2557 1180 2601 cum
1231 2540 1542 2614 hostibus,
1595 2560 1806 2603 verum
1848 2541 2028 2603 etiam
2072 2559 2216 2604 cum

115 2617 458 2694 dumibus,
512 2620 576 2680 id
616 2623 786 2698 qnod
827 2622 995 2698 fecit,
1056 2623 1346 2689 dimicare
1395 2626 1612 2690 melius
1664 2627 1774 2687 fuit
1816 2642 1997 2702 quam
2040 2626 2216 2686 dese·

140 2719 276 2765 rere
320 2704 805 2768 consentientem
852 2706 1167 2772 Graeciam
1221 2710 1300 2768 ad
1348 2709 1575 2770 bellum
1626 2709 1901 2772 barbaris
1952 2709 2213 2770 inferen-

145 2788 310 2848 dum.
400 2788 525 2850 Sed
559 2789 909 2857 omittamus
940 2798 1001 2851 et
1032 2791 1268 2853 fabulas
1299 2800 1361 2852 et
1391 2802 1675 2855 externa:
1719 2793 1797 2853 ad
1829 2810 1959 2854 rem
1991 2794 2216 2853 factam

142 2878 541 2951 nostramque
590 2874 929 2937 veniamus.
1017 2876 1097 2935 M.
1159 2875 1381 2937 Atilius
1412 2877 1716 2953 Regnum,
1776 2894 1963 2953 quum
1996 2877 2215 2938 consul

139 2952 357 3014 ilerum
406 2953 464 3013 in
506 2954 718 3020 Africa
763 2975 841 3018 ex
893 2956 1128 3020 insidiis
1176 2961 1396 3035 captus
1439 2969 1609 3022 essct
1660 2962 1819 3021 duce
1858 2959 2214 3040 Xanthippo

139 3036 664 3114 Lacedaemonio,
717 3041 1092 3118 imperatore
1136 3053 1335 3105 autem
1371 3052 1556 3123 ,patre
1590 3044 1945 3122 Hannibalis
1993 3043 2212 3103 Hamil-

142 3137 314 3187 care,
345 3120 577 3183 iuratus
610 3126 836 3186 missus
867 3133 965 3186 est
993 3127 1070 3186 ad
1102 3135 1415 3202 senatum,
1461 3137 1557 3201 ut,
1599 3126 1718 3189 nisi
1749 3127 1972 3190 redditi
2003 3133 2215 3187 essent

138 3202 362 3270 Poenis
408 3204 635 3284 captivi
681 3207 922 3280 nobiles
972 3210 1249 3288 quidam,
1311 3210 1543 3292 rediret
1578 3212 1714 3290 ipse
1756 3209 2210 3294 Karthaginem.

141 3279 191 3341 ls
255 3303 443 3359 quum
487 3287 744 3354 Romam
772 3291 1078 3365 venisset,
1129 3292 1399 3360 utilitatis
1441 3297 1714 3370 speciem
1764 3295 2036 3370 videbat,
2094 3293 2210 3353 sed

139 3382 309 3441 eam,
369 3379 436 3428 ut
484 3387 584 3436 res
635 3372 1213 3450 declarat‚‚salsam
1262 3376 1581 3440 iudicavit:
1656 3396 1816 3460 quae
1864 3386 1994 3441 erat
2042 3374 2210 3437 talis:

135 3593 296 3613 A—
