2381 3723
107 115 172 165 ‘zl
894 104 1395 167 FRAGMENTA.
2050 105 2131 169 21
2141 106 2172 168 l

109 251 324 330 privati
385 252 621 326 dicunt,
681 255 824 316 dum
882 296 1324 316 ...........
1379 256 1521 317 dum
1588 255 1818 317 cistella
1877 258 2175 329 defertur,

108 337 251 396 dum
283 344 626 412 aequantur
653 346 887 410 sortes,
944 338 1088 399 dum
1127 337 1367 398 sortitio
1401 340 1498 412 fit,
1554 347 1615 399 et
1644 340 1696 399 si
1731 357 1853 415 qua
1886 346 2031 400 sunt
2062 339 2176 399 alia

106 420 285 480 huius
323 420 586 495 generis·
668 495 673 498 x

940 556 1148 595 PAULLo
1190 556 1346 595 Posr.
1414 550 1417 553 ’

236 631 334 690 14.
378 632 578 692 Unum
611 637 846 705 tamen,
898 634 1064 709 quod
1106 634 1226 694 hoc
1250 633 1389 708 ipso
1430 633 1676 695 tribuno
1714 631 1911 709 plebis
1954 635 2177 695 factum

107 725 237 787 est,
269 713 871 791 praetermittendum
905 733 1028 778 non
1075 715 1332 777 videtur.
1405 718 1618 792 Neque
1654 717 1813 777 enim
1849 718 2043 779 maius
2086 724 2181 777 est

105 803 314 875 legere
352 798 659 872 codicem,
718 817 904 874 quum
946 799 1391 874 intercedatur,
1444 818 1623 876 quam
1672 800 1928 862 sitellam
1981 799 2179 877 ipsam

109 900 249 943 cum
301 880 438 957 ipso
480 882 895 943 intercessore
945 883 1186 944 deferre
1229 900 1345 944 nec
1400 884 1649 960 gravius
1706 882 1975 960 incipere
2022 886 2178 943 ferre

109 982 294 1041 quam
327 967 597 1041 perferre
624 982 739 1026 nec
768 966 1190 1027 vehementius
1228 970 1557 1028 ostendere
1589 984 1659 1027 se
1693 970 1949 1027 laturum
1989 967 2177 1026 invito

109 1051 349 1124 collega
391 1065 572 1124 quam
623 1048 743 1124 ipsi
783 1051 1058 1126 collegae
1111 1051 1529 1126 magistratum
1571 1052 1871 1126 abrogare
1912 1068 2026 1110 nec
2073 1050 2180 1110 cri-

111 1132 411 1193 minosius
455 1132 650 1193 tribus
697 1133 775 1192 ad
816 1134 1012 1209 legem
1066 1134 1485 1209 accipiendam
1532 1151 1714 1210 quam
1763 1135 1839 1193 ad
1883 1137 2178 1209 collegam

109 1216 489 1277 reddendum
543 1216 843 1292 privatum
893 1217 1052 1277 intro
1108 1234 1367 1279 vocare:
1441 1235 1600 1293 quae
1628 1218 1723 1278 vir
1773 1218 1945 1279 fortis
2003 1217 2179 1277 huius

110 1300 351 1374 collega
373 1301 571 1360 Aulus
597 1300 886 1361 Gabinius
916 1301 973 1360 in
1002 1318 1069 1361 re
1096 1303 1324 1377 optima
1350 1302 1492 1362 fecit
1514 1303 1733 1375 omnia,
1765 1318 1968 1377 neque
1994 1317 2178 1376 quum

109 1386 370 1446 salutem
404 1385 634 1460 populo
663 1385 942 1454 Romano
977 1392 1162 1459 atque
1198 1385 1480 1446 omnibus
1522 1385 1807 1461 gentibus
1839 1385 2021 1445 finem
2055 1383 2157 1442 diu

113 1476 328 1527 turnae
361 1466 776 1545 [cupiditatis]
821 1467 1209 1543 turpitudinis
1249 1476 1311 1529 et
1352 1469 1661 1531 servitutis
1693 1471 1991 1539 adferret,
2042 1482 2180 1541 pas-

112 1568 224 1611 sus
279 1559 375 1610 est
417 1552 557 1626 plus
615 1550 797 1611 unius
851 1553 1123 1626 collegae
1175 1550 1273 1613 sui
1322 1570 1503 1628 quam
1548 1552 1876 1614 universae
1922 1549 2178 1611 civitatis

114 1649 332 1695 vocem
371 1636 576 1694 valere
605 1642 665 1693 et
692 1635 1091 1715 voluntatem.

245 1731 341 1791 15.
376 1734 461 1791 At
490 1731 647 1792 enim
679 1732 757 1792 de
793 1733 1158 1809 corrigenda
1190 1735 1326 1809 lege
1361 1736 1741 1795 rettulerunt.

249 1832 342 1894 16.
385 1831 605 1908 Iidem,
657 1832 774 1896 nisi
809 1835 960 1895 haec
989 1834 1125 1911 ipsa
1153 1836 1284 1908 lex,
1340 1851 1520 1910 quam
1570 1836 1631 1895 C.
1685 1833 2001 1896 Cornelius
2031 1834 2179 1908 tulit,

117 1916 484 1992 obstitisset,
518 1914 941 1979 decrevissent
972 1917 1064 1990 id,
1103 1919 1270 1994 quod
1304 1921 1504 1994 palam
1541 1918 1657 1977 iam
1689 1917 1791 1978 isti
1820 1919 2182 1979 defensores

115 1999 478 2062 iudiciorum
510 2008 960 2077 pugnaverunt,
992 2002 1233 2062 senatui
1264 2019 1386 2062 non
1420 2003 1666 2079 placere
1696 2001 1758 2059 id
1787 1999 2073 2063 iudicium
2106 2002 2184 2062 de

117 2083 324 2145 Sullae
364 2085 544 2146 bonis
590 2085 742 2145 fieri.
813 2085 1005 2161 Quam
1048 2101 1164 2159 ego
1211 2101 1456 2147 causam
1500 2087 1684 2159 longe
1727 2083 1901 2144 aliter
1941 2094 2186 2162 praetor

114 2167 178 2228 in
218 2169 504 2229 contione
552 2167 824 2242 defendi,
881 2183 1066 2243 quum
1096 2168 1158 2227 id
1189 2166 1485 2242 dicerem,
1543 2169 1709 2244 quod
1751 2168 1911 2229 idem
1949 2169 2182 2229 iudices

118 2257 341 2327 postea
371 2258 740 2326 statuerunt,
772 2251 1058 2313 iudicium
1085 2250 1377 2326 aequiore
1404 2262 1681 2330 tempore
1712 2252 1843 2312 fieri
1876 2261 2182 2328 oportere.

1046 2384 1260 2424 STATIM.
1348 2386 1352 2391 '

250 2461 347 2520 17.
393 2462 595 2519 Antea
637 2477 785 2520 vero
840 2478 1023 2536 quam
1066 2463 1388 2522 multarum
1430 2477 1630 2520 rerum
1681 2459 1903 2520 iudicia
1949 2461 2187 2521 sublata

119 2545 270 2617 sint,
299 2549 362 2603 et
390 2542 530 2618 quia
560 2542 759 2616 scitis,
792 2552 1144 2620 praetereo,
1181 2550 1244 2604 et
1272 2561 1349 2602 ne
1380 2558 1562 2617 quem
1583 2542 1645 2600 in
1673 2541 1957 2602 iudicium
1992 2544 2183 2604 oratio

117 2643 255 2688 mea
286 2642 584 2688 revocare
611 2626 913 2687 videatur.

946 2758 1152 2797 PAULLO
1195 2758 1262 2796 Po
1270 2758 1347 2796 S‘r.

255 2832 347 2896 18.
407 2836 540 2895 Non
601 2835 707 2896 Cn.
766 2835 1082 2896 Dolabella
1148 2835 1211 2894 C.
1260 2832 1634 2906 Volcatium,
1690 2829 2187 2893 honestissimum

125 2921 353 2991 virum,
401 2918 707 2979 communi
738 2926 800 2979 et
831 2919 1188 2995 quotidiano
1221 2916 1357 2991 iure>
1383 2916 1709 2992 privasset.

242 3002 376 3062 Non
428 3001 695 3078 denique
742 3003 925 3064 homo
975 3003 1215 3064 illorum
1265 3008 1327 3061 et
1372 2999 1497 3060 vita
1536 3005 1599 3059 et
1639 2996 1960 3076 prudentia
2006 3000 2190 3071 longe

121 3083 464 3159 dissimilis,
509 3086 621 3146 sed
655 3093 856 3147 tamen
888 3085 1065 3147 nimis
1093 3085 1153 3145 in
1186 3083 1586 3159 gratificando
1619 3082 1751 3144 iure
1780 3082 1962 3152 liber,
2005 3082 2067 3142 L.
2102 3079 2187 3138 Si-

121 3184 335 3242 senna,
391 3169 691 3230 bonorum
734 3170 837 3230 Cn.
882 3168 1140 3231 Cornelii
1192 3166 1655 3244 possessionem
1701 3182 1779 3226 ex
1815 3163 2016 3224 edicto
2073 3180 2187 3224 suo

117 3252 185 3312 P.
231 3251 532 3327 Scipioni,
582 3253 959 3315 adolescenti
1010 3264 1248 3313 summa
1308 3249 1645 3321 nobilitate,
1700 3245 1921 3307 eximia
1970 3246 2189 3307 virtute

123 3335 432 3410 praedito,
471 3342 642 3410 [non]
678 3337 970 3399 dedisset.
1655 3413 1777 3472 14*

2335 1081 2381 1099 l
2335 875 2381 1051 11)ssss
2339 671 2381 856 nlr'fl

2346 2339 2381 2506 su»-
2340 1803 2381 2283 manusnotat
2339 1636 2381 1733 ΙΗ-
2332 1151 2381 1573 M‘f’ulr‘jstn‘
