2381 3723
107 91 183 152 18
921 94 1019 152 DE
1055 92 1150 152 OF
1152 92 1198 151 F
1203 93 1374 152 ICIIS

106 243 273 318 viae,
304 247 502 320 leges,
530 243 693 317 iura,
728 243 979 317 iudicia,
1016 242 1331 318 suffragia,
1360 241 1843 304 consuetudines
1868 253 2192 320 praeterea

105 336 166 387 et
211 326 650 388 familiaritates
682 327 1009 401 multisque
1049 343 1186 386 cum
1219 326 1423 387 multis
1465 343 1567 387 res
1598 325 1997 401 rationesque
2040 344 2163 388 con

105 418 356 472 tractae.
428 410 638 472 Artior
666 427 817 472 vero
851 410 1158 485 colligatio
1192 419 1289 471 est
1318 409 1633 471 societatis
1664 409 2190 486 propinquorum:

105 496 181 555 ab
218 494 320 555 illa
350 493 510 554 enim
539 494 839 554 immensa
882 493 1181 555 societate
1227 492 1476 554 humani
1513 492 1758 567 generis
1794 493 1854 553 in
1897 493 2191 570 exiguum

105 585 562 654 angustumque
608 574 1011 638 concluditur.
1100 578 1202 637 54.
1245 579 1394 637 Nam
1439 594 1626 652 quum
1680 576 1759 637 sit
1806 578 1930 637 hoc
1970 584 2191 640 natura

106 678 433 722 commune
492 661 918 734 animantium,
983 668 1050 722 ut
1102 661 1366 722 habeant
1432 660 1740 721 libidinem
1798 662 2189 737 procreandi,

103 744 593 821 prima'societas
616 744 673 804 in
699 744 837 820 ipso
864 743 1147 820 coniugio
1174 753 1293 818 est,
1328 745 1608 821 proxima
1629 744 1686 803 in
1713 744 1939 818 liberis,
1966 744 2194 805 deinde

103 846 226 889 una
264 829 536 902 domus,
596 827 943 890 communia
996 827 1218 889 omnia.
1307 829 1374 888 Id
1427 836 1630 889 autem
1680 836 1777 890 est
1823 828 2194 906 principium

102 913 273 973 urbis
333 920 394 973 et
447 912 625 988 quasi
674 912 1065 973 seminarium
1124 911 1214 972 rei
1278 912 1575 987 publicae.
1666 911 2022 987 Sequuntur
2072 915 2192 972 fra·

104 1005 261 1057 trum
317 995 817 1071 coniunctioneS,
883 1004 1028 1072 post
1079 996 1593 1058 consobrinorum
1649 995 2188 1072 sobrinorumque,

106 1080 209 1156 qui
253 1097 442 1155 quum
479 1097 606 1142 una
640 1081 828 1142 domo
856 1079 977 1140 iam
1013 1080 1150 1155 capi
1182 1097 1304 1141 non
1344 1079 1615 1156 possint,
1679 1078 1739 1140 in
1777 1078 1928 1142 alias
1960 1080 2188 1142 domos

104 1172 416 1240 tamquam
450 1166 510 1225 in
536 1164 813 1227 colonias
848 1171 1094 1225 exeunt.
1169 1164 1523 1238 Sequuntur
1546 1163 1853 1224 connubia
1883 1173 1945 1225 et
1972 1164 2190 1225 adfini-

102 1255 291 1322 tates,
345 1265 424 1308 ex
461 1249 685 1324 quibus
715 1249 894 1309 etiam
942 1250 1150 1324 plures
1189 1249 1543 1325 propinqui.
1610 1248 1778 1321 Quae
1817 1248 2187 1325 propagatio

100 1338 164 1392 et
209 1333 463 1393 suboles
500 1332 673 1409 origo
723 1339 818 1393 est
865 1349 1070 1392 rerum
1113 1331 1511 1407 publicarum.
1591 1332 1921 1408 Sanguinis
1976 1343 2181 1394 autem

101 1415 457 1477 coniunctio
483 1415 918 1476 benevolentia
944 1415 1215 1477 devincit
1234 1416 1517 1478 homines
1541 1426 1601 1476 et
1623 1414 1892 1476 caritate.
1932 1417 2035 1477 55.
2060 1418 2185 1476 Ma·

100 1515 288 1574 gnum
321 1506 418 1559 est
451 1497 612 1559 enim
647 1500 865 1559 eadem
900 1500 1130 1561 habere
1157 1508 1554 1561 monumenta
1581 1499 1908 1575 maiorum,
1947 1498 2183 1561 eisdem

99 1581 188 1642 uti
220 1581 450 1654 sacriS‚
502 1585 791 1659 sepulcra
822 1583 1053 1644 habere
1088 1584 1455 1646 communia.
1533 1584 1656 1644 Sed
1688 1584 1957 1647 omnium
1985 1583 2185 1645 socic-

102 1672 289 1726 tatum
326 1667 493 1726 nulla
527 1665 936 1742 praestantior
971 1675 1095 1742 est,
1132 1669 1299 1728 nulla
1328 1667 1587 1741 firmior,
1633 1685 1817 1743 quam
1850 1685 2035 1744 quum
2065 1667 2182 1728 viri

101 1749 244 1809 boni
305 1748 579 1810 moribus
638 1748 868 1811 similes
929 1758 1076 1812 sunt
1140 1751 1541 1812 familiaritate
1607 1752 1935 1813 coniuncti.
2023 1753 2182 1811 lllud

99 1832 256 1895 enim
289 1834 651 1908 honestum,
696 1835 864 1910 quod
895 1851 1085 1911 saepe
1108 1835 1365 1897 dicimus
1385 1883 1400 1909 ,
1440 1836 1620 1898 etiam
1649 1835 1702 1898 si
1741 1836 1801 1897 in
1837 1836 1954 1898 alio
1988 1837 2181 1897 cerni-

98 1934 265 1991 mus,
299 1925 503 1980 tamen
539 1937 654 1981 nos
685 1926 896 1981 movet
937 1928 1122 1995 atque
1151 1919 1260 1994 illi,
1305 1920 1362 1981 in
1398 1939 1519 1997 quo
1565 1921 1626 1982 id
1669 1921 1876 1983 inesse
1914 1920 2178 1995 videtur,

97 2001 332 2065 amicos
385 2002 544 2064 facit.
633 2004 735 2065 56.
778 2005 855 2063 Et
900 2021 1271 2080 quamquam
1322 2004 1519 2065 omnis
1566 2004 1761 2067 virtus
1808 2015 1937 2067 nos·
1978 2005 2058 2065 ad
2109 2023 2182 2065 se

97 2086 306 2148 adlicit
357 2087 624 2163 facitque
666 2095 735 2148 ut
772 2104 885 2149 eos
912 2087 1265 2165 diligamus,
1319 2088 1378 2149 in
1417 2089 1638 2165 quibus
1682 2089 1820 2166 ipsa
1850 2091 2058 2151 inesse
2092 2090 2181 2149 vi-

98 2170 346 2243 deatur,
393 2179 598 2231 tamen
630 2170 860 2231 iustitia
889 2180 959 2232 et·
982 2172 1312 2234 liberalitas
1351 2173 1415 2234 id
1447 2173 1711 2235 maxime
1744 2174 1948 2235 efficit.
2022 2173 2180 2234 Nihil

94 2259 297 2314 autem
331 2260 429 2314 est
470 2252 789 2314 amabilius
821 2271 936 2315 nec
966 2257 1313 2331 copulatius
1356 2274 1536 2332 quam
1571 2275 1811 2320 morum
1841 2257 2180 2320 similitudo

94 2338 420 2398 bonorum.
492 2339 557 2397 In
584 2336 808 2413 quibus
837 2338 994 2398 enim
1020 2342 1235 2402 eadem
1262 2341 1466 2402 studia
1487 2351 1648 2415 sunt,
1681 2344 1935 2414 eaedem
1960 2343 2182 2403 volun·

93 2427 284 2492 tateS,
317 2419 376 2480 in
406 2419 481 2481 iis
515 2422 581 2481 fit
612 2428 678 2481 ut
708 2438 910 2496 aeque
938 2423 1201 2498 quisque
1223 2428 1417 2486 altero
1449 2428 1790 2487 delectetur
1819 2444 1891 2487 ac
1914 2443 1984 2487 se
2013 2428 2180 2503 ipso,

93 2502 482 2579 efficiturque
510 2504 604 2577 id,
645 2507 814 2581 quod
844 2506 1227 2584 Pythagoras
1248 2508 1521 2571 ultimum
1550 2511 1607 2571 in
1634 2510 1894 2572 amicitia
1918 2510 2178 2588 putavit,

93 2593 161 2647 ut
187 2606 349 2649 unus
374 2590 482 2649 fiat
520 2605 599 2650 ex
636 2588 934 2665 pluribus.
1007 2593 1229 2668 Magna
1273 2593 1452 2655 etiam
1495 2594 1596 2655 illa
1622 2594 2025 2656 communitas
2057 2602 2178 2667 est,

93 2688 254 2746 quae
285 2673 607 2735 conficitur
638 2691 715 2735 ex
744 2674 1062 2736 beneficiis
1094 2679 1253 2739 ultro
1287 2685 1349 2739 et
1379 2678 1531 2741 citro
1564 2678 1723 2740 datis
1754 2678 2177 2755 acceptisque,

93 2772 251 2831 quae
274 2764 336 2817 et
358 2766 570 2818 mutua
593 2766 656 2819 et
672 2766 847 2834 grata
867 2760 1012 2820 dum
1039 2769 1201 2833 sunt,
1226 2760 1384 2822 inter
1408 2780 1565 2838 quos
1592 2781 1666 2823 ea
1704 2771 1851 2824 sunt
1871 2764 2045 2823 firrna
2068 2763 2179 2822 de·

92 2838 441 2901 vinciuntur
469 2840 786 2903 societate.
876 2844 977 2904 57.
1024 2846 1147 2904 Sed
1185 2863 1371 2920 quum
1415 2846 1621 2908 omnia
1663 2846 1901 2909 ratione
1944 2846 2178 2907 animo·

90 2940 212 2998 que
248 2925 560 2998 lustrariS,
616 2926 883 2987 omnium
927 2927 1287 2990 societatum
1326 2932 1490 2991 nulla
1535 2940 1630 2992 est
1669 2931 1949 3007 gravior,
2007 2931 2177 2991 nulla

88 3006 293 3069 carior
318 3025 500 3082 quam
525 3025 618 3081 ea,
653 3027 812 3084 quae
837 3027 974 3071 cum
997 3029 1064 3072 re
1089 3013 1335 3089 publica
1365 3023 1462 3076 est
1482 3015 1589 3076 uni
1619 3014 1843 3090 cuique
1872 3017 2170 3076 nostrum.

89 3091 221 3151 Cari
269 3099 414 3153 sunt
452 3101 772 3170 parentes,
840 3095 965 3155 cari
1005 3096 1199 3170 liberi,
1256 3098 1615 3176 propinqui,
1668 3098 2012 3172 familiareS‚
2056 3100 2176 3159 sed

86 3192 307 3237 omnes
345 3174 615 3237 omnium
649 3178 933 3239 caritates
967 3179 1162 3256 patria
1202 3199 1326 3243 una
1364 3186 1688 3260 complexa
1727 3192 1853 3258 est,
1903 3199 2015 3260 pro
2048 3200 2175 3257 qua

90 3259 227 3334 quis
257 3260 461 3321 bonus
497 3260 731 3322 dubitet
761 3270 1020 3323 mortem
1064 3273 1398 3341 oppetere,
1450 3267 1504 3329 si
1546 3268 1602 3328 ei
1646 3267 1729 3328 sit
1768 3269 2176 3345 profuturus?

88 3342 220 3416 Quo
250 3349 347 3403 est
378 3344 803 3406 detestabilior
829 3343 1089 3408 istorum
1112 3348 1477 3424 immanitas,
1510 3351 1613 3430 qui
1638 3354 1981 3413 lacerarunt
2002 3350 2170 3412 omni
