2381 3723
164 142 268 196 155
730 127 1136 191 LIBRORUM
1170 127 1689 192 INCERTORUM.
2125 129 2255 193 345

161 282 591 419 οοςίἓιινειῖιιι
631 282 708 341 ad
759 282 1012 343 verbum
1058 282 1390 345 rettulisse.
1468 296 2024 365 [Quinctilianus
2055 279 2253 414 111ι.Χ.

160 381 221 418 08

223 380 258 432 p
288 452 351 509 4.
398 368 465 510 {i
497 367 665 510 eglor
693 464 767 509 ae
797 403 1050 525 spiritus
1077 449 1240 522 tulit,
1274 451 1629 526 frequenter
1659 448 1878 510 accidit
1904 456 1973 511 ut
2002 448 2252 511 sueces-

162 550 301 596 sum
343 533 825 610 extemporalem
871 533 1175 609 consequi
1213 550 1360 595 eura
1407 551 1531 596 non
1573 533 1795 611 possit.
1866 536 2060 595 Deum
2106 541 2252 595 tunc

162 617 473 691 adfuisse,
507 633 693 692 quum
725 616 789 677 id
820 616 1164 690 evenisset,
1202 624 1443 680 veteres
1477 624 1790 691 oratores,
1826 625 1892 679 ut
1914 617 2117 681 (labero
2145 621 2252 693 ait,

163 700 540 762 dictitabant.
608 716 772 782 [Idem
809 716 896 767 lib.
922 714 995 768 X.
1038 731 1150 781 cap.
1186 719 1239 767 7.
1276 719 1326 782 3.
1370 713 1478 783 13.]

290 801 349 860 5.
393 801 608 876 Neque
638 801 768 860 sere
809 806 934 859 tam
967 807 1062 860 est
1094 802 1255 876 ullus
1295 800 1429 862 dies
1460 809 1799 877 occupatus
1820 848 1834 874 ‚
1890 810 1955 861 ut
1985 799 2129 860 nihil
2163 801 2250 862 lu·

160 883 457 957 erativae,
494 892 560 946 ut
586 885 791 962 Cicero
819 883 1078 944 Brutum
1100 885 1317 957 faeere
1346 886 1561 958 tradit,
1599 901 1830 961 operae
1862 886 1940 946 ad
1979 884 2249 946 scriben-

159 969 306 1029 dum
343 974 448 1028 aut
482 968 814 1044 legendum
842 974 949 1028 aut
977 968 1305 1042 dicendum
1339 968 1472 1046 rapi
1512 968 1718 1066 aliquo
1754 976 2065 1030 momento
2101 976 2249 1028 tem-

159 1051 334 1128 poris
374 1051 598 1128 possit.
671 1051 737 1113 Si
778 1049 1025 1126 quidem
1059 1052 1120 1114 C.
1159 1035 1354 1114 Carbo
1391 1052 1571 1114 etiam
1614 1052 1675 1113 in
1707 1053 2104 1114 tabernaculo
2148 1069 2246 1114 so·

154 1136 325 1197 lebat
351 1137 469 1198 hae
511 1136 599 1198 uti
631 1134 1091 1198 exercitatione.
1166 1137 1255 1197 Ne
1289 1135 1353 1198 id
1397 1137 1643 1214 quidem
1679 1137 2039 1211 tacendum,
2092 1137 2256 1212 quod

150 1220 347 1281 eidem
383 1221 655 1283 Ciceroni
672 1221 901 1298 placet,
945 1222 1177 1288 nullum
1209 1227 1508 1284 nostrum
1530 1238 1793 1296 usquam
1838 1220 2248 1297 negligentem

154 1320 319 1366 esse
337 1321 719 1368 sermonem:
784 1303 1080 1380 quidquid
1112 1306 1442 1381 loquemur
1470 1304 1844 1381 ubicumque
1876 1304 1957 1367 sit
1986 1323 2099 1382 pro
2132 1321 2250 1368 sua

151 1388 391 1451 scilicet
427 1379 713 1466 portione
745 1390 1106 1465 perfectum.
1178 1402 1714 1470 [ldem11bx.oep.
1757 1407 1806 1455 7.
1846 1406 1897 1467 s.
1939 1406 2005 1454 27
2042 1400 2147 1468 οφ]

281 1487 337 1547 6.
382 1485 608 1549 Iudicis
641 1488 847 1547 vultus
880 1502 1070 1564 saepe
1099 1485 1237 1561 ipse
1266 1494 1473 1548 rector
1503 1495 1601 1549 est
1624 1485 1913 1560 dicentis,
1947 1494 2016 1548 ut
2035 1488 2242 1549 cicer-r

143 1574 464 1648 praecipit.
538 1585 702 1653 [Idem
735 1584 824 1634 lib.
864 1584 972 1635 XII.
1010 1600 1122 1651 cap.
1166 1585 1249 1640 10.
1289 1588 1338 1649 3.
1377 1584 1496 1650 56.]

286 1669 343 1729 7.
407 1670 563 1741 Quis
583 1673 847 1730 nostrum
864 1715 878 1741 ,
930 1671 1195 1743 quamvis
1239 1672 1344 1731 ‘sit’
1367 1671 1704 1745 inaeniosu‘s
1719 1716 1733 1742 ,
1776 1673 2003 1747 poterit
2045 1676 2244 1733 omnia

145 1754 683 1834 comprehendere,
720 1753 905 1829 quum
938 1755 1439 1829 eloquentissimus
1478 1761 1684 1815 orator
1723 1756 1799 1815 de
1844 1756 2146 1817 rhetorica
2187 1764 2245 1818 et

145 1840 299 1900 iuris
325 1840 571 1901 sctente'a
596 1838 909 1915 despectans
937 1838 1194 1900 dixerit:
1239 1835 1419 1915 pauci
1449 1853 1639 1899 unum
1669 1848 1965 1914 possunt,
2012 1846 2240 1901 utrum·

147 1938 275 2056 gul?
323 1939 528 2074 11611110
600 1936 1054 2003 [Hieronymus
1115 1937 1248 1990 Dial
1308 1953 1422 1989 cum
1471 1938 1727 2003 Pelagian.
1778 1939 1839 1988 11.
1884 1953 1934 2003 p.
1985 1938 2106 1990 703.
2159 1939 2238 1990 ed.

198 2021 230 2056 a
270 2021 395 2058 arsu

281 2089 341 2153 8.
385 2092 455 2153 Id
485 2108 629 2153 esse
661 2088 988 2170 optimum,
1026 2090 1192 2165 quod
1222 2052 1409 2167 quum
1432 2098 1495 2152 te
1524 2089 1698 2151 facile
1730 2089 2069 2152 credideris
2096 2108 2240 2153 con-

146 2191 331 2251 sequi
359 2175 724 2250 imitatione
773 2194 895 2238 non
927 2173 1157 2252 possis.
1229 2188 1736 2254 [Quinctilianus
1773 2189 1862 2240 lib.
1902 2187 1991 2239 Χῐ.
2033 2206 2145 2258 cap.
2186 2191 2236 2245 1.

144 2259 200 2322 3.
224 2260 310 2314 92.
388 2259 588 2311 Similia
607 2258 941 2328 Spaldingius
961 2258 1130 2311 adfert.
1149 2275 1215 2311 ex
1252 2267 1377 2309 orat.
1414 2274 1528 2326 cap.
1558 2258 1641 2359 23.
1668 2262 1716 2309 et
1738 2257 1821 2309 28.
1880 2260 2027 2329 Adde
2052 2275 2164 2325 cap.
2185 2262 2238 2311 7.

146 2336 279 2382 extr.
317 2337 368 2380 et
402 2331 551 2380 Tuse.
592 2330 682 2381 lib.
719 2331 781 2383 Π.
819 2345 934 2396 cap.
977 2330 1022 2384 1.
1056 2331 1106 2392 3.
1141 2326 1219 2394 3.]

274 2415 333 2477 9.
380 2460 396 2476 .
421 2461 437 2476 .
465 2460 480 2477 .
511 2460 527 2476 .
560 2433 684 2477 ιιοιι
717 2415 779 2475 id
811 2416 1047 2495 egisse,
1093 2423 1161 2477 ut
1192 2415 1275 2476 ita
1309 2415 1568 2489 diceret,
1620 2431 1742 2491 quo
1773 2414 1960 2476 modo
2002 2430 2072 2475 se
2110 2412 2238 2490 qui·

144 2497 297 2559 libet
326 2517 521 2576 posse
554 2494 926 2585 confideret,
962 2500 1074 2561 sed
1109 2516 1234 2574 quo
1265 2500 1453 2599 modo
1482 2514 1687 2560 nemo.
1766 2514 1926 2582 [mem
1958 2515 1994 2568 1.
2035 2513 2110 2580 α]

818 2654 899 2708 11.
970 2653 1061 2703 Ex
1108 2642 1567 2704 ORATIONIBUS.
1628 2672 1634 2677 ·

278 2737 331 2795 1.
378 2749 525 2810 Quod
555 2750 655 2802 hoe
691 2747 909 2803 ιοωέι
945 2751 1222 2817 Augustini
1257 2750 1347 2801 nb.
1386 2739 1451 2799 de
1477 2749 1588 2799 cio.
1618 2746 1703 2796 aa·
1736 2747 1827 2796 nb.
1869 2745 2014 2798 xix,
2050 2761 2163 2812 cap.
2183 2749 2234 2799 5.

137 2833 290 2883 Τοιιι.
328 2834 393 2884 V.
432 2849 486 2898 p.
519 2835 673 2886 1154.
710 2833 1034 2886 adferebatur
1053 2833 1422 2916 fragmentum:
1509 2817 1722 2878 Nullae
1751 2822 1896 2876 sunt
1942 2817 2235 2878 occultio-

132 2918 242 2963 res
273 2901 533 2963 insidiae
561 2936 648 2948 -—
686 2904 1041 2979 explorare
1052 2901 1361 2978 potueris,
1433 2917 1485 2966 id
1531 2916 1764 2967 totidem
1799 2914 1980 2965 litteris
2028 2916 2233 2982 legitur,

131 2995 227 3036 ut
242 2986 372 3037 vidit
402 2988 521 3039 iam
561 2985 909 3069 C.Beier11s,⁸
960 2987 1122 3052 apud}
1151 2986 1257 3040 Gie
1297 2986 1482 3038 Aecus.
1534 2985 1625 3036 lib.
1673 2985 1715 3039 1.
1767 2999 1880 3051 cap.
1909 2985 2007 3036 15.
2047 2987 2098 3048 3.
2145 2984 2230 3037 39.

268 3054 327 3114 2.
370 3054 757 3118 Gladiatores
787 3055 1027 3118 invisos
1057 3055 1387 3130 habemus,
1418 3055 1469 3116 si
1503 3052 1669 3115 omni
1696 3055 1883 3114 modo
1907 3052 2090 3112 vitam
2123 3049 2233 3111 im-

130 3146 388 3216 petrare
420 3140 693 3216 cupiunt.
766 3155 1037 3223 [Seneca
1076 3155 1141 3205 de
1173 3161 1336 3218 tranq.
1378 3169 1492 3218 cap.
1515 3155 1603 3206 11.
1644 3168 1793 3216 quem
1825 3154 1990 3202 locum
2021 3151 2231 3216 Lipsius

128 3224 294 3275 refert
329 3225 399 3276 ad
432 3224 789 3290 Milonianam‚
830 3227 882 3275 in
911 3239 1010 3288 qua
1045 3230 1179 3293 eerte
1215 3223 1403 3274 similia
1440 3224 1678 3289 leguntur
1713 3237 1826 3288 cap.
1865 3221 1950 3273 34.
1990 3224 2040 3285 3.
2079 3217 2192 3284 92.]

261 3306 320 3368 3.
368 3306 525 3368 Nihil
563 3308 791 3369 Tullius
816 3313 906 3369 ait
930 3323 1104 3380 esse,
1165 3307 1334 3383 quod
1385 3305 1466 3368 sit
1508 3307 1789 3368 manibus
1831 3304 2115 3366 humanis
2147 3305 2228 3362 la·

126 3388 451 3465 hortatum,
507 3392 677 3468 quod
725 3408 847 3453 non
893 3391 1225 3468 aliquando
1281 3392 1360 3452 ad
1405 3391 1712 3452 interitum
1762 3387 2077 3464 redigatur
2130 3387 2227 3445 vel

2229 3598 2262 3628 A
