2381 3723
59 77 160 145 ’88
878 75 980 135 DE
1019 73 1117 133 OF
1118 74 1166 133 F
1167 74 1339 134 lcnS

69 228 170 289 32.
216 230 365 288 Nam
406 228 575 301 quod
620 227 701 286 ad
739 224 1038 286 Phalarim
1080 224 1325 297 attinet,
1380 223 1671 300 perfacile
1701 221 1985 284 iudicium
2022 234 2138 285 est.

70 314 243 372 Nulla
274 317 371 370 est
391 308 552 370 enim
575 308 842 371 societas
869 308 1046 369 nobis
1072 325 1211 368 cum
1241 306 1547 384 tyrannis,
1581 313 1642 366 et
1663 306 1868 382 potius
1903 323 2144 368 summa

73 393 385 457 distractio
416 399 538 467 est,
594 409 795 467 neque
838 399 934 453 est
980 398 1196 453 contra
1247 401 1523 451 naturam
1557 388 1826 464 spoliare
1867 408 2038 463 eum,
2092 388 2146 450 si

73 476 312 555 possis,
355 492 535 552 quem
568 484 665 537 est
693 477 1021 536 honestum
1054 490 1308 547 necare,
1357 481 1543 549 atque
1572 474 1693 535 hoc
1733 490 1915 534 omne
1945 489 2146 549 genus

71 560 429 638 pestiferum
469 566 656 634 atque
704 558 953 634 impium
992 575 1070 618 ex
1117 556 1429 618 hominum
1475 556 1906 618 communitate
1947 564 2147 616 exter-

73 643 421 704 minandum
452 650 567 703 est.
642 641 876 702 Etenim
906 649 975 702 ut
1002 642 1275 702 membra
1308 642 1608 717 quaedam
1639 646 2060 717 amputantur,
2095 638 2147 698 si

72 734 134 787 et
174 725 311 803 ipsa
354 724 652 801 sanguine
700 733 761 785 et
813 732 1123 801 tamquam
1178 723 1396 801 spiritu
1442 740 1652 785 carere
1703 730 2044 799 coeperunt
2088 731 2150 783 et

73 819 299 871 nocent
338 808 590 884 reliquis
626 808 903 885 partibus
937 808 1251 884 corporis,
1304 807 1394 869 sic
1418 807 1536 870 ista
1562 808 1622 868 in
1654 807 1851 884 figura
1882 805 2147 868 hominis

74 893 279 954 feritas
317 900 378 954 et
407 890 749 954 immanitas
781 894 999 954 beluae
1033 909 1072 950 a
1104 891 1409 953 communi
1434 900 1743 968 tamquam
1775 888 2150 952 humanitate

75 976 403 1052 [corporis]
448 978 834 1053 segreganda
872 983 987 1037 est.
1066 975 1261 1039 Huius
1289 975 1536 1051 generis
1568 972 1969 1051 quaestiones
2002 981 2148 1034 sunt

74 1076 289 1121 omnes
347 1076 487 1133 eae,
555 1061 614 1121 in
675 1059 893 1137 quibus
962 1077 1040 1120 ex
1097 1067 1378 1136 tempore
1448 1059 1719 1120 officium
1780 1055 2146 1135 exquiritur.

72 1144 203 1204 VII.
246 1145 345 1205 33.
433 1143 580 1205 Eius
626 1143 792 1205 modi
829 1141 1011 1220 igitur
1041 1145 1228 1205 credo
1273 1159 1374 1204 res
1404 1141 1755 1203 Panaetium
1786 1148 2145 1218 persecutu-

73 1245 207 1288 rum
239 1227 462 1301 fuisse,
523 1227 640 1288 nisi
683 1227 867 1303 aliqui
902 1245 1085 1288 casus
1131 1238 1236 1288 aut
1277 1227 1598 1303 occupatio
1649 1225 1780 1286 eius
1824 1224 2148 1285 consilium

73 1310 460 1387 peremisset.
533 1313 629 1371 Ad
667 1328 821 1386 quas
856 1310 1026 1386 ipsas
1060 1309 1546 1372 consultationes
1591 1327 1669 1369 ex
1723 1307 2148 1384 superioribus

74 1393 240 1455 libris
275 1395 423 1455 satis
454 1395 641 1455 multa
673 1402 1006 1471 praecepta
1037 1400 1182 1455 sunt
1213 1393 1434 1468 quibus
1466 1391 1736 1469 perspici
1765 1390 1966 1468 possit
2001 1392 2146 1467 quid

75 1477 153 1538 sit
185 1485 439 1553 propter
466 1476 902 1552 turpitudinem
947 1477 1334 1553 fugiendum,
1390 1477 1535 1552 quid
1580 1476 1659 1536 sit
1702 1477 1870 1552 quod
1915 1474 2147 1537 idcirco

75 1560 426 1636 fugiendum
457 1576 579 1620 non
614 1559 723 1632 sit,
768 1561 933 1634 quod
973 1559 1222 1622 omnino
1260 1569 1435 1635 turpe
1472 1576 1593 1621 non
1628 1559 1724 1621 sit.
1797 1559 1923 1620 Sed
1954 1576 2145 1634 quon-

75 1644 192 1703 iam
235 1640 407 1718 operi
458 1642 745 1704 inchoato
796 1660 995 1720 prope
1045 1652 1244 1705 tamen
1294 1645 1578 1705 absoluto
1637 1652 1941 1719 tamquam
1988 1643 2148 1704 fasti·

74 1726 237 1802 gium
281 1726 683 1801 imponimuS‚
733 1734 803 1788 ut
850 1735 1206 1802 geometrae
1247 1730 1450 1790 solent
1486 1743 1609 1787 non
1657 1726 1861 1788 omnia
1899 1727 2148 1799 docere,

74 1812 188 1872 sed
242 1812 562 1887 postulare
615 1817 683 1872 ut
723 1811 1023 1887 quaedam
1073 1810 1187 1873 sibi
1236 1812 1685 1883 concedantur,
1738 1827 1861 1886 quo
1909 1810 2151 1872 facilius

76 1911 237 1968 quae
264 1896 477 1956 volunt
521 1894 855 1971 explicent,
908 1894 997 1956 sic
1035 1913 1152 1973 ego
1190 1913 1228 1955 a
1259 1904 1319 1956 te
1352 1896 1630 1972 postulo,
1674 1892 1754 1954 mi
1786 1895 2029 1968 Cicero,
2084 1902 2151 1956 ut

73 1976 215 2038 mihi
247 1981 589 2053 concedaS,
634 1979 687 2041 si
728 1988 940 2056 poteS,
996 1979 1140 2041 nihil
1185 1988 1429 2055 praeter
1465 1978 1555 2053 id,
1611 1979 1779 2053 quod
1817 1980 2148 2039 honestum

75 2061 181 2135 sit,
238 2070 493 2139 propter
538 2081 607 2124 se
658 2080 801 2126 esse
852 2065 1284 2141 expetendum.
1375 2062 1479 2124 Sin
1528 2064 1648 2123 hoc
1687 2079 1812 2122 non
1855 2061 1997 2122 licet
2036 2079 2158 2138 per

78 2145 455 2222 Cratippum,
494 2153 555 2205 at
584 2146 730 2207 illud
755 2155 921 2208 certe
950 2147 1155 2221 dabis,
1195 2149 1363 2223 quod
1394 2147 1722 2207 honestum
1746 2144 1854 2219 sit,
1906 2145 1968 2205 id
2003 2161 2151 2206 esse

76 2227 338 2288 maxime
383 2235 638 2304 propter
680 2246 762 2289 se.
782 2232 1217 2305 expetendum.
1290 2230 1436 2292 Mihi
1484 2227 1784 2291 utrumvis
1838 2228 1988 2290 satis
2032 2235 2154 2301 est,

76 2317 137 2371 et
159 2319 283 2371 tum
312 2311 450 2381 hoc,
481 2319 605 2371 tum
636 2310 783 2373 illud
810 2314 1188 2410 probabilius
1219 2312 1462 2374 videtur
1482 2329 1599 2374 nec
1625 2322 1950 2390 praeterea
1976 2312 2148 2389 quid·

77 2410 258 2469 quam
298 2393 631 2469 probabile.
721 2396 819 2457 34.
871 2399 963 2456 Ac
1003 2397 1264 2474 primum
1310 2397 1369 2458 in
1412 2398 1532 2458 hoc
1577 2395 1899 2457 Panaetius
1943 2397 2153 2457 defen-

73 2477 316 2537 dendus
352 2486 477 2551 est,
513 2480 682 2554 quod
706 2496 826 2541 non
855 2480 1018 2541 utilia
1044 2498 1180 2542 cum
1203 2480 1482 2543 honestis
1511 2497 1784 2557 pugnare
1814 2479 2148 2574 aliquando

75 2577 267 2637 posse
317 2561 536 2623 dixerit
568 2597 651 2607 —-
683 2581 886 2640 neque
928 2565 1088 2625 enim
1136 2565 1192 2626 ei
1243 2568 1332 2627 fas
1375 2572 1508 2625 erat
1534 2599 1635 2636 —,
1685 2565 1794 2625 sed
1831 2581 1933 2637 ea,
1987 2579 2151 2639 quae

76 2643 431 2708 viderentur
456 2646 642 2707 utilia.
707 2647 862 2708 Nihil
893 2666 1041 2710 vero
1072 2649 1220 2710 utile
1255 2650 1426 2725 quod
1451 2666 1574 2709 non
1605 2648 1764 2709 idem
1795 2648 2153 2728 honestum,

74 2727 218 2788 nihil
250 2730 576 2792 honestum
609 2732 775 2807 quod
816 2750 939 2794 non
973 2730 1135 2794 idem
1168 2732 1314 2793 utile
1350 2731 1458 2805 sit,
1510 2748 1701 2807 saepe
1741 2738 2001 2792 testatur
2045 2747 2149 2790 ne·

73 2819 303 2887 gatque
331 2815 510 2873 ullam
546 2822 778 2895 pestem
812 2814 1102 2876 maiorem
1143 2815 1204 2876 in
1255 2815 1442 2876 vitam
1485 2814 1797 2877 hominum
1840 2812 2150 2874 invasisse

76 2911 255 2969 quam
289 2912 499 2957 eorum
533 2898 911 2973 opinionem,
960 2899 1062 2974 qui
1103 2898 1223 2960 ista
1255 2898 1667 2960 distraxerint.
1742 2900 1957 2974 ltaque
1998 2915 2150 2970 non,

73 2978 488 3055 utaliquando
521 2988 1037 3073 anteponeremus
1070 2981 1238 3043 utilia
1270 2982 1579 3056 honestiS,
1632 2982 1745 3043 sed
1789 2988 1858 3043 ut
1897 2997 1971 3042 ea
2012 2980 2150 3042 sine

77 3076 287 3122 errore
325 3060 830 3140 diiudicaremuS‚
883 3059 934 3120 si
980 3061 1230 3133 quando
1274 3060 1667 3145 incidissent,
1707 3063 1947 3125 induxit
1987 3081 2145 3145 eam,

76 3162 237 3218 quae
266 3146 578 3205 videretur
608 3160 781 3220 esse,
814 3161 937 3204 non
977 3160 1139 3218 quae
1170 3153 1370 3222 esset,
1413 3110 1900 3223 repugnintiam.
1970 3149 2146 3209 Hanc

75 3227 257 3301 igitur
297 3235 534 3302 paltem
575 3226 847 3288 relictam
890 3229 1274 3301 explebimus
1316 3229 1498 3291 nullis
1540 3230 1952 3310 adminiculis,
2009 3234 2145 3314 sed,

73 3321 141 3371 ut
172 3310 420 3391 dicitm,
451 3311 648 3371 Marte
678 3317 942 3370 nostro.-
975 3312 1188 3386 Neque
1222 3314 1382 3375 enim
1417 3315 1753 3391 quidquam
1786 3323 1881 3377 est
1916 3318 1994 3377 de
2025 3316 2145 3379 hac
