2381 3723
166 173 275 229 189
815 162 981 223 CAP.
1021 171 1215 227 7—9.
1252 168 1304 229 S.
1340 172 1603 227 22—38.
2123 162 2250 226 379

156 313 455 376 eximium
485 313 806 391 suscipere
829 320 933 373 aut
965 312 1239 389 cogitare
1269 316 1516 391 potest?
1558 313 1806 389 Mirum,
1841 313 1901 375 ni
1929 331 2073 378 sese
2108 314 2253 376 abii-

154 399 288 459 ciat
314 414 389 458 ac
421 397 606 458 veluti
637 395 1070 473 desperatione
1102 399 1425 473 perculsus
1450 398 1616 460 humi
1644 398 1858 460 iaceat.
1949 400 2109 460 Vlll.
2150 396 2251 461 28.

161 483 377 545 Redeo
412 480 596 558 igitur
639 482 719 541 ad
754 480 931 550 illud,
973 482 1141 555 quod
1181 480 1349 544 initio
1396 481 1553 556 dixi,
1590 482 1891 543 neminem
1936 499 2114 557 esse,
2147 481 2253 558 qui

154 564 449 643 spiritum
496 565 712 637 ducat,
751 580 873 625 non
918 564 1241 640 miserum,
1280 566 1580 627 neminem
1628 583 1777 627 vere
1820 566 2077 627 felicem.
2142 567 2229 627 Pa

164 666 428 725 rumque
457 648 709 725 sapiunt
734 648 804 722 ii,
842 648 946 724 qui
976 647 1286 711 hominem
1317 650 1684 712 luendorum
1720 652 2026 712 scelerum
2059 667 2250 712 causa

161 741 375 795 natum
412 732 645 793 felicem
691 740 797 793 aut
840 732 1084 793 beatum
1122 733 1362 796 <audent
1397 733 1733 795 nominare.
1808 737 2034 796 Nostra
2070 733 2250 806 enim,

156 831 327 893 quae
370 815 593 877 dicitur
624 816 774 889 vita,
812 832 983 877 mors
1015 823 1257 878 estnec
1305 834 1595 893 umquam
1639 818 1789 879 vivit
1818 818 2088 892 animus,
2132 816 2253 879 nisi

150 916 469 977 compage
491 902 736 961 solutus
767 900 1050 975 corporis
1083 900 1240 962 liber
1260 901 1621 964 aeternitate
1652 901 1938 979 potiatur.
2004 902 2107 964 29.
2137 905 2250 963 Ita·

156 1001 286 1061 que
313 991 570 1045 mortem
602 982 662 1044 in
694 983 978 1045 beneficii
1008 985 1148 1046 loco
1176 985 1467 1046 tributam
1489 1002 1526 1045 a
1556 984 1651 1047 dis
1680 985 2123 1048 immortalibus
2153 985 2247 1060 iis,

150 1084 323 1143 quos
356 1068 620 1128 maxime
670 1067 1047 1141 dilexerunt,
1088 1069 1383 1131 ‘traditum
1425 1077 1554 1143 est,
1588 1076 1658 1131 ut
1695 1088 1885 1144 quum
1927 1070 2247 1132 Herodoto

114 1150 116 1152 ’
152 1159 422 1213 auctore
464 1150 655 1227 Argia
706 1153 1038 1224 sacerdoS,
1082 1154 1257 1228 qued
1297 1153 1596 1231 optimum
1635 1151 1775 1215 filiis
1813 1160 2085 1228 esset,a
2127 1154 2251 1214 dea

149 1242 411 1312 precata
473 1251 585 1296 eos
646 1236 919 1311 repperit
968 1244 1288 1310 mortuos,
1348 1245 1610 1298 mortem
1673 1246 1879 1299 autem
1938 1244 2246 1313 tamquam

150 1318 452 1395 optimam
512 1318 629 1381 illis
683 1336 829 1381 esse
893 1335 1282 1381 concessam.
1372 1321 1707 1383 Credamus
1774 1338 1926 1383 sane
1976 1319 2249 1399 Apollini

156 1402 488 1479 Delphico,
520 1403 625 1478 qui
672 1412 968 1465 exoratus
1014 1419 1053 1464 a
1079 1404 1438 1481 Trophonio
1477 1412 1539 1465 et
1579 1399 1991 1481 Agamede,.a
2024 1404 2248 1481 quibus

148 1488 450 1563 templum
492 1485 817 1563 magnifice
860 1486 1131 1563 Apollini
1174 1488 1645 1550 exaedificatum
1693 1489 1943 1567 Delphis
1983 1497 2144 1563 erat,
2179 1495 2251 1550 ut

149 1572 328 1646 quod
359 1577 530 1632 esset
556 1570 853 1647 optimum
889 1571 1119 1634 homini
1145 1571 1471 1634 tribueret:
1502 1581 1649 1648 post
1673 1573 1834 1634 diem
1865 1573 2109 1635 tertium
2144 1590 2247 1635 ex-

145 1654 394 1716 animes
416 1662 561 1715 sunt
589 1655 842 1718 inventi.
931 1654 1034 1716 30.
1081 1657 1213 1731 Quo
1237 1674 1491 1718 munere
1511 1656 1803 1718 indicavit
1823 1658 1979 1720 deus
2003 1665 2066 1720 et
2088 1659 2245 1719 deus

143 1739 239 1812 is,
274 1737 373 1799 cui
419 1737 810 1801 divinationis
846 1746 1055 1816 partes
1101 1756 1138 1799 a
1170 1739 1423 1818 reliquis
1454 1741 1549 1802 dis
1587 1748 1733 1802 sunt
1764 1742 2044 1815 relictae,
2085 1758 2245 1803 mor-

150 1833 274 1884 tem
308 1821 538 1885 homini
572 1822 841 1887 omnium
873 1840 1077 1885 rerum
1108 1823 1595 1901 esseroptimam.
1655 1826 1870 1901 ltaque
1902 1824 2244 1887 excutiatur

150 1907 270 1968 iam
302 1913 365 1968 et
403 1909 703 1970 evellatur
740 1908 1019 1970 funditus
1052 1909 1208 1969 falsa
1245 1908 1349 1969 illa
1390 1910 1715 1970 multorum
1749 1907 1989 1985 opinio,
2022 1911 2244 1969 malam

141 2007 301 2052 esse
331 1998 622 2065 mortem,
659 1992 910 2067 quando
946 1991 1193 2066 quidem
1225 1995 1324 2054 vel
1357 1992 1617 2053 deorum
1639 1990 1873 2053 iudicio
1903 2009 2025 2053 non
2052 1993 2239 2053 modo

142 2076 313 2135 mala
350 2090 476 2136 non
513 2082 644 2149 est,
674 2077 789 2136 sed
822 2075 1090 2137 omnium
1131 2076 1335 2137 rerum
1370 2075 1604 2151 optima
1638 2082 1700 2136 et
1732 2074 2002 2136 omnium
2032 2091 2243 2136 mune·

140 2176 320 2232 «rum,
361 2175 522 2234 quae
572 2159 840 2221 humano
889 2159 1103 2236 generi
1158 2158 1290 2220 dari
1340 2164 1635 2236 possunt,
1689 2157 2238 2235 praestantissima.

142 2243 254 2304 31.
301 2242 649 2305 Praeclare:
695 2259 837 2304 nam
882 2251 943 2304 et
990 2242 1370 2305 miseriarum
1414 2241 1716 2317 omnium,
1766 2259 1923 2318 quas
1955 2242 2240 2304 viv-entes

152 2325 545 2402 pertulimus,
582 2325 723 2389 finis
768 2335 865 2388 est
905 2328 964 2391 in
999 2336 1197 2389 morte
1237 2335 1302 2388 et
1330 2326 1546 2389 vitatio
1576 2329 1945 2402 futurarum,
1984 2325 2046 2388 in
2077 2341 2240 2402 *quas

140 2410 623 2486 progredientes
656 2410 716 2470 in
759 2410 884 2472 vita
922 2411 1265 2473 incurrunt.
1339 2413 1649 2474 Docenmr
1679 2410 1837 2475 euim
1870 2408 2172 2488 exemplis
2203 2425 2239 2469 a

151 2493 602 2570 propagatione
643 2493 807 2556 vitae
852 2496 1194 2572 permultos
1240 2495 1510 2571 optimos
1555 2505 1615 2556 et
1658 2495 2031 2558 fortissimos
2068 2493 2239 2556 cives

142 2577 540 2639 incredibiles
584 2578 870 2641 hausisse
913 2579 1311 2640 calamitates,
1392 2580 1820 2652 Immerentes,
1868 2579 2087 2640 dixerit
2135 2577 2240 2638 ali·

140 2661 324 2737 quis:
354 2678 509 2738 ergo
553 2680 678 2725 non
712 2662 943 2724 suntin
979 2662 1241 2724 miseriis
1272 2662 1623 2737 ponendae.
1682 2661 1836 2722 Nihil
1865 2662 2028 2722 enim
2060 2660 2238 2720 mise·

143 2761 283 2805 rum
325 2747 497 2822 quod
531 2763 657 2808 non
699 2747 883 2823 culpa
925 2754 1329 2808 contractum.
1386 2746 1477 2806 De
1518 2745 1639 2807 hoc
1675 2744 1828 2804 alias
1868 2743 2234 2805 viderimus:

145 2830 263 2889 sed
298 2829 677 2893 calamitates
711 2837 880 2892 certe
909 2833 1186 2904 fuerunt,
1222 2846 1478 2906 quarum
1508 2827 1688 2889 etiam
1714 2827 1897 2889 unica
1924 2824 2236 2906 cogitatio.

141 2929 310 2988 quae
340 2917 760 2990 praetervolat
800 2922 863 2975 et
891 2915 1130 2990 effugit,
1162 2931 1286 2976 non
1328 2915 1515 2975 modo
1558 2928 1816 2987 sensus,
1849 2912 1951 2988 qui
1989 2906 2237 2988 corpori

144 2996 380 3058 firmius
425 2997 735 3072 inhaeret,
774 2997 1125 3060 acerbitatis
1171 2999 1357 3059 habet
1406 2996 1752 3074 plurimum.
1841 2996 1942 3073 32.
1982 2998 2078 3058 Ex
2109 3011 2234 3070 quo

141 3097 293 3141 vere
326 3080 534 3158 colligi
573 3089 785 3165 potest
823 3081 1136 3159 sapienter
1178 3077 1405 3144 fecisse
1449 3082 1749 3155 Thraece,
1785 3080 1921 3155 qui,
1956 3080 2009 3141 si
2043 3080 2235 3140 Hero·

138 3165 295 3226 doto
333 3165 677 3241 credimuS,
727 3166 1126 3228 nascentibus
1156 3165 1367 3228 liberis
1403 3167 1639 3241 lugere,
1681 3162 2085 3226 morientibus
2116 3164 2235 3222 lae·

139 3248 257 3309 tari
286 3251 595 3311 solebant.
642 3248 882 3312 Exitum
914 3250 1204 3312 videlicet
1238 3249 1401 3311 vitae
1438 3256 1509 3310 ut
1537 3248 1919 3310 miseriarum
1951 3248 2135 3309 finem
2175 3250 2237 3305 et

142 3333 372 3408 quietis
396 3342 651 3410 portum
684 3335 1056 3411 probabant,
1089 3334 1249 3394 vitae
1278 3332 1509 3395 initium
1540 3339 1609 3394 ut
1627 3329 1976 3409 ingressum
1998 3331 2077 3391 ad
2109 3345 2234 3393 mo·

138 3416 353 3480 lestias
382 3425 450 3480 et
484 3419 738 3481 dolores
762 3416 940 3480 ‘inviti
972 3418 1278 3480 videbant.
1364 3417 1468 3479 lx.
1512 3415 1612 3480 33.
1651 3415 1723 3478 Si
1746 3431 1895 3492 ergo
1923 3412 2234 3476 nascimur
