2381 3723
137 122 218 185 46
947 124 1046 183 DE
1081 122 1178 183 OF
1180 123 1402 183 FICIIS

134 275 444 346 adfeetOS,
479 274 816 334 observare
849 281 909 332 et
940 275 1146 334 colere
1178 275 1504 347 debemus,
1534 273 1802 334 tribuere
1831 274 2008 335 etiam
2053 279 2216 337 mul-

136 366 260 420 tum
284 356 610 429 senectuti,
646 357 869 417 cedere
891 355 994 426 iis,
1031 366 1133 431 qui
1163 356 1582 432 magistratum
1611 357 1940 431 habebunt,
1970 358 2220 420 habere

134 442 434 502 delectum
490 440 640 500 civis
691 448 751 500 et
796 439 1106 516 peregrini
1165 440 1226 501 in
1295 441 1561 517 ipsoque
1617 440 1940 518 peregrino
1994 442 2204 517 priva·

135 524 320 585 timue
351 541 427 584 an
455 524 696 598 publice
725 523 980 584 venerit.
1055 526 1155 585 Ad
1199 542 1523 596 summam,
1570 541 1648 585 ne
1677 541 1853 600 agam
1888 525 1966 584 de
1996 525 2210 601 singu-

135 608 224 682 lis,
251 623 634 668 communem
659 607 845 668 totius
863 609 1109 682 generis
1127 608 1441 669 hominum
1465 605 1951 690 conciliationem
1975 617 2037 669 et
2059 625 2208 669 con-

133 690 533 753 sociationem
557 692 781 764 colere,
810 691 983 764 tueri,
1010 707 1261 752 servare
1287 692 1604 753 debemus.
1668 693 1845 752 XLII.
1882 693 2021 752 150.
2071 694 2205 752 Iam

133 776 211 835 de
240 773 513 835 artificiis
544 784 607 835 et
638 773 1029 851 quaestibus,
1063 775 1166 850 qui
1188 775 1472 837 liberales
1503 774 1795 848 habendi,
1830 774 1933 849 qui
1966 775 2216 836 sordidi*

133 858 285 931 sint,
311 859 466 919 haec
489 861 616 919 l'ere
645 857 1016 932 accepimus.
1086 858 1351 919 Primum
1375 859 1797 934 improbantur
1818 859 1860 918 ii
1884 866 2216 934 quaestuS‚.

135 941 330 1017 quiin
378 941 519 1003 odia
547 941 856 1003 hominum
904 941 1247 1016 incurrunt,
1304 950 1370 1003 ut
1414 943 1808 1020 portitorum,
1860 948 1928 1002 ut
1967 943 2206 1003 fenera·

133 1037 354 1086 torum.
425 1025 758 1087 Illiberales
813 1033 1010 1086 autem
1067 1033 1129 1085 et
1176 1025 1411 1086 sordidi
1455 1033 1751 1102 quaestus
1799 1025 2207 1087 mercenario-

133 1128 266 1170 rum
306 1109 605 1183 omnium,
666 1126 926 1186 quorum
978 1125 1235 1186 operae,
1297 1127 1419 1171 non
1475 1127 1735 1185 quorum
1785 1117 1948 1170 artes
1994 1125 2207 1170 emun-

135 1201 257 1255 tur:
304 1203 398 1255 est
427 1195 587 1255 enim
616 1193 675 1255 in
709 1193 825 1254 illis
860 1195 995 1269 ipsa
1027 1209 1265 1254 merces
1312 1199 1832 1255 auctoramentum
1867 1191 2206 1254 servitutis,

134 1276 382 1339 Sordidi
422 1278 602 1338 etiarn
646 1277 900 1354 putandi
942 1276 1045 1353 qui
1087 1284 1439 1338 mercantur
1476 1294 1513 1337 a
1554 1275 1997 1338 mercatoribus
2031 1277 2207 1351 quod

132 1360 336 1421 statim
385 1361 678 1421 vendant:
727 1360 871 1420 nihil
914 1359 1072 1420 enim
1105 1360 1456 1436 proficiant,
1507 1360 1625 1421 nisi
1657 1361 1985 1422 admodum
2037 1377 2208 1419 men·

135 1443 384 1516 uantur,
429 1460 545 1504 nec
579 1460 726 1504 vero
759 1450 856 1504 est
890 1443 1223 1520 quidquam
1265 1444 1504 1520 turpius
1539 1444 1824 1505 vanitate.
1908 1443 2207 1519 Opifices-

134 1543 255 1600 que
284 1542 499 1587 omnes
535 1527 593 1587 in
636 1526 890 1587 sordida
932 1534 1062 1587 arte
1093 1535 1447 1589 versantur:
1508 1544 1622 1589 nec
1664 1527 1824 1589 enim
1866 1526 2210 1602 quidquam

131 1610 459 1685 ingenuum
489 1609 717 1670 habere
742 1617 950 1686 potest
983 1610 1250 1671 officina.
1321 1610 1692 1688 Minimeque
1720 1620 1884 1673 artes
1914 1611 2031 1670 hae
2061 1627 2210 1686 pro-

132 1693 400 1764 bandae,
436 1710 595 1768 quae
624 1691 933 1754 ministrae
962 1701 1107 1753 sunt
1135 1695 1537 1770 voluptatum,
1601 1719 1616 1731 ·

303 1819 545 1894 Ueturii,
575 1821 729 1881 lanii
738 1866 752 1894 ‚
783 1821 981 1895 coqui,
1005 1820 1301 1894 fartoreS,
1325 1824 1671 1898 piscatores

133 1956 199 2005 ut
229 1944 312 2007 ait
337 1944 678 2006 Terentius,
749 1944 931 2006 Adde
965 1945 1116 2018 huc,
1161 1944 1217 2006 si
1246 1948 1474 2022 placet,
1510 1943 1980 2020 unguentarioS,
2022 1945 2211 2005 salta-

134 2038 300 2091 tores
340 2035 663 2104 totumque
717 2030 924 2090 ludum
964 2028 1263 2096 talarium.
1357 2030 1494 2089 151.
1541 2027 1771 2101 Quibus
1820 2034 2023 2088 autem
2064 2028 2209 2087 arti-

134 2114 248 2175 bus
297 2120 402 2172 aut
452 2112 775 2188 prudentia
834 2112 1029 2173 maior
1077 2111 1239 2174 inest
1285 2120 1392 2173 aut
1431 2129 1554 2173 non
1609 2109 1933 2172 mediocris
1972 2108 2209 2171 utilitas

134 2194 474 2270 quaeritur,
521 2201 588 2255 ut
617 2194 942 2265 medicina,
991 2202 1061 2256 ut
1103 2196 1533 2268 architectura,
1583 2202 1652 2256 ut
1692 2194 1969 2255 doctrina
1997 2211 2206 2254 rerum

133 2278 561 2347 honestarum,
618 2293 730 2350 eae
768 2284 912 2339 sunt
951 2278 1057 2351 iis,
1115 2297 1375 2355 quorum
1417 2278 1611 2339 ordini
1643 2279 2037 2351 conveniunt,
2096 2278 2206 2337 ho-

131 2368 367 2422 nestae.
444 2361 790 2421 Mercatura
833 2368 1064 2434 autem,
1117 2362 1170 2422 si
1211 2362 1412 2423 tenuis
1456 2370 1580 2436 est,
1636 2362 1890 2423 sordida
1933 2361 2208 2437 putanda

132 2450 259 2505 est:
307 2442 400 2504 sin
433 2460 654 2519 magna
687 2451 753 2505 et
777 2444 1065 2520 copiosa,
1096 2449 1283 2507 multa
1302 2445 1574 2521 undique
1606 2453 1944 2522 apportans
1975 2444 2207 2505 multis·

133 2544 253 2603 que
277 2526 410 2588 sine
432 2528 700 2589 vanitate
729 2527 1118 2603 impertiens,
1148 2545 1271 2592 non
1298 2537 1396 2591 est
1424 2530 1754 2590 admodum
1776 2529 2203 2604 vituperanda,

131 2618 317 2688 atque
346 2610 554 2688 etiam,
599 2611 653 2674 si
684 2612 902 2673 satiata
927 2619 1187 2687 quaestu
1220 2616 1314 2673 vel
1341 2621 1629 2674 contenta
1659 2616 1897 2689 potiuS,
1924 2620 1991 2672 ut
2011 2627 2206 2687 saepe

131 2713 207 2756 ex
238 2697 363 2758 alto
394 2695 454 2758 in
489 2704 762 2773 portum,
814 2712 892 2756 ex
921 2695 1059 2772 ipso
1090 2704 1276 2771 portu
1306 2714 1379 2758 se
1410 2696 1470 2756 in
1513 2713 1700 2772 agros
1738 2694 2205 2772 possessiones·

132 2797 253 2856 que
289 2780 567 2853 contulit,
625 2781 868 2841 videtur
906 2778 1038 2839 iure
1083 2780 1315 2854 optimo
1358 2795 1552 2857 posse
1591 2779 1843 2840 laudari.
1923 2777 2205 2839 Omnium

132 2870 332 2923 autem
372 2880 603 2937 rerum,
664 2881 743 2925 ex
787 2862 1008 2938 quibus
1055 2862 1284 2938 aliquid
1337 2862 1701 2938 acquiritur,
1758 2862 1903 2923 nihil
1945 2868 2043 2923 est
2072 2859 2207 2937 agri

131 2948 366 3006 cultura
407 2946 653 3020 melius,
707 2946 851 3007 nihil
903 2945 1183 3019 uberius,
1241 2946 1387 3007 nihil
1433 2946 1702 3020 dulcius,
1757 2945 1903 3007 nihil
1955 2945 2207 3006 homine

130 3028 320 3091 libero
364 3029 637 3106 dignius,
693 3031 772 3091 de
819 3046 943 3105 qua
986 3030 1277 3104 quoniam
1327 3030 1389 3091 in
1434 3030 1706 3091 ‘Catone
1747 3029 2026 3091 maiore’-
2053 3027 2207 3110 satis

130 3116 317 3174 multa
358 3113 651 3187 diximuS,
700 3112 863 3173 illinc
916 3113 1207 3175 adsumes
1265 3130 1423 3191 quae
1476 3115 1555 3174 ad
1596 3115 1759 3174 bunc
1814 3117 2016 3174 locum
2071 3129 2210 3186 per-

132 3194 426 3259 tinebunt.
2282 3197 2286 3201 ’

253 3280 456 3339 XLIII.
507 3280 642 3339 152.
731 3278 857 3339 Sed
898 3280 974 3340 ab
1007 3280 1079 3340 iis
1115 3281 1421 3355 partibus,
1464 3297 1624 3355 quae
1656 3288 1802 3341 sunt
1829 3277 2198 3352 honestatiS,

129 3377 312 3437 quem
340 3362 417 3419 ad
450 3364 697 3422 modum
729 3359 934 3421 officia
966 3364 1339 3424 ducerentur
1374 3362 1526 3425 satis
1558 3364 1908 3440 expositum
1938 3362 2204 3423 videtur.
