2381 3723
683 154 824 212 [ΑΒ.
855 154 898 212 l.
948 154 1108 215 CAP.
1142 164 1232 216 24.
1265 165 1353 216 25.
1395 163 1447 224 s.
1476 164 1743 218 82—88.
1949 218 1954 219 f
2160 154 2240 218 27
2297 226 2298 229 ,

160 303 284 362 duo
320 301 597 364 Platonis
627 311 956 380 praecepta
986 310 1267 365 teneant:
1314 323 1528 379 unuin,
1574 312 1641 365 ut
1671 305 1990 366 utilitatem
2023 305 2244 368 civium

164 385 251 445 sic
281 393 598 459 tueantur,
634 394 734 459 ut,
777 403 1206 462 quaecumque
1234 397 1452 464 agunt,
1498 389 1577 448 ad
1607 405 1740 448 eam
1774 392 2040 448 referant
2076 389 2245 450 obliti

162 469 638 530 commodorum
672 486 957 543 suorum,
1006 473 1293 545 alterum,
1336 481 1406 533 ut
1432 480 1628 534 totum
1663 487 1891 546 corpus
1930 471 2017 531 rei
2054 472 2245 546 publi-

161 568 269 610 cae
332 560 583 625 curent,
646 569 753 626 ne,
821 554 960 614 dum
1024 561 1262 628 partem
1322 555 1585 630 aliquam
1636 562 1912 628 tuentur,
1975 555 2244 630 reliquas

163 635 479 694 deserant.
554 637 633 697 Ut
674 635 831 696 enim
875 640 1093 710 tutela,
1159 638 1250 698 sic
1292 638 1644 715 procuratio
1693 637 1781 698 rei
1833 638 2113 714 publicae
2165 639 2244 699 ad

159 734 379 778 eorum
412 717 760 793 utilitatem,
795 719 901 795 qui
933 720 1245 782 commissi
1278 728 1450 794 sunt,
1483 739 1604 782 non
1639 724 1715 781 ad
1743 739 1986 795 eorum,
2017 722 2241 797 quibus

161 801 536 874 commissa,
572 804 846 877 gerenda
885 810 999 863 est.
1075 803 1425 877 Qui'autem
1459 805 1613 881 parti
1645 804 1866 865 civium
1896 808 2241 877 consulunt,

158 893 402 960 partem
436 885 787 961 negligunt,
834 903 965 947 rem
1005 887 1590 963 perniciosissimam
1636 888 1694 948 in
1728 888 2032 949 civitatem
2071 889 2242 948 indu·

160 975 344 1042 cunt,
401 968 768 1030 seditionem
812 977 998 1046 atque
1045 970 1446 1032 discordiam:
1504 989 1582 1033 ex
1625 990 1748 1047 quo
1794 971 1999 1033 evenit
2038 978 2105 1032 ut
2145 971 2242 1031 alii

160 1053 539 1128 populares,
594 1051 692 1112 alii
735 1052 1000 1114 studiosi
1053 1054 1263 1130 optimi
1306 1055 1602 1130 cuiusque
1655 1057 2003 1127 videantur,
2064 1053 2243 1130 pauci

161 1137 623 1196 universorum.
713 1135 814 1198 86.
859 1136 1015 1198 Hinc
1052 1139 1216 1214 apud
1250 1138 1662 1199 Athenienses
1706 1153 1961 1212 magnae
2012 1138 2242 1199 discor-

156 1219 335 1290 diae,
382 1218 444 1278 in
478 1227 692 1280 nostra
722 1236 788 1280 re
830 1220 1077 1297 publica
1108 1239 1230 1282 non
1266 1225 1465 1283 solum
1497 1220 1864 1292 seditioneS‚
1918 1222 2032 1281 sed
2057 1221 2243 1281 etiam

158 1300 464 1378 pestifera
504 1302 665 1363 bella
714 1302 940 1364 civilia:
988 1321 1147 1379 quae
1187 1305 1394 1380 gravis
1446 1314 1508 1366 et
1550 1304 1725 1366 sortis
1770 1303 1920 1364 civis
1964 1310 2026 1363 et
2074 1303 2132 1362 in
2176 1319 2244 1363 re

159 1385 411 1460 publica
456 1385 676 1461 dignus
717 1387 1065 1464 principatu
1107 1388 1297 1464 fugiet
1338 1395 1524 1464 atque
1564 1387 1763 1449 oderit
1808 1387 2130 1462 tradetque
2173 1403 2242 1447 se

158 1476 360 1530 totum
408 1469 498 1530 rei
531 1470 813 1547 publicae
843 1488 1048 1546 neque
1082 1489 1239 1548 opes
1271 1479 1377 1533 aut
1419 1472 1750 1548 potentiam
1792 1469 2243 1533 consectabitur

158 1562 486 1629 totamque
517 1569 652 1614 eam
692 1553 782 1615 sic
810 1554 1104 1628 tuebitur,
1149 1563 1216 1616 ut
1256 1556 1537 1618 omnibus
1573 1558 1870 1617 consulat.
1934 1557 2059 1616 Nec
2093 1571 2242 1615 vero

160 1635 525 1698 criminibus
560 1637 730 1698 falsis
764 1636 825 1698 in
858 1639 1066 1699 odium
1107 1646 1216 1700 aut
1241 1638 1527 1700 invidiam
1575 1656 1942 1716 quemquam
1975 1637 2240 1709 vocabit,

160 1720 545 1794 omninoque
581 1720 666 1781 ita
704 1720 969 1782 iustitiae
1002 1722 1437 1799 honestatique
1465 1724 1895 1795 adhaerescet,
1949 1730 2046 1795 ut,
2097 1723 2242 1782 dum

161 1821 237 1865 ea
269 1813 640 1879 conservet,
693 1806 972 1882 quamvis
1014 1805 1286 1883 graviter
1315 1806 1591 1869 offendat
1622 1815 2007 1881 mortemque
2054 1820 2242 1881 oppe-

160 1896 250 1949 tat
301 1888 515 1963 potius
574 1906 757 1965 quam
819 1890 1066 1952 deserat
1115 1890 1245 1964 illa,
1314 1909 1472 1966 quae
1515 1891 1659 1952 dixi.
1748 1889 1850 1950 87.
1904 1889 2242 1949 Miserrima

164 1971 421 2032 omnino
470 1979 566 2033 est
615 1971 860 2034 ambitio
897 1974 1329 2049 honorumque
1379 1973 1719 2048 contentio,
1773 1974 1851 2031 de
1904 1988 2024 2046 qua
2071 1988 2239 2047 prae-

162 2058 333 2116 clare
386 2057 555 2132 apud
607 2058 891 2117 eumdem
942 2066 1040 2118 est
1085 2059 1432 2128 Platonem,
1494 2055 1804 2116 ‘similiter
1860 2056 2061 2113 facere
2111 2069 2242 2124 eoS,

161 2140 271 2215 qui
318 2138 483 2199 inter
511 2156 581 2200 se
626 2141 1070 2216 contenderent
1107 2149 1246 2201 uter
1291 2139 1496 2215 potius
1536 2155 1666 2200 rem
1708 2136 2012 2213 publicam
2057 2136 2243 2198 admi-

163 2223 490 2295 nistraret,
532 2229 601 2283 ut
629 2223 682 2283 si
712 2234 934 2284 nautae
963 2231 1271 2284 certarent
1301 2222 1437 2299 quis
1468 2240 1682 2285 eorum
1712 2220 2094 2299 potissimum
2137 2236 2245 2296 gu·

164 2307 505 2367 bernaret.’
577 2307 869 2382 Idemque
916 2308 1242 2384 praecipit,
1301 2315 1369 2367 ut
1412 2310 1562 2368 ‘eos
1606 2306 1996 2368 adversarios
2039 2303 2243 2367 existi-

164 2407 444 2462 memuS,
503 2390 608 2465 qui
649 2407 818 2452 arma
848 2397 1064 2452 contra
1098 2392 1325 2463 ferant,
1377 2408 1500 2453 non
1530 2408 1671 2459 eos,
1730 2389 1836 2467 qui
1871 2406 1984 2450 suo
2019 2386 2238 2448 iudicic

163 2473 327 2533 tueri
355 2489 487 2534 rem
521 2473 822 2547 publicam
857 2473 1097 2547 velint’,
1143 2475 1338 2550 qualis
1370 2474 1480 2535 suit
1509 2474 1668 2535 inter
1696 2476 1755 2534 Ρ.
1798 2473 2151 2534 Africanum
2183 2476 2247 2529 et

164 2558 237 2631 Q.
267 2558 582 2617 Metellum
616 2557 750 2618 sine
783 2558 1113 2619 acerbitate
1142 2557 1473 2619 dissensio.

295 2638 400 2700 88.
445 2642 572 2701 Nec
605 2657 751 2701 vero
784 2640 1101 2714 audiendi,
1134 2641 1236 2718 qui
1269 2639 1537 2717 graviter
1562 2638 1951 2701 irascendum
1989 2636 2242 2697 inimicis

165 2725 477 2799 putabunt
524 2724 719 2800 idque
773 2725 1139 2802 magnanimi
1189 2732 1253 2785 et
1301 2723 1477 2786 fortis
1530 2721 1646 2783 viri
1700 2738 1843 2808 e-sse
1883 2721 2244 2781 censebunt.

165 2807 322 2867 Nihil
361 2806 523 2868 enim
559 2807 949 2882 laudabilius,
985 2808 1127 2870 nihil
1151 2825 1376 2885 magno
1403 2816 1463 2869 et
1490 2807 1810 2884 praeclaro
1843 2805 1975 2867 viro
2003 2802 2245 2891 dignius

168 2891 583 2968 placabilitate
622 2901 810 2967 atque
847 2891 1185 2953 clementia.
1259 2894 1325 2952 In
1369 2890 1573 2952 liberis
1617 2906 1768 2951 vero
1819 2890 2062 2966 populis
2096 2886 2243 2947 etin

168 2974 320 3036 iuris
359 2973 794 3051 aequabilitate
831 2977 1180 3037 exercenda
1221 2974 1400 3036 etiam
1443 2982 1541 3035 est
1585 2971 1841 3035 facilitas
1886 2979 1949 3034 et
1988 2970 2242 3032 altitudo

172 3057 350 3119 animi
384 3076 543 3134 quae
578 3058 822 3129 dicitur,
864 3075 971 3133 ne,
1014 3059 1069 3120 si
1107 3059 1446 3119 irascamur
1481 3066 1586 3118 aut
1613 3056 2041 3135 intempestive
2072 3068 2244 3114 acce·

174 3142 459 3203 dentibus
493 3150 598 3204 aut
625 3143 1013 3220 impudenter
1033 3142 1412 3219 rogantibuS,
1443 3140 1503 3201 in
1527 3142 1947 3203 morositatem
1975 3134 2244 3197 inutilem

179 3234 234 3285 et
264 3225 548 3294 odiosam
579 3224 939 3288 incidamus.
1012 3228 1088 3286 Et
1115 3234 1319 3286 tamen
1367 3224 1448 3286 ita
1483 3225 1800 3301 probanda
1840 3230 1935 3281 est
1966 3232 2245 3279 mansue-

173 3310 320 3372 tudo
354 3317 544 3386 atque
574 3310 914 3384 clementia,
945 3317 1014 3371 ut
1044 3308 1407 3370 adhibeatur
1427 3307 1515 3368 rei
1544 3305 1824 3382 publicae
1854 3316 2044 3393 causa
2072 3312 2245 3356 seve-

177 3391 339 3466 ritas,
374 3392 509 3455 sine
541 3409 663 3471 qua
691 3392 1097 3454 administrari
1127 3390 1343 3453 civitas
1368 3406 1493 3450 non
1518 3391 1744 3463 potest.
1813 3380 2020 3437 Omnis
2044 3384 2247 3434 autem
