2381 3723
69 104 195 167 406
488 98 790 159 INCERTI
824 96 1214 172 AUCTORIS
1248 96 1725 160 CONSOLATIO
2049 106 2162 161 216

69 252 444 330 antiquiora,
494 266 676 326 quam
714 264 786 309 ut
827 248 1112 310 omnibus
1157 248 1220 307 in
1254 248 1608 309 memoriam
1646 247 1839 323 redigi
1877 264 1952 309 ac
1982 250 2161 325 cogi·

69 339 298 399 tatione
342 331 780 409 comprehendi
814 331 1080 409 possint.
1172 329 1310 392 123.
1352 330 1630 408 Pompeii
1672 338 1905 404 autem,
1950 333 2162 393 nostri

71 419 410 492 familiariS,
462 434 611 477 casu
652 415 800 492 quid
841 415 900 476 in
941 414 1183 476 civitate
1216 413 1450 487 notiuS,
1493 414 1639 490 quid
1673 415 1995 488 illustrius,
2047 424 2161 476 aut

71 506 218 581 quid
269 502 537 565 omnium
591 498 788 560 oculis
838 514 912 559 ac
969 498 1273 560 mentibus
1321 498 1709 575 perspectius
1766 506 1826 559 et
1879 498 2159 561 clarius?

66 590 273 657 Hunc,
322 586 374 647 si
420 592 655 644 mature
697 581 1036 643 exstinctus
1079 591 1275 654 esset,
1316 581 1463 642 nihil
1499 582 1761 654 doloris,
1805 582 1950 643 nihil
1981 583 2157 643 inva-

68 672 256 732 sisset
286 669 440 729 mali.
531 667 707 741 Quod
738 672 859 726 tam
891 666 994 726 diu
1024 664 1085 725 in
1111 666 1238 725 vita
1269 664 1515 738 mansit,
1549 665 1778 726 idcirco
1805 668 2028 727 factum
2058 677 2158 727 est

66 762 135 816 ut
164 750 487 828 singularis
520 747 881 810 calamitatis
913 751 1260 825 exemplum
1291 749 1573 810 omnibus
1604 750 1972 825 praebuerit.
2043 750 2155 811 Cui

69 855 145 899 eo
192 829 531 897 luctuosior
580 832 863 893 fortunae
909 832 1210 894 acerbitas
1253 832 1387 894 visa
1425 839 1552 906 est,
1599 850 1721 907 quo
1766 832 2040 895 feliciore
2078 849 2154 893 ac

69 919 436 983 secundiore
485 918 731 978 fortuna
767 915 827 976 in
872 916 1037 978 omni
1066 915 1194 977 vita
1220 933 1375 977 usus
1407 923 1555 976 erat.
1645 916 1791 990 Quis
1823 919 2000 977 enim'
2021 916 2151 977 uni—

68 1005 268 1067 versis
297 1002 532 1064 civibus
558 1000 887 1075 aliquando
922 998 1149 1072 carior,
1184 999 1323 1075 quis
1354 1000 1414 1059 in
1441 1007 1589 1076 toga
1615 1002 1710 1061 vel
1739 1001 1926 1061 rebus
1951 1000 2151 1077 gestis

65 1091 167 1149 vel
220 1086 556 1149 honoribus
613 1093 787 1145 extra
839 1082 1113 1144 ordinem
1159 1083 1378 1144 delatis
1420 1083 1670 1156 clarior,
1718 1085 1855 1159 quis
1903 1084 2152 1160 opibus,

66 1168 658 1248 propinquitatibus,
718 1166 995 1227 amicitiis
1037 1166 1398 1228 florentior?
1448 1167 1550 1228 cui
1585 1167 1731 1228 nihil
1769 1185 2034 1243 prorsus
2066 1168 2151 1227 ad

68 1271 367 1316 summam
408 1254 877 1327 absolutamque
909 1249 1257 1312 felicitatem
1290 1258 1538 1327 praeter
1578 1253 1907 1312 honesturn
1952 1268 2027 1312 ac
2059 1251 2150 1312 iu·

68 1340 332 1400 cundum
360 1336 524 1397 vitae
553 1333 781 1397 exitum
812 1335 1079 1395 deesset.
1172 1333 1310 1394 124.
1359 1334 1485 1396 Sed
1510 1335 1824 1396 videamus
1852 1342 2152 1410 quantum

66 1423 124 1482 in
167 1423 356 1483 rebus
395 1419 685 1482 humanis
717 1421 1000 1483 fortunae
1036 1417 1237 1493 possit
1271 1416 1509 1480 iniuria.
1596 1416 1724 1480 Nisi
1759 1418 2040 1480 malimus
2069 1419 2154 1478 ad

69 1506 379 1581 propriam
432 1502 703 1564 mortalis
756 1503 917 1563 vitae
969 1501 1147 1563 nimis
1198 1506 1483 1577 asperam
1534 1501 1948 1577 miseramque
2001 1518 2148 1563 con-

69 1588 370 1649 dicionem
414 1585 618 1647 onmia
655 1587 812 1645 mala
857 1601 1172 1646 revocare.
1262 1584 1375 1658 Qui
1406 1585 1566 1646 enim
1596 1585 1989 1662 amplissimis
2023 1586 2150 1648 for—

71 1670 230 1732 tunis
270 1686 422 1730 usus
466 1675 626 1741 erat,
670 1668 772 1744 qui
821 1668 964 1727 nihil
1004 1669 1418 1730 nisisublime
1449 1685 1522 1729 ac
1554 1670 1795 1730 beatum
1829 1686 1945 1730 nec
1978 1669 2147 1746 cogi-

68 1763 197 1816 tare
226 1770 342 1815 nec
377 1759 592 1829 optare
623 1759 1067 1825 consueverat,
1116 1751 1214 1813 cui
1246 1752 1449 1814 omnia
1478 1754 1579 1813 vel
1610 1754 1689 1813 ad
1717 1771 1897 1815 usum
1939 1755 2036 1813 vel
2067 1753 2146 1812 ad

66 1841 442 1916 voluptatem
488 1844 879 1915 supererant,
925 1837 1150 1898 bellum
1186 1852 1326 1897 cum
1356 1851 1580 1900 socero
1612 1836 1921 1912 suscepit,
1965 1838 2146 1900 dese-

65 1922 186 1983 ruit
229 1924 475 1984 domum
494 1936 519 1994 ,·
561 1921 830 1998 profugit
874 1938 953 1982 ex
983 1921 1180 1992 Italia,
1223 1929 1285 1982 et
1314 1938 1499 1995 quum
1530 1929 1709 1983 antea
1737 1921 1884 1982 nihil
1911 1920 1974 1981 in
2006 1937 2147 1982 cae-

64 2006 210 2066 teris
234 2006 410 2067 bellis
434 2005 548 2066 nisi
573 2022 813 2067 summo
841 2004 1097 2066 consilio
1125 2004 1574 2080 prudentiaque
1595 2003 1928 2080 gessisset,
1958 2022 2147 2080 quum

67 2091 165 2149 vel
187 2089 450 2150 maxime
472 2088 716 2164 ingenio
740 2088 1091 2164 iudicioque
1115 2090 1420 2150 excellere
1443 2089 1792 2159 debuisset,
1824 2088 1926 2148 sui
1946 2104 2148 2163 paene

66 2172 290 2233 oblitus
325 2186 436 2233 est.
530 2172 669 2232 125.
713 2173 927 2247 ltaque
951 2171 1227 2232 imbelles
1253 2178 1315 2232 et
1336 2171 1609 2233 infirmas
1634 2171 1878 2248 copiaS,
1908 2171 2146 2233 tirones

67 2255 571 2331 collecticiosque
628 2254 852 2316 milites
913 2272 1051 2316 cum
1105 2255 1554 2316 robustissimis
1598 2253 1947 2330 legionibus
1996 2272 2147 2315 con-

65 2341 224 2398 ferre
266 2355 391 2399 non
434 2337 760 2410 dubitavit,
808 2344 872 2398 et
912 2338 1142 2399 amisso
1194 2339 1468 2399 exercitu
1520 2339 1872 2416 ereptisque
1915 2338 2146 2400 castris

64 2421 416 2496 turpissime
460 2421 659 2481 victus
703 2419 764 2480 in
804 2435 1128 2482 servorum
1161 2437 1379 2482 manus
1413 2422 1505 2482 vir
1533 2439 1807 2484 summus
1840 2430 1901 2482 et
1933 2422 2145 2483 claris-

63 2504 255 2566 simus
297 2503 520 2564 incidit.
609 2502 749 2564 Vita
792 2521 939 2566 vero
982 2512 1052 2566 ut
1087 2505 1510 2567 miserabiliter
1546 2506 1818 2581 privatus
1860 2505 1942 2566 sit
1975 2522 2147 2568 com·

63 2604 406 2649 memorare
460 2587 605 2648 nihil
645 2593 743 2649 est
781 2605 1070 2661 necesse,
1121 2606 1310 2663 quum
1352 2606 1428 2651 eo
1475 2589 1651 2666 ipso,
1697 2589 1866 2666 quod
1908 2588 1967 2649 in
2013 2597 2146 2650 tam

61 2672 347 2733 miseram
385 2674 688 2734 fortunam
739 2673 1033 2748 delapsus
1074 2671 1259 2732 vitam
1287 2672 1414 2734 ⁴cito
1447 2672 1747 2746 amiserit,
1786 2672 1989 2734 minus
2022 2675 2146 2735 for·

59 2763 233 2817 tasse
273 2755 462 2819 miser
498 2757 738 2818 censeri
769 2756 988 2833 possit.
1075 2755 1481 2817 Beatissimus
1512 2765 1714 2818 autem
1749 2755 2020 2830 obisset,
2065 2756 2144 2830 si,

63 2856 252 2915 quum
291 2840 353 2901 in
394 2857 464 2900 re
504 2841 746 2916 publica
788 2840 1078 2913 florebat,
1137 2857 1324 2915 quum
1377 2840 1619 2901 valebat
1666 2838 2029 2900 auctoritate
2079 2847 2148 2901 et

59 2922 287 2997 gratia,
331 2936 519 2997 quum
555 2924 748 3000 copiis
782 2922 1130 3000 opibusque
1159 2923 1503 2996 adfluebat,
1536 2923 1715 2984 evita
1737 2921 2141 2984 decessisset.

63 3005 244 3066 Cuius
289 3006 652 3084 propagatio
696 3015 989 3082 quantum
1031 3005 1113 3066 illi
1158 3007 1457 3068 maeroris
1499 3022 1573 3066 ac
1619 3008 1819 3067 luctus
1869 3005 2143 3068 attulerit

62 3105 182 3147 non
235 3091 424 3152 modo
478 3090 840 3161 scribendo,
901 3091 1016 3152 sed
1069 3089 1172 3150 vix
1224 3088 1407 3150 etiam
1450 3089 1779 3165 cogitando
1831 3090 2138 3166 consequi

62 3171 383 3245 quisquam
439 3174 657 3250 possit.
765 3174 1030 3234 XXXVI.
1091 3170 1230 3234 126.
1319 3175 1532 3248 Itaque
1578 3173 1700 3234 hoc
1735 3173 2021 3235 ¹stabilito
2079 3181 2140 3234 et

58 3252 214 3325 fixo,
271 3263 527 3314 mortem
578 3255 940 3331 saepissime
993 3256 1236 3316 beatam
1283 3256 1513 3317 homini
1566 3255 1946 3332 contingere,
2010 3273 2136 3317 non

57 3333 258 3392 solum
288 3335 465 3408 quod
505 3353 621 3397 nos
663 3337 723 3395 in
767 3339 1008 3397 beatam
1050 3337 1238 3400 vitam
1277 3338 1552 3412 inducat,
1600 3339 1715 3400 sed
1752 3337 1931 3399 etiam
1964 3340 2135 3415 quod
