2381 3723
710 141 855 200 LlB.
889 142 934 200 1.
985 141 1149 200 CAP.
1189 145 1273 199 17.
1311 150 1391 201 18.
1435 147 1488 208 §-
1521 147 1780 200 53—61.
2202 138 2282 200 19

203 297 439 356 scelere
483 291 739 368 patriam
787 293 936 351 etin
974 308 1047 351 ea
1089 288 1360 351 funditus
1411 291 1675 350 delenda
1718 289 2005 365 occupati
2034 296 2097 349 et
2140 301 2285 351 sunt

204 388 261 439 et
301 378 568 438 fuerunt.
659 373 760 436 58.
808 376 935 436 Sed
976 375 1027 436 si
1082 374 1395 435 contentio
1442 373 1745 449 quaedam
1800 380 1862 432 et
1904 373 2281 449 comparatio

198 463 302 522 fiat
348 460 572 536 quibus
627 461 954 536 plurimum
996 454 1389 519 tribuendum
1424 457 1505 519 sit
1549 455 1764 530 officii,
1810 455 2121 533 principes
2164 457 2286 517 sint

195 545 395 620 patria
459 552 521 604 et
594 550 914 619 parentes,
985 559 1251 616 quorum
1314 541 1631 602 beneficiis
1691 538 1969 601 maximis
2035 539 2286 616 obligati

194 645 448 700 summ,
506 626 770 704 proximi
804 625 978 686 liberi
1006 633 1264 701 totaque
1296 627 1547 699 domuS‚
1596 642 1754 701 quae
1792 631 2033 701 spectat
2070 624 2128 685 in
2164 642 2282 685 nos

194 714 373 773 solos
405 727 610 786 neque
641 711 807 772 aliud
843 713 1028 771 ullum
1063 718 1273 786 potest
1299 711 1529 770 habere
1563 709 1939 786 perfugium,
1987 708 2283 785 deinceps

190 795 843 857 bene'convenientes
887 794 1247 872 propinqui,
1307 794 1670 871 quibuscum
1718 792 2058 854 communis
2101 793 2284 854 etiam

192 884 447 941 fortuna
479 881 840 955 plerumque
884 888 998 940 est.
1078 881 1271 955 Quam
1314 879 1394 939 ob
1425 895 1553 938 rem
1588 877 1945 953 necessaria
1976 877 2285 952 praesidia

187 966 360 1024 vitae
385 964 689 1024 debentur
710 963 784 1024 iis
817 962 1110 1038 maxime,
1138 980 1298 1038 quos
1324 969 1465 1022 ante
1495 960 1647 1034 dixi,
1682 961 1805 1021 vita
1829 969 2029 1023 autem
2057 962 2282 1021 victus-

189 1065 316 1124 que
351 1047 727 1121 communiS‚
780 1046 1064 1121 consilia,
1121 1063 1477 1121 serrnoneS,
1524 1045 2010 1120 cohortationes,
2057 1062 2280 1106 conso-

189 1132 494 1205 lationeS,
551 1130 854 1192 interdum
900 1131 1081 1192 etiam
1121 1129 1586 1207 obiurgationes
1634 1131 1693 1190 in
1750 1127 2027 1191 amicitiis
2071 1128 2283 1205 vigent

189 1214 494 1287 maxime,
549 1222 771 1290 estque
816 1231 889 1275 ea
919 1214 1362 1276 iucundissima
1394 1213 1683 1286 amicitia,
1739 1229 1922 1287 quam
1953 1212 2280 1273 similitudo

189 1317 438 1362 morum
476 1299 846 1375 coniugavit.

318 1383 544 1444 XVIII.
593 1383 692 1443 59.
782 1383 907 1443 Sed
930 1384 991 1443 in
1023 1381 1120 1443 his
1147 1383 1431 1443 omnibus
1458 1380 1686 1443 officiis
1710 1379 2046 1441 tribuendis
2074 1379 2279 1441 viden-

189 1470 339 1529 dum
377 1467 493 1527 erit
524 1466 672 1542 quid
718 1467 941 1542 cuique
982 1467 1555 1545 maximenecesse
1600 1465 1679 1527 sit
1722 1473 1783 1526 et
1828 1463 1974 1540 quid
2019 1465 2280 1541 quisque

192 1554 292 1611 vel
325 1550 466 1610 sine
511 1551 692 1611 nobis
731 1558 836 1611 aut
865 1549 1068 1626 possit
1108 1550 1409 1626 consequi
1447 1558 1705 1612 autnon
1741 1548 1961 1626 possit.
2033 1551 2121 1610 lta
2153 1568 2276 1611 non

186 1635 378 1695 iidem
432 1642 612 1695 erunt
670 1633 1196 1695 necessitudinum
1239 1635 1468 1710 gradus
1513 1634 1619 1710 qui
1667 1641 2049 1711 temporum,
2111 1644 2283 1696 sunt-

188 1735 317 1795 que
345 1716 585 1790 ol'ficia,
640 1734 799 1792 quae
839 1717 974 1778 aliis
1004 1717 1200 1793 magis
1233 1736 1417 1794 quam
1458 1718 1591 1780 aliis
1623 1719 1994 1791 debeantur,
2040 1724 2107 1779 ut
2139 1718 2281 1778 vici-

186 1820 340 1865 num
403 1800 582 1863 citius
633 1801 944 1864 adiuveris
999 1801 1058 1863 in
1118 1802 1417 1865 fructibus
1468 1801 1885 1881 percipiendis
1941 1818 2123 1878 quam
2177 1814 2282 1861 aut

186 1889 448 1948 fratrem
482 1893 587 1946 aut
622 1886 1006 1961 familiarem,
1043 1895 1131 1960 at,
1178 1887 1231 1948 si
1262 1887 1336 1949 lis
1367 1888 1426 1948 in
1462 1883 1698 1950 iudicio*
1719 1887 1826 1961 sit,
1865 1887 2279 1963 propinquum

188 1970 406 2047 potins
437 1977 501 2030 et
529 1970 792 2031 amicum
830 1987 1013 2047 quam
1042 1970 1309 2032 vicinum
1357 1971 1727 2032 defenderis.
1792 1971 1970 2030 -Haec
1998 1970 2182 2046 igitur
2221 1981 2281 2031 et

185 2055 340 2115 talia
370 2052 928 2131 circumspicienda
958 2063 1102 2116 sunt
1131 2054 1190 2115 in
1226 2054 1391 2117 omni
1424 2055 1630 2115 officio
1664 2061 1726 2115 et
1757 2054 2145 2115 consuetudo
2178 2071 2280 2114 ex-

188 2137 604 2212 ercitatioque
634 2138 962 2215 capienda,
991 2147 1059 2199 ut
1083 2138 1232 2199 boni
1266 2138 1734 2200 ratiocinatores
1760 2136 2105 2200 officiorum
2136 2154 2280 2199 esse

188 2221 516 2299 possimus
578 2229 641 2282 et
687 2223 976 2283 addendo
1034 2223 1532 2298 deducendoque
1579 2223 1793 2284 videre
1846 2239 2008 2299 quae
2061 2221 2279 2297 reliqui

188 2313 437 2367 summa
489 2306 623 2366 fiat:
683 2323 761 2367 ex
812 2313 1285 2383 quo-quantum
1338 2306 1559 2383 cuique
1611 2308 1909 2368 debeatur
1955 2305 2277 2381 intelligas.

188 2391 300 2452 60.
348 2389 473 2450 Sed
503 2397 574 2449 ut
604 2407 722 2451 nec
751 2389 973 2451 medici
1007 2407 1123 2451 nec
1152 2388 1559 2466 imperatores
1592 2409 1707 2453 nec
1741 2401 2039 2464 oratoreS,
2073 2407 2280 2465 quam-

191 2475 291 2533 vis
344 2473 494 2535 artis
549 2483 885 2551 praecepta
938 2475 1355 2551 perceperint,
1422 2475 1758 2552 quidquam
1815 2491 2039 2552 magna
2096 2475 2279 2534 laude

190 2559 450 2633 dignum
487 2556 620 2617 sine
662 2575 781 2619 usu
815 2566 877 2619 et
919 2558 1359 2620 exercitatione
1390 2559 1689 2635 consequi
1723 2568 2015 2635 possunt,
2062 2558 2153 2620 sic
2193 2560 2278 2620 of·

190 2640 316 2701 ficii
349 2642 1127 2718 conservandi'praecepta
1149 2644 1475 2704 traduntur
1495 2642 1596 2702 illa
1629 2643 1895 2718 quidem,
1923 2651 1993 2702 ut
2021 2641 2277 2703 facimus

191 2724 343 2801 ipsi,
399 2726 512 2786 scd
561 2724 653 2786 rei
701 2726 1058 2802 magnitudo
1111 2744 1295 2788 usum
1352 2743 1606 2804 quoque
1652 2725 2277 2802 exercitationemque

191 2808 532 2870 desiderat.
620 2812 830 2886 Atque
861 2811 939 2870 ab
967 2809 1040 2871 iis
1071 2812 1288 2883 rebuS,
1334 2828 1494 2887 quae
1534 2817 1679 2872 sunt
1708 2810 1767 2871 in
1800 2810 1932 2872 iure
1964 2810 2275 2873 societatis

189 2894 527 2967 humanae,
559 2910 746 2969 quem
769 2895 848 2954 ad
881 2896 1128 2955 modum
1154 2896 1413 2955 ducatur
1434 2897 1781 2971 honestum,
1814 2913 1890 2957 ex
1916 2913 2038 2972 quo
2065 2903 2275 2973 aptum

192 2983 294 3038 est
326 2976 632 3050 officium,
665 2978 817 3038 satis
851 2979 979 3038 fere
1011 2977 1296 3039 diximus.

319 3060 421 3121 61.
466 3060 937 3137 Intelligendum
963 3070 1164 3123 autem
1192 3070 1306 3137 est,
1339 3082 1528 3139 quum
1552 3066 1875 3143 proposita
1896 3066 2019 3128 sint
2046 3082 2275 3140 genera

194 3151 507 3219 quattuor,
536 3162 572 3205 e
596 3145 819 3220 quibus
844 3147 1141 3207 honestas
1167 3146 1564 3224 officiumque
1586 3159 1879 3223 manaret,
1910 3146 2272 3226 splendidis-

194 3228 417 3290 simum
446 3228 640 3290 videri
687 3231 855 3306 quod
888 3228 1090 3291 animo
1133 3247 1355 3307 magno
1399 3234 1687 3309 elatoque
1715 3235 2142 3305 humanasque
2172 3246 2273 3289 res

195 3311 576 3387 despiciente
600 3314 826 3373 factum
850 3313 947 3374 sit.
1023 3316 1236 3387 Itaque
1258 3314 1316 3374 in
1345 3315 1587 3390 probris
1613 3316 1873 3375 maxime
1898 3313 1957 3372 in
1984 3318 2271 3401 promptu

196 3402 321 3471 est,
354 3396 408 3459 si
439 3396 585 3473 quid
625 3399 742 3458 tale
775 3397 894 3457 dici
922 3398 1162 3474 potest:
1776 3447 1863 3529 2⁴
