2381 3723
161 163 259 218 191
815 151 987 212 CAP:
1010 161 1062 217 9.
1096 164 1181 217 10.
1217 161 1269 223 S·
1307 162 1577 219 33-41.
2114 156 2237 220 381

158 302 542 368 obiiciendus
592 303 717 366 non
774 310 872 365 est
921 321 1036 366 nec
1089 304 1147 366 in
1206 312 1377 367 tanto
1433 315 1934 385 argumentorum
1988 315 2236 385 acervo,

157 388 382 466 quibus
413 394 673 449 mortem
702 385 898 463 ipsam
943 388 1122 451 nobis
1170 388 1561 467 obstringere
1605 408 1929 466 conamur,
1964 394 2238 455 commit-

152 474 408 534 tendum
435 477 506 532 ut
533 472 655 532 hoc
679 487 804 533 uno
838 472 1085 534 nomine
1113 472 1315 534 minus
1347 474 1526 535 nobis
1559 476 1789 537 debere
1820 478 2119 538 videatur.
2163 479 2240 538 Et

151 555 528 633 quamquam
563 554 944 616 haecfuturi
966 563 1130 632 post
1168 564 1428 619 mortem
1463 559 1762 636 temporis
1796 577 1944 622 cura
1972 560 2237 622 hominis

147 639 408 719 propria
444 656 569 700 non
613 638 726 713 sit,
775 640 1043 701 seddis‘
1072 640 1517 703 immortalibus
1560 642 1770 720 potius
1810 644 2234 721 relinquenda,

151 740 419 802 quorum
474 739 591 784 nos
644 724 746 783 vel
794 722 1133 786 liberalitati
1188 726 1285 785 vel
1339 724 1678 803 sapientiae
1731 728 2083 804 permittere
2143 731 2236 790 fas

143 809 446 887 piumque
469 807 638 869 esset
669 841 757 851 —
779 807 882 883 qui
907 807 1064 868 enim
1100 808 1481 871 nascentium
1506 827 1714 872 curam
1744 813 2104 889 suscipiunt,
2133 814 2237 890 qui

145 892 432 954 viventes
472 897 832 968 protegunt,
878 893 1076 966 alunt,
1127 900 1407 967 tuentur,
1454 895 1694 968 fovent,
1746 911 1859 957 cur
1902 896 2235 958 morientes

142 977 480 1039 deserant?
520 1009 603 1021 --
630 975 835 1036 tamen
871 975 1100 1051 aliquid
1134 977 1313 1038 etiam
1360 980 1643 1042 modeste
1679 980 1759 1040 de
1792 979 1865 1041 ils
1911 981 2236 1054 exquirere

141 1077 275 1122 non
323 1067 421 1122 est
461 1058 687 1122 inutile.
750 1060 1024 1122 Necesse
1065 1069 1163 1123 est
1197 1068 1401 1123 autem
1433 1062 1514 1122 sit
1551 1064 1806 1125 alterum
1853 1064 1933 1124 de
1968 1064 2234 1137 duobuS,

138 1152 216 1207 ut
245 1151 352 1206 aut
380 1160 607 1206 sensus
630 1142 875 1219 penitus
902 1161 1118 1206 omnes
1149 1162 1320 1207 mors
1349 1148 1586 1207 auferat
1608 1146 1792 1210 autin
1817 1148 2001 1209 alium
2028 1164 2235 1224 quem-

142 1231 291 1290 dam
329 1227 534 1312 locum
578 1244 658 1289 ex
700 1226 794 1288 his
840 1228 994 1290 locis
1038 1235 1239 1290 morte
1282 1229 1593 1305 migretur.
1680 1232 1755 1291 X.
1811 1231 1912 1293 39.
1955 1233 2134 1308 Quod
2182 1230 2235 1292 si

138 1321 348 1375 morte
377 1329 604 1374 sensus
635 1311 1046 1388 exstinguitur
1075 1312 1409 1389 obitusque?
1435 1321 1649 1375 noster
1684 1314 1739 1375 ei
1768 1332 1989 1377 somno
2022 1314 2235 1377 similis

140 1404 277 1471 est,
324 1395 430 1472 qui
471 1411 597 1457 non
643 1412 974 1473 numquam
1022 1396 1204 1459 etiam
1255 1397 1390 1459 sine
1420 1397 1571 1459 visis
1614 1398 1997 1460 somniorum
2033 1401 2236 1477 placa·

139 1479 443 1543 tissimam
496 1478 766 1555 quietem
813 1481 1048 1555 adfert,
1104 1480 1254 1557 quid
1307 1480 1460 1543 lucri
1511 1489 1607 1543 est
1657 1482 1854 1543 emori
1904 1490 2012 1545 aut
2065 1481 2236 1559 quod

140 1564 395 1629 omnino
428 1570 675 1640 tempus
705 1564 962 1640 reperiri
985 1572 1197 1641 potest
1226 1567 1396 1641 quod
1421 1565 1478 1626 ei
1506 1566 1774 1643 tempori
1803 1573 2232 1644 anteponatur,

139 1649 243 1711 cui
289 1647 501 1710 similis
546 1649 748 1709 futura
781 1655 878 1709 est
918 1648 1302 1726 perpetuitas
1343 1648 1543 1711 omnis
1586 1651 2029 1728 consequentis
2073 1658 2236 1712 aeta-

142 1734 265 1796 tis?
317 1731 423 1794 Sin
447 1733 873 1808 migrationem
900 1732 1179 1794 malimus
1204 1750 1349 1795 esse
1370 1742 1629 1795 mortem
1659 1734 1720 1795 in
1752 1752 1861 1797 eas
1888 1751 2051 1809 oras,
2077 1750 2232 1811 quas

138 1835 178 1880 e
211 1815 338 1878 vita
368 1816 630 1895 profecti
666 1815 970 1891 incolunt,
1017 1815 1165 1894 quid
1211 1817 1535 1894 optabilius
1582 1834 1763 1894 quam
1808 1819 1888 1879 ad
1942 1836 2052 1880 eos
2096 1836 2234 1896 pro-

136 1901 369 1974 ficisci,
415 1917 576 1977 quos
619 1907 898 1963 mortuos
931 1901 1151 1963 vivens
1183 1901 1506 1976 dilexeriS,
1539 1909 1603 1962 et
1636 1918 1774 1963 cum
1820 1902 1895 1963 iis
1930 1910 2234 1979 perpetua

137 1987 268 2048 vita
297 1983 563 2063 perfrui,
609 1984 744 2061 qui,
787 1991 855 2046 ut
882 2001 1000 2047 nos
1028 1985 1091 2045 in
1128 1987 1314 2046 laude
1344 1985 1695 2047 viveremus
1728 1993 1787 2046 et
1817 1985 2077 2046 libenter
2107 2001 2235 2045 mo·

139 2087 448 2142 ceremur,
492 2067 622 2131 suis
654 2076 719 2130 et
757 2067 1111 2147 praeceptis
1143 2076 1207 2131 et
1235 2068 1535 2146 exemplis
1563 2075 1736 2130 tanto
1774 2085 1966 2145 opere
1996 2069 2235 2130 labora·

136 2156 327 2216 runt?
426 2153 529 2214 40.
587 2151 734 2214 Mihi
777 2161 944 2214 certe
986 2151 1135 2214 nihil
1172 2152 1421 2216 videtur
1466 2151 1716 2214 evenire
1757 2168 1951 2230 posse
1999 2153 2232 2229 gratius

138 2253 359 2319 quam,
394 2236 447 2300 si
477 2254 655 2298 mors·
673 2236 905 2298 aditum
935 2237 1012 2297 ad
1044 2237 1160 2298 alia
1190 2239 1330 2299 loca
1360 2236 1730 2313 patefaciat,
1764 2237 1843 2298 ad
1876 2253 1988 2299 eos
2020 2235 2233 2297 venire

136 2329 203 2383 et
241 2338 380 2384 cum
428 2320 502 2382 iis
542 2337 717 2394 esse,
763 2338 924 2397 quos
967 2328 1032 2382 et
1072 2321 1335 2384 maxime
1380 2321 1567 2382 dilexi
1601 2328 1674 2383 et
1714 2338 2050 2399 numquam
2104 2338 2230 2383 non

137 2405 397 2482 diligere
439 2421 513 2467 ac
545 2406 802 2466 laudare
843 2423 1125 2482 possum.
1199 2407 1301 2468 Ad
1347 2423 1524 2469 meos
1561 2414 1764 2471 autem
1795 2413 1859 2467 et
1897 2406 2138 2468 adfines
2172 2413 2234 2466 et

136 2490 377 2552 amicos
405 2496 476 2551 ut
517 2505 900 2566 pervenero,
945 2497 1178 2566 quanto
1205 2507 1410 2568 opere
1445 2491 1753 2553 laetabor!
1816 2492 1986 2567 Quae
2020 2492 2231 2552 iucun-

137 2574 281 2636 dior
311 2573 674 2647 collocutio,
721 2573 825 2649 qui
855 2573 1111 2636 suavior
1137 2575 1240 2635 vel
1275 2590 1656 2650 congressus
1695 2576 1794 2635 vel
1826 2576 2231 2652 complexus?

138 2658 186 2718 Ο
216 2658 480 2719 ‘vitam'
517 2674 661 2719 vere
695 2661 716 2694 ‘
737 2657 1040 2732 vitalem',
1087 2665 1156 2720 ut
1186 2657 1269 2718 ait
1308 2657 1571 2732 Ennius,
1618 2659 1904 2720 omnibus
1944 2656 2125 2719 bonis
2157 2673 2231 2716 ac

135 2740 381 2818 gaudiis
414 2740 966 2815 circumfluentem,
1001 2743 1116 2804 sed
1144 2743 1390 2803 beatam
1420 2740 1601 2803 etiam
1629 2748 1921 2814 mortem,
1959 2740 2118 2816 quae
2149 2740 2231 2801 ad

133 2824 562 2888 beatissimam
591 2826 777 2887 vitam
811 2825 1042 2888 aditum
1071 2826 1328 2902 aperiat.
1386 2827 1488 2887 Me
1530 2824 1815 2902 quidem,
1851 2826 1967 2887 etsi
2012 2825 2231 2888 dolore

134 2909 542 2972 vehementer
592 2912 946 2987 perculsum
991 2917 1053 2972 et
1097 2909 1441 2986 adflictum,
1490 2909 1584 2971 his
1637 2916 1834 2971 tamen
1878 2908 2124 2971 monitis
2169 2916 2231 2970 et

135 2993 493 3072 praeceptis
529 3012 656 3058 non
689 2993 1082 3056 mediocriter
1115 2993 1390 3055 adlevari
1420 2992 1643 3056 sentio.
1731 2996 1833 3057 41.
1876 2997 2090 3070 Itaque
2128 3010 2228 3054 ne-

135 3077 362 3143 minem
393 3086 545 3156 puto
579 3079 714 3141 lore
746 3095 927 3156 quem
958 3095 1083 3140 non
1117 3077 1395 3140 rationes
1438 3096 1473 3139 a
1514 3077 1698 3140 nobis
1726 3085 1851 3140 tam
1886 3077 2164 3138 studiose
2194 3093 2229 3136 e

135 3162 508 3240 sapientium
533 3162 702 3225 libris
729 3164 1025 3225 collectae
1057 3162 1274 3225 iuvent
1301 3178 1377 3225 ac
1408 3163 1748 3238 delectent,
1783 3178 1989 3239 eoque
2012 3159 2225 3238 magis,

138 3264 268 3323 quo
319 3247 589 3311 leviores
645 3255 826 3310 erunt
873 3245 1131 3308 aliorum
1184 3248 1469 3322 dolores,
1523 3264 1705 3324 quam
1759 3245 1890 3320 hic,
1933 3262 2056 3322 quo
2110 3261 2227 3306 nos

137 3336 310 3393 tanto
352 3348 546 3409 opere
581 3331 788 3394 vexati
820 3347 1056 3394 sumus.
1112 3332 1261 3392 Nam
1300 3332 1353 3394 si
1387 3349 1591 3407 amor,
1634 3330 1687 3393 si
1715 3331 1913 3408 pietas
1944 3328 2137 3400 filiae,
2173 3325 2224 3388 si

138 3413 367 3493 virtus,
416 3417 471 3479 si
512 3416 819 3494 gravium,
870 3415 923 3477 si
965 3415 1342 3493 constantia,
1392 3416 1446 3478 si
1489 3423 1764 3490 caetera,
1816 3430 1975 3492 quae
2025 3410 2127 3472 vix
2164 3409 2224 3470 in
