2381 3723
156 103 281 166 318
960 104 1439 163 FRAGMENTA

157 256 353 329 Haec,
387 261 573 329 caput
602 262 787 329 atque
815 256 1034 316 oculos
1064 261 1367 328 torquens
1400 252 1479 311 ad
1508 258 1682 330 terga
1712 253 1937 327 Nepai‘,

161 339 582 412 Convexoquc
613 336 752 399 sinu
781 337 1035 399 subiens
1063 338 1300 397 inferna
1330 335 1583 406 LeoniS‚

161 423 522 483 Centaurum
558 420 677 481 leni
709 422 1005 495 contingit
1032 420 1264 482 lubrica
1298 420 1528 480 cauda:

157 507 219 564 In
258 502 587 578 medioque
619 503 755 564 sinu
788 506 1027 580 fulgens
1058 504 1411 564 Craterra
1445 503 1696 561 relucet.

156 587 506 647 Extremam
539 585 738 648 nitens
768 589 1037 663 plumato
1063 602 1327 662 corpore
1360 588 1455 647 Co
1476 601 1660 645 rvus

154 671 384 732 Rostro
423 669 649 741 tundit,
688 677 749 729 et
787 670 883 728 hic
917 669 1182 730 Geminis
1214 676 1312 730 est
1337 669 1436 729 ille
1465 669 1581 729 sub
1615 666 1767 743 ipsis

156 754 319 814 Ante
352 754 606 826 Canem,
639 752 816 813 Graio
847 745 1186 830 Προκύων
1218 752 1321 827 qui
1351 749 1596 812 nomine
1625 752 1834 812 fertur.

279 836 449 896 Haec
480 843 652 907 sunt,
687 851 848 911 quae
875 838 1089 898 visens
1119 843 1422 897 nocturno
1453 841 1731 910 tempore
1762 835 1939 912 signa

155 923 620 995 Aeternumque
660 920 876 981 volens
908 919 1115 980 mundi
1147 933 1522 995 pernoscere
1553 925 1781 979 motum

155 1002 452 1078 Legitimo
487 1017 705 1063 cernes
735 1005 969 1063 caelum
997 1002 1315 1063 lustrantia
1345 1017 1549 1061 cursu.

158 1087 307 1146 Nam
340 1102 498 1162 quae
529 1102 642 1162 per
676 1086 770 1148 bis
802 1102 916 1147 sex
948 1086 1265 1162 signorum
1297 1084 1489 1145 labier
1523 1086 1736 1146 orbem

156 1169 434 1244 Quinque
454 1171 659 1230 solent
686 1171 929 1244 stellae,
960 1169 1138 1230 simili
1165 1168 1404 1231 ratione
1435 1168 1630 1228 notari

153 1254 286 1313 Non
321 1258 613 1327 possunt,
646 1253 816 1328 quIa,
851 1269 1011 1328 quae
1043 1252 1273 1313 faciunt
1302 1251 1560 1327 vestigia
1591 1268 1792 1323 cursu,

154 1337 286 1396 Non
325 1336 549 1397 eodem
578 1352 828 1412 semper
859 1335 1058 1411 spatio
1094 1335 1349 1419 protrita
1377 1336 1670 1395 feruntur.

157 1419 257 1480 Sic
286 1422 520 1480 malunt
553 1435 759 1480 errare
797 1436 990 1494 vagae
1021 1436 1134 1495 per
1162 1404 1367 1479 nubila
1396 1418 1576 1491 caeli,

155 1507 359 1577 Atque
386 1519 538 1564 suos
572 1502 742 1563 vario
775 1509 944 1563 motu
975 1503 1241 1562 metirier
1272 1502 1477 1563 orbes.

153 1586 287 1645 Hae
320 1586 552 1646 faciunt
582 1601 840 1660 magnos
870 1573 1188 1660 ’longinqui
1219 1583 1513 1661 temporis
1543 1600 1770 1656 ann08‚

154 1669 348 1742 Quum
383 1668 644 1729 redeunt
670 1669 749 1728 ad
780 1668 939 1729 idem
970 1667 1121 1739 caeli
1155 1668 1272 1730 sub
1301 1666 1566 1744 tegmine
1597 1668 1866 1743 signum:

153 1751 418 1825 Quarum
451 1766 569 1827 ego
603 1767 765 1812 nunc
794 1766 1035 1827 nequeo
1066 1758 1235 1813 totos
1268 1753 1556 1812 evolvere
1586 1767 1824 1812 cursus.

151 1836 379 1895 Verum
408 1835 594 1907 haec,
631 1851 791 1911 quae
828 1851 1076 1912 semper
1110 1843 1279 1898 certo
1309 1836 1641 1897 volvuntur
1668 1833 1728 1895 in
1762 1835 1912 1896 orbe

149 1918 327 1989 Fixa,
361 1918 539 1980 simul
570 1935 829 1995 magnos
861 1922 1114 1982 edemus
1141 1920 1427 1996 gentibus
1462 1920 1667 1980 orbes.

280 2002 611 2077 Quattuor,
639 2009 890 2065 aeterno
926 2006 1252 2065 lustrantes
1283 2002 1507 2063 lumine
1537 2003 1855 2075 mundum,

153 2085 348 2146 Orbes
380 2088 675 2163 stelligeri
704 2096 1023 2163 portantes
1054 2087 1230 2163 signa
1261 2090 1563 2158 feruntur,

151 2169 436 2242 Amplexi
465 2178 662 2230 terras
697 2171 850 2230 caeli
885 2172 1000 2232 sub
1032 2171 1298 2247 tegmine
1329 2170 1477 2231 fulti.

148 2251 199 2310 E
231 2251 452 2326 quibus
483 2270 782 2315 annorum
814 2254 1128 2316 volitantia
1156 2254 1382 2316 lumina
1412 2267 1669 2324 nosceS,

152 2336 318 2410 Quae
352 2334 562 2397 densis
598 2338 882 2400 distincta
911 2338 1114 2399 licebit
1147 2354 1401 2399 cernere
1435 2334 1648 2413 signis,

150 2419 297 2480 Tam
332 2435 593 2495 magnos
627 2421 811 2483 orbes
848 2437 1069 2497 magno
1103 2438 1240 2483 cum
1272 2419 1497 2481 lumine
1528 2421 1715 2491 latoS,

150 2502 411 2565 Vinctos
437 2504 595 2565 inter
626 2522 694 2565 se
730 2514 792 2566 et
819 2506 999 2567 nodis
1033 2505 1399 2566 caelestibus
1431 2510 1643 2579 aptOS,

150 2593 358 2663 Atque
390 2588 521 2662 pari
548 2588 746 2666 spatio
781 2592 904 2652 duo
937 2605 1154 2650 cernes
1190 2606 1333 2650 esse
1363 2587 1628 2649 duobus,

148 2675 234 2733 At
264 2671 317 2733 si
342 2678 645 2735 nocturno
685 2674 1013 2735 convisens
1045 2678 1319 2749 tempore
1355 2673 1588 2736 caelum
1608 2716 1622 2740 ‚

153 2758 347 2831 Quum
379 2773 583 2832 neque
611 2758 879 2832 caligans
912 2756 1165 2817 detersit
1194 2755 1398 2817 sidera
1426 2754 1651 2826 nubeS,

152 2842 275 2900 Nec
308 2841 490 2914 pleno
526 2842 735 2901 stellas
770 2840 1084 2916 superavit
1110 2839 1337 2900 lumine
1364 2839 1567 2910 Luna,

154 2922 374 2984 Vidisti
406 2940 688 2999 magnum
719 2926 1077 2985 candentem
1112 2940 1365 2999 serpere
1395 2922 1642 2983 circum.

152 3009 480 3068 Lacteus
513 3007 609 3067 hic
644 3007 826 3069 nimio
859 3009 1098 3083 fulgens
1130 3009 1400 3067 candore
1429 3012 1696 3066 notatur.

152 3094 212 3152 Is
243 3107 365 3151 non
398 3096 763 3167 perpetuum
794 3091 1093 3152 detexens
1124 3090 1372 3152 conficit
1403 3090 1645 3151 orbem:

159 3175 442 3243 Quattuor
467 3176 606 3236 huic
633 3177 813 3235 simili
833 3179 1076 3236 nitentes
1101 3179 1250 3235 mole
1273 3174 1560 3248 feruntur
1573 3193 1592 3229 .-

157 3255 281 3313 Sed
309 3257 508 3329 spatio
541 3260 791 3317 multum
827 3258 1068 3333 superis
1109 3264 1423 3334 praestare
1452 3254 1712 3315 duobus·

155 3336 386 3397 Dicitur
414 3348 475 3397 et
504 3342 622 3399 late
653 3339 803 3399 caeli
832 3342 1090 3401 lustrare
1121 3355 1440 3402 cavernas.

2132 114 2237 168 128

2080 594 2240 661 (22⁰)

2075 1009 2236 1079 (225)

2126 1095 2241 1151 470

2074 1426 2238 1493 (230)

2123 1510 2237 1564 475

2070 1839 2230 1907 (235)

2071 2254 2230 2325 (24⁰)

2071 2676 2228 2740 (245)

2065 3088 2219 3155 (250)

2118 3177 2224 3229 495
