2381 3723
88 138 217 201 420
512 140 586 198 ΙΝ
591 138 811 198 CERTI
839 138 1225 200 AUCTORIS
1258 134 1733 199 CONSOLATIO
2059 146 2171 198 230

91 289 316 352 caeteri
347 288 629 350 homines
666 288 876 349 libenti
914 290 1115 350 animo
1158 290 1450 361 subeant,
1491 287 1564 350 iis
1602 303 1672 349 se
1705 303 1830 348 non
1868 302 2010 346 esse
2056 287 2166 347 ob-

90 376 386 437 strictum.
479 372 620 434 173.
680 372 832 446 Quid
884 372 1083 433 enim?
1137 390 1217 433 an
1258 372 1546 449 ignorare
1588 371 1910 447 quisquam
1955 376 2170 444 potest

91 465 318 534 quanta
370 456 528 517 inter
581 455 863 518 homines
921 457 1209 532 cognatio
1265 457 1345 517 sit
1393 462 1743 532 quantaque
1794 452 2169 514 similitudo?

89 541 355 613 Etenim,
404 538 520 601 nisi
558 540 677 601 hoc
714 556 929 601 verum
973 541 1332 614 fateremur,
1380 555 1606 600 causae
1649 537 1792 597 nihil
1840 544 2011 597 esset
2060 554 2164 600 cur

87 626 272 685 homo
307 623 610 684 hominem
644 623 936 697 consilio,
966 641 1066 697 re,
1098 624 1322 698 gratia,
1360 623 1624 695 iuvaret,
1657 624 1735 684 ab
1765 620 2035 682 hostium
2061 621 2168 684 im-

88 716 235 785 petu
258 723 331 767 ac
362 706 637 767 laesione
670 708 1046 768 defenderet.
1093 708 1273 782 Quod
1302 716 1516 769 contra
1548 705 1826 768 videmus
1861 704 2162 776 accidere,

86 799 181 863 ut,
216 790 319 866 qui
352 791 426 848 ab
457 789 554 850 his
593 790 935 852 actionibus
969 798 1211 851 avertat
1238 791 1533 864 animum,
1566 807 1689 852 non
1724 789 1910 850 modo
1940 789 2003 848 in
2039 790 2169 849 vul-

87 892 202 950 gus
233 874 614 948 improbetur
633 923 648 948 ,
682 874 794 935 sed
826 874 1005 935 etiam
1040 874 1496 936 inhumanitatis
1528 890 1601 934 ac
1631 872 1883 935 feritatis
1915 889 2169 934 accuse·

86 968 203 1020 tur.
271 960 446 1019 Certe
476 956 635 1018 enim
672 976 795 1020 non
829 975 864 1018 e
906 975 1209 1019 marmore
1243 958 1469 1035 sculpti
1498 965 1605 1019 aut
1641 975 1676 1018 e
1720 958 1945 1018 robore
1977 956 2171 1017 dolati

88 1059 339 1103 sumus:
373 1048 469 1102 est
498 1040 558 1101 in
594 1041 772 1103 nobis
812 1041 1132 1118 quiddam,
1164 1043 1332 1118 quod
1364 1042 1590 1118 pietate
1621 1039 2192 1115 misericordiaque·

89 1132 410 1186 moveatur
449 1141 564 1185 nec
596 1125 901 1202 exstingui
944 1125 1104 1187 sinat
1141 1125 1330 1199 illam,
1362 1143 1484 1202 qua
1514 1124 1609 1186 dis
1638 1123 1901 1201 proximi
1929 1140 2171 1195 sumuS,

87 1208 336 1270 iuvandi
368 1225 442 1269 ac
473 1209 630 1269 bene
668 1208 929 1274 faciendi
958 1211 1351 1271 voluntatem.
1437 1211 1531 1270 LI.
1584 1210 1723 1269 174.
1762 1210 1975 1283 Itaque
2021 1206 2172 1268 insi-

88 1300 213 1353 tum
238 1291 467 1353 homini
499 1301 683 1369 atque
707 1293 979 1355 innatum
1009 1293 1278 1366 videtur,
1310 1300 1408 1365 ut,
1444 1290 1730 1368 quotiens
1762 1291 1942 1352 alium
1971 1290 2172 1353 homi-

87 1394 257 1449 nem,
293 1376 572 1453 quamvis
603 1376 894 1450 alienum,
935 1377 1129 1452 premi
1163 1376 1502 1438 calamitate
1541 1385 1726 1451 atque
1757 1392 2051 1436 aerumna
2082 1375 2172 1434 vi-

88 1462 257 1533 deat,
291 1460 596 1521 crucietur
616 1460 817 1522 animo
850 1478 993 1535 nec,
1026 1459 1080 1521 si
1105 1462 1362 1521 facultas
1392 1468 1713 1536 suppetat,
1746 1458 2168 1520 dimittendam

86 1552 262 1621 putet
300 1543 459 1605 illius
504 1543 865 1605 sublevandi
903 1544 1315 1606 occasionem.
1384 1545 1574 1619 Quam
1606 1542 1764 1604 enim
1799 1543 1967 1619 ipse,
2003 1543 2061 1604 si
2088 1559 2168 1602 eo

87 1629 226 1688 loco
252 1633 450 1698 esset,
476 1626 908 1701 benignitatem
933 1627 1049 1688 sibi
1071 1627 1368 1703 impartiri
1399 1635 1666 1704 optaret,
1698 1643 1771 1687 ea
1800 1635 1869 1687 ut
1896 1624 1955 1685 in
1982 1627 2168 1686 alium

89 1718 321 1783 utatur,
351 1716 567 1770 natura
594 1709 778 1770 tacita
810 1711 1075 1785 quadam
1105 1727 1264 1773 voce
1295 1727 1545 1774 monere
1582 1727 1655 1772 ac
1685 1709 2050 1788 praecipere
2085 1709 2161 1769 vi·

89 1796 282 1855 detur.
349 1794 517 1869 Quae
550 1793 732 1870 igitur
773 1794 886 1855 sibi
919 1794 1165 1855 evenire
1198 1813 1391 1873 posse
1422 1794 1687 1868 dubitet,
1721 1810 1795 1854 ea
1838 1793 1892 1855 si
1932 1793 2166 1854 contin·

87 1888 261 1954 gant,
308 1896 418 1940 cur
457 1879 597 1955 angi
638 1895 711 1939 ac
742 1880 1082 1956 perturbari
1119 1879 1296 1954 velit,
1340 1887 1446 1941 aut
1481 1897 1590 1941 cur
1637 1896 1760 1941 non
1794 1877 2003 1955 potius
2054 1879 2165 1939 hu-

88 1980 266 2023 mana
313 1963 416 2022 illa
465 1979 608 2023 esse
663 1970 725 2023 et
776 1964 1059 2024 omnibus
1110 1964 1458 2024 hominibus
1513 1962 1812 2040 proclivia
1866 1963 2170 2023 fateatur?

95 2048 227 2106 175.
268 2048 505 2121 Quanto
540 2046 766 2107 rectius
809 2047 940 2119 ille,
973 2046 1077 2122 qui
1108 2047 1452 2108 ‘hominem
1496 2046 1926 2122 se’fagnoscit
1955 2045 2168 2105 ‘nihil-

88 2147 210 2205 que
239 2129 488 2190 humani
518 2147 555 2190 a
577 2147 648 2191 se
677 2130 938 2191 alienum
968 2132 1220 2205 putat?’
1276 2133 1487 2207 Itaque
1519 2147 1704 2207 quum
1736 2130 1896 2190 hanc
1929 2146 2009 2189 ex
2035 2129 2165 2188 ani-

86 2215 200 2273 mis
231 2213 462 2274 nostris
493 2212 874 2289 opinionem,
908 2215 1066 2274 mala
1097 2213 1300 2274 omnia
1330 2232 1453 2276 non
1485 2230 1628 2274 esse
1664 2215 1948 2286 humana,
1975 2212 2164 2273 veluti

84 2296 368 2357 immitem
407 2297 732 2372 quamdam
770 2304 832 2356 et
872 2297 1190 2357 immanem
1227 2298 1465 2358 beluam
1509 2296 1987 2370 extraxerimus,
2025 2313 2164 2371 pro-

84 2382 246 2441 fecto
277 2380 479 2442 minus
511 2379 732 2442 misere
763 2380 1088 2455 minusque
1118 2381 1379 2441 sollicite
1403 2380 1700 2441 vivemus.
1761 2379 2169 2455 Relinquetur

85 2462 242 2524 enim
285 2463 388 2524 illa
430 2462 748 2538 cogitatio,
803 2479 1230 2539 quaecumque
1274 2464 1585 2539 accidant,
1633 2464 1869 2525 fortiter
1909 2464 2169 2524 ferenda

84 2563 227 2608 esse
258 2546 528 2620 nihilque
551 2563 744 2622 posse
774 2546 1003 2608 homini
1033 2547 1311 2621 evenire,
1344 2564 1467 2624 quo
1501 2547 1774 2609 funditus
1810 2555 2167 2622 prosterna-

82 2639 206 2691 tur:
237 2631 426 2707 idque
454 2628 538 2690 ita
575 2630 719 2704 erit,
756 2630 809 2691 si
837 2631 1145 2693 nobismet
1181 2631 1335 2708 ipsis
1371 2649 1495 2694 non
1529 2630 2016 2704 adsentabimur,
2048 2631 2170 2692 sed

84 2714 432 2787 veritatem,
468 2714 588 2791 qua
618 2714 763 2775 nihil
799 2715 1202 2791 praeclariuS,
1241 2714 1701 2792 praestabiliuS,
1731 2713 1983 2776 uberius
2019 2731 2171 2776 esse

81 2807 321 2874 potest,
355 2804 487 2860 toto
524 2806 778 2875 pectore
808 2802 1267 2876 amplectemur.
1320 2800 1490 2860 Haec
1520 2799 1679 2859 enim
1702 2799 1804 2859 illa
1832 2805 1948 2869 est,
1980 2815 2167 2873 quam

83 2882 364 2943 adsecuti
404 2883 689 2943 meliores
738 2885 928 2944 multo
965 2882 1267 2943 efficimur
1309 2892 1368 2943 et
1406 2884 1484 2943 ad
1528 2883 1898 2959 perferenda
1933 2882 2170 2943 inconi-

83 2967 268 3026 moda
310 2968 751 3042 praeclaraque
788 2968 1144 3043 peragenda
1178 2965 1540 3039 alacriores,
1593 2966 1731 3027 176.
1779 2982 1967 3040 quum
2000 2966 2169 3039 nihil,

80 3049 196 3109 nisi
234 3051 402 3125 quod
439 3057 674 3110 rectum
706 3057 768 3110 et
797 3068 1060 3128 aequum
1093 3058 1218 3126 est,
1258 3049 1561 3112 laudabile
1593 3049 1961 3112 arbitramur
1992 3049 2172 3109 nihil-

84 3151 204 3207 que
245 3133 408 3195 aliud
444 3133 559 3195 nisi
604 3133 849 3210 egregia
893 3135 1021 3205 illa,
1073 3151 1148 3195 ex
1184 3134 1407 3211 quibus
1449 3152 1600 3195 vera
1629 3134 1824 3210 gloria
1867 3134 2169 3206 nascitur,

83 3217 447 3289 expetimus.
504 3218 599 3277 Ac
633 3217 776 3276 mihi
808 3217 1029 3279 videor
1059 3218 1236 3279 nimis
1271 3218 1453 3279 etiam
1484 3234 1646 3279 nunc
1682 3226 1945 3294 anguste
1976 3226 2171 3294 atque

82 3297 319 3356 exiliter
350 3314 552 3371 agere.
624 3300 737 3373 Qui
778 3300 939 3361 enim
970 3301 1150 3362 latior
1193 3301 1374 3362 obiici
1407 3318 1660 3379 campus
1704 3310 1890 3378 queat
1934 3301 1994 3361 in
2038 3318 2167 3377 quo

82 3376 369 3436 fidentius
400 3385 583 3451 atque
615 3382 878 3441 alacrius
916 3386 1227 3445 exsultare
1261 3385 1463 3461 possit
1494 3384 1729 3447 oratio?
1786 3383 1915 3447 Sed
1946 3384 2168 3445 faciam
