2381 3723
212 150 314 206 173
863 146 1030 204 CAP.
1060 153 1252 209 6—8.
1296 155 1346 215 5.
1382 156 1639 209 15--2-2.
2164 148 2289 211 363

206 293 368 372 piam
419 310 633 354 eorum
679 295 899 355 falsum
946 302 1072 368 est,
1127 294 1227 355 hic
1275 298 1476 372 palam
1520 298 1757 370 refelle,
1821 311 1987 358 unde
2034 306 2131 373 tu,
2184 301 2290 376 qui

208 379 393 439 modo
438 393 521 437 ne
564 386 880 453 paternam
924 378 1171 453 quidem
1215 380 1461 440 domum
1503 379 1806 441 redimere
1838 380 2149 458 potueris,
2193 400 2287 443 re·

206 468 392 539 pente
422 467 730 536 tamquam
761 462 1001 522 somnio
1032 463 1251 523 beatus
1283 463 1494 524 hortos
1518 461 2049 539 preciosissimoS,
2083 465 2290 526 villam

203 544 435 605 Tiburti
460 544 521 604 C.
539 544 849 617 Caesaris,
882 544 1154 621 reliquas
1181 545 1622 622 possessiones
1646 547 1984 623 paraveris.
2040 546 2142 609 20.
2175 550 2290 610 Ne-

211 646 334 705 que
387 627 580 703 piguit
635 645 934 704 quaerere
991 631 1101 690 cur
1153 646 1270 705 ego
1322 628 1385 688 P.
1424 630 1629 691 Crassi
1679 631 1927 691 domum
1980 631 2288 707 emissem,

210 729 400 788 quum
430 719 496 771 tu
530 712 756 773 veteris
789 712 966 773 villae
995 714 1282 774 dominus
1315 713 1432 785 siS,
1475 713 1647 774 cuius
1683 716 1887 789 paullo
1920 724 2061 776 ante
2095 718 2291 777 fuerat

209 797 456 857 Caesar.
543 796 762 867 Mod0‚
810 796 1088 872 inquam,
1145 797 1508 872 patrimonio
1546 814 1669 859 non
1710 813 1994 873 comeso,
2040 800 2151 860 sed
2184 801 2287 860 de-

207 886 430 942 vorato
477 879 699 953 quibus
740 879 1079 942 rationibus
1125 889 1382 955 repente
1421 882 1617 942 factus
1651 898 1720 943 es
1758 889 1879 942 tam
1912 882 2197 944 adfluens
2231 889 2290 942 et

208 971 333 1024 tam
356 963 616 1024 beatus?
686 962 838 1024 Nam
864 963 999 1039 quis
1023 972 1083 1025 te
1106 965 1338 1026 faceret
1360 964 1648 1025 heredem
1665 1010 1680 1037 ‚
1716 982 1896 1040 quem
1921 983 1998 1027 ne
2027 967 2290 1026 amIcum

209 1046 461 1122 quidem
489 1062 667 1106 suum
699 1047 849 1108 satis
878 1043 1206 1109 honestum
1230 1048 1555 1123 quisquam
1586 1048 1703 1109 sibi
1733 1050 1902 1109 ducit
1932 1049 2049 1110 nisi
2078 1049 2289 1110 similis

208 1148 285 1191 ac
319 1147 433 1206 par
468 1129 611 1190 tui?
679 1132 838 1190 v111.
881 1136 966 1191 At
994 1132 1244 1192 hercule
1269 1131 1516 1207 egregia
1541 1133 2020 1193 factamaiorum
2047 1140 2290 1214 tuorum

210 1223 273 1274 te
317 1214 647 1274 extollunt:
695 1231 957 1290 quorum
991 1214 1124 1275 sive
1153 1222 1221 1275 tu
1252 1215 1466 1276 similis
1498 1232 1566 1277 es
1603 1215 1735 1277 sive
1763 1215 1845 1276 illi
1878 1216 1993 1289 tui,
2039 1217 2182 1276 nihil
2211 1216 2289 1276 ad

210 1297 487 1359 omnium
532 1299 736 1358 scelus
781 1315 854 1358 ac
895 1297 1227 1373 nequitiam
1269 1298 1413 1358 addi
1457 1305 1683 1375 potest.
1769 1298 1871 1359 21.
1917 1301 2180 1373 Verum,
2223 1305 2293 1359 ut

210 1380 465 1457 opinor,
507 1381 778 1441 honores
807 1380 897 1442 tui
926 1382 1251 1443 te‘faciunt
1280 1382 1668 1460 insolentem.
1755 1383 1874 1455 Tu,
1922 1383 2138 1459 Crispe
2161 1382 2289 1444 Sal-

209 1463 388 1536 lusti,
435 1464 728 1524 tantidem
774 1473 953 1541 putas
995 1482 1139 1528 esse
1169 1465 1264 1526 bis
1297 1472 1641 1527 senatorem
1671 1475 1734 1526 et
1762 1466 1856 1527 bis
1897 1473 2290 1542 quaestorem

210 1547 350 1610 fieri
391 1548 1154 1623 quanti'bisconsularem
1186 1558 1249 1609 et
1274 1550 1369 1609 bis
1403 1549 1863 1625 triumphalem?
1936 1552 2156 1612 Carere
2190 1551 2291 1609 de-

213 1632 321 1691 bet
351 1629 515 1692 omni
545 1630 692 1692 vitio
728 1632 830 1707 qui
861 1632 918 1692 in
955 1634 1209 1693 alterum
1244 1641 1495 1709 paratus
1528 1639 1623 1694 est
1654 1633 1879 1694 dicere.
1955 1636 2012 1695 Is
2046 1635 2289 1694 demum

211 1716 374 1775 male
404 1714 576 1787 dicit,
620 1714 724 1790 qui
753 1732 874 1777 non
906 1723 1114 1791 potest
1145 1733 1359 1777 verum
1389 1718 1467 1775 ab
1504 1718 1695 1777 altero
1727 1717 1958 1778 audire.
2049 1717 2173 1778 Sed
2203 1724 2290 1787 tu,

213 1797 485 1861 omnium
528 1815 879 1860 mensarum
921 1800 1195 1873 adsecm,
1249 1799 1517 1860 omnium
1560 1800 1974 1861 cubiculorum
2007 1801 2069 1861 in
2103 1799 2290 1876 prima

213 1890 418 1943 aetate
448 1885 651 1958 pellex
679 1891 741 1943 et
766 1883 927 1943 idem
954 1891 1171 1958 postea
1197 1884 1463 1956 adulter,
1499 1882 1695 1944 omnis
1720 1885 1952 1945 ordinis
1974 1884 2289 1959 turpitudo

210 1984 287 2028 es
324 1975 387 2028 et
418 1965 611 2027 civilis
642 1966 780 2026 belli
813 1967 1126 2027 memoria.
1164 1988 1169 1991 ·
1220 1967 1374 2040 Quid
1405 1965 1564 2026 enim
1595 1965 1715 2027 hoc
1744 1967 1993 2041 gravius
2028 1965 2152 2042 pati
2181 1980 2293 2042 po·

213 2049 444 2111 tuimus
474 2066 655 2125 quam
688 2051 858 2125 quod
880 2057 950 2110 te
979 2050 1349 2110 incolumem
1382 2049 1443 2108 in
1481 2050 1599 2110 hoc
1636 2049 1852 2110 ordine
1889 2049 2295 2110 videbamus?

213 2133 320 2194 22.
375 2133 602 2195 Desine
643 2135 849 2203 bonos
890 2133 1377 2209 petulantissima
1416 2133 1759 2194 consectari
1804 2135 2038 2209 lingua,
2080 2132 2293 2194 desine

215 2217 435 2278 morbo
468 2217 860 2292 procacitatis
891 2217 1011 2278 isto
1043 2217 1160 2290 uti,
1213 2217 1430 2277 desine
1458 2231 1647 2277 unum
1681 2222 1988 2293 quemque
2019 2214 2293 2278 moribus

217 2299 342 2362 tuis
372 2300 716 2361 aestimare.
801 2300 912 2360 His
948 2299 1226 2362 moribus
1258 2299 1519 2361 amicum
1556 2300 1663 2361 tibi
1693 2303 1895 2362 facere
1923 2318 2050 2362 non
2084 2308 2294 2378 potes:

217 2381 450 2444 videris
480 2385 640 2443 velle
665 2383 974 2445 inimicum
1009 2385 1256 2446 habere.
1335 2384 1551 2446 Finem
1585 2384 1865 2458 dicendi,
1910 2392 2119 2462 patres
2150 2399 2294 2444 con-

217 2466 462 2542 scripti,
508 2466 746 2528 faciam.
835 2467 1039 2545 Saepe
1080 2468 1239 2528 enim
1277 2469 1527 2543 gravius
1557 2467 1683 2528 vidi
1714 2467 2031 2530 offendere
2059 2468 2295 2529 animos

216 2550 566 2612 auditorum
623 2567 765 2624 eoS,
824 2553 926 2627 qui
970 2550 1166 2612 aliena
1208 2550 1438 2626 flagitia
1483 2558 1694 2626 aperte
1738 2552 2055 2625 dixerunt,
2114 2566 2295 2627 quam

214 2651 366 2707 eoS‚
415 2634 519 2711 qui
554 2635 1029 2696 commiserunt·
1098 2635 1240 2695 Mihi
1280 2634 1523 2710 quidem
1550 2633 1708 2695 ratio
1740 2634 2022 2694 habenda
2048 2640 2145 2694 est
2172 2649 2297 2693 non

216 2717 371 2794 quid
411 2717 740 2779 Sallustius
780 2719 995 2780 merito
1038 2717 1265 2779 debeat
1305 2717 1547 2788 audire,
1605 2716 1719 2775 sed
1758 2725 1825 2776 ut
1861 2732 1935 2776 ea
1971 2715 2203 2788 dicam,
2246 2713 2296 2774 si

216 2818 347 2878 qua
373 2818 491 2878 ego
523 2802 784 2863 honeste
820 2801 992 2863 effari
1030 2818 1305 2878 possum.

1053 3111 1469 3122 m
