2381 3723
108 88 238 151 296
890 88 1266 149 FRAGMEN
1277 90 1404 153 TA.
1604 121 1615 130 ·
2080 99 2192 154 106

110 244 406 317 expressit
423 241 726 315 publicam
746 242 1109 299 servitutem:
1138 229 1292 299 Ἐὰν
1321 232 1652 318 ἐπιτύχῃς,
1676 234 1787 300 καὶ
1817 234 1967 316 περὶ
1993 228 2192 318 ἡμῶν

108 318 548 403 πρέσβευσον
622 338 1018 407 [Macrobius
1052 334 1158 389 Sat.
1195 337 1283 386 nb.
1315 338 1377 388 11.
1418 351 1531 401 cap.
1570 336 1622 389 3.
1664 339 1715 399 §-
1760 335 1869 403 12.]

236 405 294 466 2.
348 407 610 479 (Cicero)
655 414 789 484 post
831 408 1135 470 victoriam
1184 406 1461 466 Caesaris
1507 409 1908 482 interroqatus
1955 423 2069 466 cur
2123 410 2188 466 in

107 494 388 552 electione
407 495 607 566 partis
631 498 916 565 errasset,
958 490 1293 564 respondit.-
1322 489 1749 550 Praecinetura
1780 505 1879 550 me
1921 488 2186 565 decepit,

108 578 332 634 iocatus
357 577 420 634 in
453 575 767 635 Caesarem
782 621 796 646 ,
837 577 942 649 qui
965 576 1049 633 ita
1077 580 1213 647 toqa
1245 574 1775 649 praecingebatur,
1806 580 1875 634 ut
1897 574 2189 633 trahendo

107 660 388 719 laciniam
416 661 571 718 velut
593 661 782 719 mollis
806 660 1120 719 incederet.
1209 670 1373 739 [Idem
1407 671 1535 721 ibid.
1572 672 1661 725 lib.
1694 672 1772 722 11:
1796 686 1909 738 cap.
1939 671 1989 725 3.
2030 673 2081 733 s.
2105 668 2184 736 5.]

236 739 295 800 3.
338 741 527 812 Quum
552 741 840 802 Laberius
865 744 927 802 in
953 746 1076 814 fine
1102 741 1377 800 ludorum
1404 743 1585 800 anulo
1610 742 1934 801 honoratus
1957 757 1998 799 a
2027 741 2185 800 Cae-

108 842 248 885 sare
274 841 308 884 e
338 827 574 899 vestipio
602 829 664 885 in
692 826 1154 901 quattuordecim
1185 826 1274 883 ad
1296 825 1681 900 spectandum
1714 827 1953 885 transiit
1975 826 2188 884 violato

109 910 319 968 ordine
346 912 404 968 et
429 925 607 984 quum
635 910 986 970 detrectatus
1012 913 1100 967 est
1122 924 1299 981 eques
1318 907 1621 967 Romanus
1647 915 1707 968 et
1729 911 2049 970 comminus
2073 925 2185 967 re·-

109 995 343 1063 missus,
389 996 477 1052 ait
521 992 721 1059 Cicero
772 993 1181 1068 praetereunti
1223 991 1474 1051 Laberio
1512 997 1571 1050 et
1613 993 1798 1052 sedile
1845 994 2156 1066 quaerenti
2164 1012 2184 1050 .-

109 1074 515 1150 Reeepissem
535 1082 622 1148 te,
658 1075 776 1136 nisi
798 1080 1056 1150 anguste
1087 1075 1369 1134 sederem
1384 1119 1398 1145 ,
1431 1077 1608 1134 simul
1630 1081 1690 1134 et
1712 1078 1876 1135 illum
1897 1092 2186 1150 respuens

108 1169 166 1218 et
192 1161 254 1219 in
283 1175 494 1219 novum
522 1170 789 1220 senatum
816 1163 1069 1231 iocatus,
1097 1161 1268 1218 cuius
1293 1173 1600 1217 numerum
1630 1158 1855 1218 Caesar
1880 1162 2043 1219 ultra
2074 1158 2187 1230 fas

111 1249 388 1303 auxerat.
474 1243 598 1305 Nec
632 1246 887 1320 impune.
971 1243 1300 1317 Respondit
1336 1243 1490 1301 enim
1516 1240 1837 1301 Laberius.-
1884 1243 1991 1301 M
1963 1260 2031 1302 tr
2044 1258 2185 1313 um,

109 1329 177 1386 si
223 1333 542 1400 anquste
584 1330 827 1401 sedes,
877 1329 1005 1403 qui
1048 1322 1243 1386 soles
1294 1325 1579 1418 duabus
1627 1327 1847 1386 sellis
1894 1327 2185 1385 sedere.

114 1409 278 1475 [Idem
310 1411 438 1462 ibid.
473 1410 562 1462 lib.
604 1411 666 1460 11.
699 1426 813 1476 cap.
853 1409 904 1463 3.
939 1411 990 1471 §-
1033 1405 1140 1472 10.]

241 1492 300 1550 4.
349 1492 550 1553 Cicero
583 1493 939 1565 facilitatem
981 1491 1257 1552 Caesaris
1292 1493 1355 1549 in
1394 1491 1733 1571 adlegando
1760 1497 1968 1550 senatu
1996 1492 2186 1551 irrisit
2251 1514 2265 1518 ·

107 1578 334 1651 palam.
389 1575 542 1634 Nam
565 1592 741 1676 quum
769 1577 845 1636 ab
874 1576 1097 1650 bospite
1123 1590 1229 1634 suo
1259 1574 1325 1633 P.
1354 1574 1564 1634 Mallio
1591 1580 1936 1648 roqaretur,
1978 1579 2043 1634 ut
2069 1575 2190 1634 aea

112 1662 481 1720 curionatum
506 1662 782 1736 priviqno
802 1662 928 1719 eius
946 1659 1273 1734 expediret,
1301 1658 1613 1717 adsistente
1629 1657 1975 1731 frequentia
1997 1658 2184 1717 dixit:

112 1743 373 1814 Romae,
418 1742 472 1802 si
511 1742 635 1816 vis,
677 1742 950 1803 habebit:
994 1740 1302 1817 Pompeiis
1338 1739 1584 1800 difficile
1624 1746 1737 1801 est.
1839 1753 2002 1821 [Idem
2054 1756 2179 1804 ibid.

112 1826 204 1876 lib.
252 1826 312 1875 11.
362 1841 474 1893 cap.
494 1824 545 1879 3.
580 1828 629 1889 §-
672 1823 783 1892 11.]

236 1909 295 1969 5.
338 1910 463 1971 Nec
503 1910 570 1981 Q.
607 1910 876 1971 Ciceroni
905 1909 1105 1983 fratri
1126 1912 1296 1970 circa
1322 1910 1566 1969 similem
1597 1911 2040 1970 mordacitatem
2062 1927 2184 1984 pe·-

103 1995 333 2069 percit:
367 2010 507 2053 nam
537 2010 714 2069 quum
744 1998 805 2055 in
837 2011 913 2055 ea
932 1995 1272 2068 provincia,
1314 2008 1490 2067 quam
1518 1995 1617 2052 ille
1640 2001 1915 2065 rexerat,
1947 1995 2186 2055 vidisset

111 2080 427 2152 clipeatam
454 2080 767 2152 imaqinem
785 2081 913 2139 eius
933 2078 1261 2152 inqentibus
1284 2078 1649 2137 lineamentis
1667 2094 1852 2151 usque
1873 2078 1961 2137 ad
1969 2085 2187 2152 pectus

110 2176 192 2219 ex
216 2177 377 2221 more
391 2164 622 2235 pictam
643 2194 728 2205 -—-
752 2168 889 2222 erat
911 2168 1104 2222 autem
1133 2161 1379 2231 Quintus
1403 2161 1531 2235 ipse
1555 2165 1821 2221 staturae
1836 2178 2073 2237 parvae
2100 2193 2184 2204 —-

111 2246 232 2303 ait.-
284 2243 498 2303 Frater
547 2259 722 2304 meus
779 2244 1062 2304 dImidius
1114 2242 1309 2304 maior
1360 2251 1453 2302 est
1504 2260 1685 2317 quam
1739 2250 1928 2305 totus.
2018 2258 2182 2325 [ldem

114 2326 240 2375 ibid.
279 2327 366 2376 lib.
407 2328 472 2377 11.
512 2341 626 2391 cap.
664 2327 711 2378 3.
746 2328 795 2388 s.
831 2326 910 2392 4.]

236 2410 292 2470 6.
340 2411 530 2481 Quum
560 2406 872 2472 accusator
899 2412 1114 2472 Miloni
1135 2414 1411 2474 obiiceret
1434 2417 1496 2474 in
1536 2421 1944 2488 argumentum
1964 2413 2182 2487 faeta-

109 2511 244 2554 rum
280 2494 481 2553 Clodio
515 2495 870 2555 insidiarum
883 2544 898 2569 ,
938 2497 1098 2570 quod
1118 2495 1384 2576 Bovillas
1422 2503 1559 2557 ante
1584 2499 1795 2558 boram
1822 2514 2038 2558 nonam
2068 2499 2183 2558 de-

107 2581 397 2650 vertisset,
439 2584 506 2638 ut
543 2586 937 2655 exspectaret,
985 2581 1125 2640 dum
1165 2580 1404 2641 Clodius
1459 2597 1499 2639 a
1536 2584 1679 2642 villa
1717 2598 1829 2641 sua
1867 2584 2085 2654 exiret,
2127 2587 2185 2641 et

109 2663 442 2723 idemtidem
505 2665 904 2737 interroparet
954 2678 1068 2737 quo
1115 2670 1373 2738 tempore
1434 2664 1671 2725 Clodius
1731 2668 1956 2725 occisus
2017 2670 2180 2738 esset,

107 2748 448 2821 respondit.-
477 2745 731 2807 ‘Sero.'
822 2760 1341 2828 [Quinctilianus
1379 2760 1470 2814 lib.
1509 2762 1602 2816 VI.
1636 2777 1747 2827 cap.
1784 2762 1833 2812 3.
1867 2764 1916 2824 s.
1954 2759 2066 2827 49.]

237 2830 296 2888 7.
339 2830 517 2890 Hunc
562 2830 677 2900 (M.
723 2830 1009 2903 Caelium)
1055 2831 1263 2890 melius
1302 2830 1657 2891 obiicientem
1700 2833 1954 2891 crimina
2004 2847 2181 2905 quam

106 2912 522 2984 defendentem
554 2912 779 2974 bonam
806 2914 1110 2985 dextram,
1151 2914 1369 2972 malam
1405 2912 1710 2973 sinistram
1742 2913 1970 2976 habere
2012 2916 2181 2974 dice-

108 2997 224 3056 bat.
313 3010 454 3079 [vid.
507 3010 1001 3070 Quinctilianus
1046 3010 1137 3060 nb.
1185 3011 1273 3061 vl.
1326 3023 1442 3075 cap.
1486 3011 1535 3063 3.
1591 3013 1643 3073 s.
1691 3008 1778 3061 69.
1829 3010 1896 3060 or.
1946 3010 2179 3060 Cicero

107 3081 245 3130 Brut.
285 3096 396 3146 cap.
436 3078 551 3145 79]

232 3164 291 3226 8.
339 3167 529 3237 Quum
570 3168 622 3226 is
660 3166 1020 3228 candidatus
1033 3213 1047 3240 ‚
1094 3168 1201 3239 qui
1234 3168 1365 3226 coci
1386 3168 1551 3239 filius
1588 3165 1941 3236 habebatur,
1977 3179 2178 3224 coram

111 3247 389 3309 Cicerone
418 3249 778 3322 suffraaium
807 3249 884 3306 ab
912 3252 1030 3310 alio
1055 3255 1309 3324 peteret:
1344 3249 1475 3323 Ego
1514 3265 1637 3323 quo
1645 3264 1764 3323 que
1779 3293 1795 3319 ,
1829 3249 2046 3322 inquit,
2078 3243 2180 3311 tibi

112 3327 354 3388 favebo.
445 3345 980 3410 [Quinctilianus
1017 3348 1107 3402 lib.
1149 3350 1240 3403 VI.
1280 3363 1394 3413 cap.
1434 3346 1482 3399 3.
1524 3350 1573 3412 S.
1614 3344 1728 3412 47.]
1752 3388 1784 3399 --
