2381 3723
167 132 265 185 135
920 119 1478 182 POEMATORUM.

159 276 209 334 E
240 272 417 334 terris
448 273 784 333 volucres:
835 271 1075 333 exsistit
1109 274 1274 333 clara
1305 272 1553 348 Sagitta.

285 359 364 417 At
380 363 693 433 postquam
717 373 998 432 superum
1027 359 1273 418 convisit
1298 358 1455 431 Aqu
1468 374 1555 417 ar
1568 360 1682 417 ius
1713 356 1926 429 orbem,

160 443 571 516 Australisque
598 442 760 500 Arae
789 443 983 515 surqit
1012 443 1385 501 sanctissima
1413 442 1598 514 sedes,

161 527 352 601 Seque
378 525 622 585 humero
648 522 978 599 etpedibus
998 527 1214 600 primis
1241 525 1447 598 Equus
1478 529 1703 586 exserit
1728 531 1863 599 alte,

165 611 451 671 Centauri
476 610 800 684 oppositam
829 608 1076 669 devolvit
1101 608 1190 668 ad
1213 609 1417 680 infera
1444 611 1703 670 caudam

161 696 300 755 Nox
325 701 510 768 caput
531 699 590 753 et
613 695 763 753 latos
788 692 1062 753 humeros
1086 700 1146 752 et
1165 698 1417 767 pectora
1445 709 1666 767 maqna

159 778 294 839 Non
311 779 471 852 potis
496 777 818 837 obscurare
843 782 903 845 et
924 775 1177 852 Hydrae
1203 792 1357 850 quae
1371 779 1661 850 proxima
1687 782 1836 839 collo
1858 789 1944 842 est

161 861 451 922 Subducit
476 863 704 935 spiram
734 862 1161 934 rutilantiaque
1183 877 1295 920 ora
1322 862 1619 921 recondit:

167 945 416 1005 Caetera
444 944 553 1004 sed
575 946 812 1018 lonqum
840 943 1114 1003 radianti
1137 946 1357 1004 lumine
1379 951 1666 1019 perstant,

163 1029 288 1088 Nec
307 1031 489 1103 prius
513 1044 553 1087 a
581 1030 816 1102 superis
843 1027 1063 1088 cedunt
1083 1044 1218 1088 cum
1245 1027 1541 1099 Semifero
1568 1031 1690 1088 oris

171 1111 407 1184 Omnia,
450 1127 629 1186 quam
657 1118 909 1184 surqant
928 1113 1227 1186 qeminato
1254 1127 1505 1186 corpore
1532 1112 1747 1172 Pisces.

166 1196 374 1269 Surqit
397 1202 455 1254 et
480 1195 770 1270 Aeqoceri
791 1197 1019 1255 vicinus
1044 1196 1121 1254 ab
1146 1211 1405 1269 aequore
1434 1195 1638 1266 Piscis,

165 1279 347 1338 Parte
375 1281 500 1338 alia
525 1284 879 1354 exspectans
909 1281 1179 1340 instantis
1206 1280 1420 1339 sideris
1445 1285 1635 1353 ortum
1650 1300 1670 1338 .-

164 1362 268 1423 Sic
291 1363 524 1422 humeri
546 1362 988 1435 Andromedae,
1030 1370 1245 1423 etcum
1272 1365 1446 1423 lassis
1474 1366 1699 1424 incluta
1715 1366 1942 1440 palmis

169 1447 366 1507 Crura
392 1446 661 1521 bipertito
685 1448 987 1519 siqnorum
1015 1453 1275 1522 tempore
1300 1453 1554 1520 surqunt
1565 1468 1585 1505 .·

173 1531 361 1602 Quum
377 1532 644 1606 primum
667 1533 873 1605 planis
899 1531 1155 1591 Pisces
1180 1533 1447 1590 orientur
1473 1531 1549 1590 ab
1576 1532 1770 1605 undis,

174 1613 586 1675 Andromedae
614 1615 864 1673 dextras
894 1613 1134 1674 dabitur
1162 1614 1269 1674 tibi
1291 1631 1538 1675 cernere
1556 1625 1782 1690 partes,

177 1699 247 1758 At
274 1700 474 1758 laevas
501 1697 602 1756 Ar
615 1700 724 1757 ies
756 1699 1027 1772 linquens
1055 1698 1302 1769 inferna
1335 1703 1595 1759 locorum

173 1781 438 1842 Ostendit
463 1784 655 1841 terris.
740 1781 858 1841 Illo
884 1782 991 1841 sub
1018 1788 1276 1858 tempore
1299 1781 1498 1854 ferme

169 1866 451 1941 Hesperii
472 1874 801 1927 servantem
828 1866 1017 1926 Aram
1046 1869 1306 1939 confinia
1323 1869 1513 1941 ponti,

166 1951 505 2024 Perseaque
530 1966 714 2024 usque
740 1950 1015 2010 humeros
1041 1951 1173 2010 an
1203 1952 1265 2009 in
1288 1956 1465 2024 parte
1494 1949 1730 2008 videbis.

172 2034 302 2093 Hoc
330 2033 569 2094 dubium
595 2040 683 2093 est
704 2050 1019 2093 cessansne
1050 2034 1224 2093 Aries
1244 2034 1614 2107 praecordia
1640 2032 1849 2091 Persei

170 2118 454 2177 Attrahat
478 2133 559 2176 an
596 2116 650 2176 T
656 2134 923 2178 aurus:
972 2116 1169 2176 Tauro
1196 2119 1374 2176 simul
1397 2117 1643 2175 aethera
1670 2117 1902 2175 lustrat.

168 2200 299 2261 Sed
321 2217 439 2261 non
469 2203 738 2261 desinere
768 2201 920 2260 haec
955 2199 1153 2259 Tauro
1179 2203 1481 2260 exoriente
1508 2201 1774 2275 putarim
1788 2220 1808 2258 .-

171 2284 328 2344 Nam
355 2287 550 2345 vicina
577 2287 695 2344 illis
730 2284 993 2359 Auriqae
1020 2284 1224 2344 sidera
1252 2283 1507 2359 fulqent,

174 2368 358 2438 Quem
387 2374 581 2429 tamen
608 2367 780 2427 haud
802 2374 979 2427 totum
1007 2369 1142 2429 dias
1173 2371 1236 2427 in
1266 2370 1503 2428 luminis
1528 2384 1669 2429 oras

180 2451 416 2511 Taurus
442 2453 596 2525 aqit,
645 2452 901 2511 Geminis
924 2452 1034 2512 sed
1057 2455 1213 2512 enim
1244 2455 1568 2528 completur
1599 2455 1661 2511 in
1690 2453 1852 2527 ipsis.

172 2535 298 2602 Sed
328 2536 594 2610 duplices
618 2534 845 2607 Haedi,
883 2542 944 2595 et
972 2550 1106 2595 cum
1128 2538 1345 2611 planta
1376 2536 1579 2608 Capra
1605 2538 1850 2595 sinistra

175 2604 320 2678 Cum
350 2618 515 2680 Bove
540 2636 603 2679 se
632 2621 842 2679 tollunt
853 2640 872 2677 .·
916 2626 1055 2679 tunc
1082 2625 1254 2693 terqa
1282 2620 1566 2678 immania
1592 2618 1824 2677 Pistrix

170 2702 373 2776 Eripit
398 2709 457 2762 et
480 2705 638 2764 caeli
659 2703 1062 2778 splendentem
1092 2705 1156 2762 in
1175 2702 1415 2775 fornice
1444 2701 1720 2760 caudam.

177 2785 410 2846 Occidit
432 2789 557 2862 ipse
582 2789 759 2846 etiam
780 2787 984 2862 prima
1012 2788 1134 2844 iam
1160 2792 1342 2862 parte
1366 2784 1599 2844 Bootes.

174 2869 465 2940 Quattuor
490 2871 650 2930 hunc
681 2872 803 2930 lato
828 2872 933 2929 vix
959 2871 1221 2930 condunt
1244 2871 1448 2930 sidera
1472 2873 1666 2943 ponto,

169 2953 489 3027 Laevaque
515 2953 867 3014 inocciduae
890 2960 1167 3015 constans
1190 2954 1547 3014 subvolvitur
1582 2951 1787 3012 Ursae.

172 3036 359 3096 Ambo
379 3037 567 3112 pedes
596 3054 780 3112 usque
806 3033 894 3097 ad
912 3041 1212 3112 qeminum
1236 3053 1426 3112 qenus
1457 3035 1900 3109 Anquitenentis

178 3120 460 3181 Cedentes
486 3124 651 3182 caelo
679 3131 855 3195 atque
883 3124 1165 3182 immensa
1193 3122 1298 3181 sub
1327 3135 1589 3194 aequora
1618 3122 1792 3195 lapsi,

176 3201 502 3278 Surqentes
534 3205 681 3265 alibi
695 3211 982 3280 poterunt
1000 3211 1331 3265 monstrare
1363 3204 1743 3264 Gemellos.

175 3287 311 3347 Iam
341 3291 523 3349 lateri
555 3289 783 3349 Pistrix
809 3291 963 3349 nulli
984 3291 1180 3349 vicina
1209 3289 1455 3361 videtur,

174 3371 326 3431 Mox
355 3372 604 3432 visenda
634 3380 830 3434 tamen
843 3419 858 3448 ,
889 3389 1066 3449 quum
1095 3374 1215 3431 iam
1244 3373 1447 3432 Fluvii
1471 3373 1712 3446 aqmina
1724 3370 1929 3445 prima

2110 122 2235 188 325

2135 367 2235 423 725

2139 787 2244 842 730

2090 1214 2098 1221 ‘
2139 1205 2242 1260 735

2144 1604 2248 1677 740

2147 2042 2251 2096 745

2149 2458 2256 2513 750

2155 2871 2256 2925 755

2156 3286 2260 3344 ‘160
