2381 3723
132 118 210 180 ‘18
941 118 1039 177 DE
1072 115 1169 176 OF
1170 117 1218 176 F
1219 118 1390 177 lcllS

130 271 361 331 eisdem
392 269 572 329 etiam
612 271 799 330 rebus
842 265 1072 341 augeri.
1146 270 1273 328 Has
1316 285 1416 329 res
1462 267 1962 331 commodissime
1998 271 2206 332 Xeno·

130 354 296 430 phou
329 352 682 414 Socraticus
715 358 1080 429 persecutus
1112 359 1212 412 est
1236 351 1297 412 in
1327 369 1403 413 eo
1437 352 1621 425 libre,
1670 351 1773 428 qui
1804 353 2198 415 ‘Oeconomi-

129 440 274 498 cus’
317 436 694 510 inscribitur,
729 451 927 511 quem
959 450 1107 507 ηοε,
1149 434 1268 496 ista
1307 438 1434 496 sere
1464 442 1664 497 aetate
1696 453 1884 512 quum
1912 453 2206 498 essemus

130 537 251 596 qua
278 536 348 580 es
377 528 443 580 tu
475 536 636 581 nunc
655 567 671 593 ,
719 537 754 579 e
782 520 1018 578 Graeco
1049 517 1109 578 in
1140 517 1417 580 Latinum
1448 519 1881 581 convertimus.

252 604 441 663 XXV.
487 601 589 663 88.
662 603 785 664 Sed
815 601 1137 662 utilitatum
1162 602 1560 679 comparatio,
1587 603 1873 679 quoniam
1903 604 2003 664 hic
2023 605 2204 666 locus

129 694 258 748 erat
281 694 555 762 quartus,
581 704 624 747 a
645 684 933 747 Panaetio
959 686 1452 761 praetermissuS,
1488 703 1681 763 saepe
1698 694 1802 748 ⁴eet
1824 688 2204 749 necessaria.

129 772 277 832 Nam
315 777 378 830 et
421 768 704 846 corporis
757 769 1082 831 commoda
1136 786 1276 831 cum
1323 769 1595 832 externis
1648 778 1712 831 et
1755 779 2010 831 externa
2057 788 2201 832 cum

129 851 413 930 corporis
461 862 524 914 et
560 854 699 930 ipsa
727 852 887 914 inter
927 870 998 914 se
1040 855 1326 930 corporis
1369 861 1431 914 et
1459 860 1716 915 externa
1755 871 1893 915 cum
1926 855 2203 917 externis

131 937 476 1013 comparari
515 940 739 1000 solent.
812 939 960 999 Cum
996 937 1268 999 externis
1312 940 1594 1013 corporis
1643 938 1763 1000 hoc
1804 940 1990 1001 modo
2036 955 2204 1000 com·

130 1028 447 1098 parantur,
503 1025 710 1084 valere
749 1028 816 1083 ut
850 1019 1026 1081 malis
1062 1038 1244 1097 quam
1285 1021 1462 1083 dives
1503 1038 1675 1093 esse,
1735 1040 1873 1084 cum
1916 1022 2203 1099 corporis

130 1114 383 1167 externa
411 1106 532 1166 hoc
565 1107 782 1180 modo,
828 1103 1002 1167 dives
1033 1121 1180 1166 esse
1212 1104 1419 1182 potius
1452 1122 1633 1181 quam
1665 1105 1943 1168 maximis
1975 1123 2201 1182 corpo-

131 1191 211 1251 ris
247 1189 508 1264 viribus,
541 1191 681 1266 ipsa
707 1190 868 1251 inter
896 1205 968 1249 se
1002 1188 1287 1264 corporis
1314 1189 1438 1262 sic,
1481 1196 1551 1250 ut
1578 1189 1745 1251 bona
1771 1191 2061 1251 valetudo
2097 1207 2200 1252 vo·

130 1274 342 1352 luptati
367 1282 805 1350 anteponatur,
850 1273 1011 1334 vires
1056 1273 1380 1347 celeritati,
1423 1280 1819 1336 externorum
1850 1282 2082 1345 autem,
2134 1282 2200 1334 u*

129 1358 322 1434 gloria
360 1357 615 1431 divitiis,
667 1356 987 1432 vectigalia
1032 1357 1270 1418 urbana
1311 1356 1575 1418 rusticis.
1662 1357 1762 1419 89.
1809 1360 1902 1419 Ex
1942 1375 2068 1434 quo
2098 1370 2200 1433 ge-

131 1459 277 1502 nere
334 1440 809 1518 comparationis
853 1441 1002 1502 illud
1048 1448 1147 1503 est
1192 1440 1440 1502 Catonis
1493 1442 1695 1502 senis:
1743 1458 1780 1501 a
1831 1458 1956 1517 quo
2008 1458 2197 1518 quum

132 1532 532 1600 quaereretur
556 1531 576 1560 ‘
593 1523 741 1601 quid
764 1523 1028 1586 maxime
1049 1525 1109 1585 in
1137 1541 1206 1585 re
1224 1523 1501 1585 familiari
1520 1525 1844 1601 expediret
1857 1531 1897 1598 ,⁹
1942 1542 2198 1602 respon-

130 1608 248 1669 dit:
322 1610 554 1669 “Bene
610 1613 939 1684 pascere.”
1028 1608 1212 1682 ‘Quid
1275 1609 1691 1669 secundum?’
1755 1608 1982 1670 “Satis
2038 1610 2202 1671 bene

132 1696 460 1769 pascere.”
531 1690 726 1766 ‘Quid
769 1691 1084 1754 tertium'l’
1158 1693 1371 1753 “Male
1399 1697 1731 1769 pascere.”
1810 1692 1991 1769 ‘Quid
2022 1709 2200 1768 quar-

133 1777 332 1836 tum'l’
411 1778 738 1837 “Arare”
810 1776 886 1836 Et
925 1792 1110 1851 quum
1152 1775 1283 1848 ille,
1338 1775 1441 1851 qui
1477 1775 1859 1850 quaesierat,
1908 1776 2197 1838 dixisset:

132 1860 322 1935 ‘Quid
377 1860 707 1924 fenerari'l’
771 1867 897 1922 tum
951 1860 1130 1921 Cato:
1183 1858 1404 1934 “Quid
1449 1859 1757 1922 hominem
1809 1859 2197 1924 occidere!”

134 1946 220 2005 Ex
256 1963 379 2022 quo
416 1953 477 2007 et
514 1944 897 2008 multis’aliis
940 1943 1192 2020 intelligi
1225 1944 1412 2004 debet
1437 1944 1757 2006 utilitatum
1795 1944 2201 2021 comparatio·

133 2045 242 2091 nes
277 2029 410 2091 fieri
451 2033 655 2092 solere
699 2037 991 2105 recteque
1038 2028 1158 2089 hoc
1196 2027 1547 2089 adiunctum
1591 2046 1736 2090 esse
1778 2038 2061 2106 quartum
2097 2044 2200 2089 ex-

132 2113 569 2189 quirendorum
591 2113 934 2176 officiorum
957 2129 1175 2189 genus,
1258 2111 1360 2172 90.
1407 2111 1681 2174 Sedtoto
1706 2114 1826 2175 hoc
1847 2114 1926 2174 de
1947 2128 2200 2188 genere,
2224 2115 2235 2126 ‘

132 2198 208 2257 de
259 2200 639 2272 quaerenda,
700 2199 778 2257 de
825 2198 1189 2259 collocanda
1219 2193 1513 2273 «pecunia,
1577 2198 1868 2271 [vellem]
1898 2196 2080 2257 etiam
2121 2196 2201 2255 de

133 2282 384 2353 utenda,
441 2280 825 2341 commodius
866 2298 902 2339 a
945 2280 1314 2357 quibusdam
1367 2279 1611 2356 optimis
1661 2278 1804 2342 viris
1857 2281 1938 2341 ad
1987 2282 2202 2339 Ianum

134 2364 395 2424 medium
428 2364 785 2425 sedentibus
817 2380 1002 2439 quam
1036 2366 1112 2425 ab
1145 2363 1287 2425 ullis
1326 2363 1710 2440 philosophis
1739 2366 1863 2425 ulla
1891 2363 1952 2424 in
1981 2364 2205 2425 schola

133 2446 497 2524 disputatur.
585 2447 740 2509 Sunt
781 2453 978 2509 tamen
1026 2464 1101 2509 ea
1149 2449 1620 2524 cognoscenda:
1675 2449 1981 2524 pertinent
2038 2446 2205 2506 enim

133 2529 210 2589 ad
254 2528 601 2606 utilitatem,
656 2534 732 2591 de
778 2548 900 2606 qua
950 2532 1068 2594 hoc
1119 2530 1275 2593 libro
1327 2530 1701 2607 disputatum
1746 2539 1861 2594 est.
1938 2528 2201 2605 Reliqua

130 2614 423 2692 deinceps
457 2631 918 2693 persequemur.

951 2891 1369 2906 0-me
