2381 3723
671 149 918 209 LIB.11.-
962 151 1129 211 CAP.
1165 160 1218 214 6.
1253 160 1306 214 7.
1348 160 1401 220 s.
1440 161 1693 214 19—25.
2005 186 2039 203 κ
2128 148 2225 216 5?

132 304 342 360 autem
374 314 586 359 rerum
617 313 730 358 nec
778 298 977 374 aptius
1023 308 1118 361 est
1149 300 1480 376 quidquam
1510 302 1588 361 ad
1637 318 1792 375 opes
1835 301 2094 361 tuendas
2140 317 2218 363 ae

132 382 444 523 ωῃεηέαε
473 397 677 478 ‘quam
713 379 879 458 diligi
934 399 1048 444 nec
1093 382 1349 445 alienius
1391 401 1572 460 quam
1613 383 1827 445 timeri.
1898 385 2228 445 Praeclare.

134 479 296 524 emm
383 482 601 526 umus:

306 589 493 662 Qtoem
514 596 776 651 metuunt
793 591 1073 651 oderunt:
1113 607 1284 665 quem
1304 596 1548 668 quisque
1561 594 1687 654 odit
1694 593 1952 669 periekse
1973 594 2217 666 expetit.

135 688 470 748 Multorum
496 694 699 747 autem
736 686 892 748 odiis
923 689 1119 749 nullas
1152 704 1307 765 opes
1340 706 1531 765 posse
1566 689 1904 761 obsistere,
1948 687 2002 750 si
2032 695 2223 751 antea

142 770 253 830 fuit
281 771 596 845 ignotum,
651 787 847 846 nuper
883 779 980 831 est
1010 770 1339 847 cognitum.
1408 774 1533 833 Nec
1574 789 1722 834 vero
1753 772 1932 833 huius
1970 772 2209 849 tyranni

140 854 376 925 solum,
409 869 592 928 quem
622 852 805 914 armis
839 871 1142 931 oppressa
1171 855 1418 931 pertulit
1445 854 1658 915 civitas
1691 863 1988 931 paretque
2021 872 2216 930 quum.

138 935 404 997 maxime
435 944 707 1011 mortuo,
736 935 1015 998 interitus
1045 939 1316 998 declarat
1341 946 1629 1014 quantum
1660 939 1865 1000 odium
1895 937 2216 1000 hominum

137 1022 343 1080 valeat
383 1019 463 1078 ad
504 1027 771 1093 pestem,
827 1021 940 1080 sed
981 1020 1354 1096 reliquorum
1402 1021 1629 1082 similes
1674 1021 1875 1083 exitus
1922 1029 2208 1098 tyranno-

138 1121 303 1176 rum,
364 1120 629 1199 quorum
660 1103 822 1163 haud
867 1106 994 1164 sere
1039 1104 1364 1179 quisquam
1408 1104 1713 1165 interitum
1745 1106 1928 1165 talem
1975 1104 2208 1180 effugit.

136 1187 335 1247 Malus
370 1186 527 1246 enim
561 1194 657 1247 est
698 1194 907 1248 custos
941 1186 1349 1249 diuturnitatis
1380 1196 1608 1260 metuS,
1655 1195 1993 1283 contraque
2023 1186 2208 1247 bene-

140 1267 413 1330 volentia
447 1269 647 1330 fidelis
690 1271 789 1330 vel
836 1271 914 1329 ad
956 1270 1438 1367 perpetuitatem.
1526 1269 1623 1330 24
1672 1269 1796 1329 Sed
1839 1268 1942 1342 iis,
2002 1270 2104 1365 qui
2147 1269 2219 1328 v'r

140 1368 487 1430 oppressos
520 1352 772 1429 imperio
803 1357 1118 1426 coercent,
1161 1353 1241 1414 sit
1267 1370 1417 1414 sane
1446 1354 1792 1414 adhibenda
1820 1350 2105 1425 saevitia,
2141 1371 2184 1413 u

137 1435 303 1496 heris
350 1433 410 1497 in
443 1437 731 1509 famulos,
786 1435 840 1497 si
882 1435 1053 1497 aliter
1093 1436 1286 1498 teneri
1316 1454 1438 1498 non
1476 1444 1765 1514 possunt.
1811 1435 1913 1513 qui
1953 1452 2103 1496 vero
2145 1435 2209 1495 in

139 1517 333 1579 libera
393 1517 637 1580 civitate
697 1519 779 1579 ita
842 1536 912 1579 se
967 1519 1303 1593 instruunt,
1367 1528 1433 1581 ut
1492 1528 1864 1593 metuantur,
1929 1519 2003 1580 iis
2061 1517 2210 1579 nihi-l

138 1608 352 1677 potest
384 1618 527 1662 esse
571 1599 931 1662 dementius.
1021 1602 1308 1675 Quamvis
1341 1604 1500 1663 enim
1531 1604 1654 1665 sint
1683 1604 2002 1664 demersae
2034 1604 2211 1678 leges

137 1683 399 1745 alicuius
424 1684 675 1760 opibus,
714 1685 991 1760 quamvis
1022 1686 1328 1746 timefacta
1355 1685 1617 1759 libertas,
1650 1692 1969 1761 emergunt
1999 1692 2204 1745 tamen

138 1769 294 1828 haec
323 1766 656 1842 aliquando
699 1775 804 1828 aut
850 1765 1086 1828 iudiciis
1141 1768 1342 1830 tacitis
1378 1776 1484 1829 aut
1534 1770 1792 1830 occultis
1840 1769 1919 1828 de
1968 1768 2201 1829 honore

139 1848 474 1926 suffragiis.
541 1849 833 1912 Acriores
864 1857 1064 1913 autem
1098 1869 1343 1914 morsus
1385 1860 1527 1914 sunt
1555 1853 1938 1913 intermissae
1966 1850 2194 1912 liberta·

139 1934 218 1995 tis
252 1950 434 2008 quam
470 1941 760 1994 retentae.
833 1935 1007 2010 Quod
1051 1934 1233 2010 igitur
1261 1935 1554 1996 latissime
1585 1941 1754 2011 patet
1780 1948 1980 2007 neque
2009 1934 2088 1992 ad
2119 1933 2204 1992 in-

139 2016 554 2078 columitatem
595 2019 825 2089 solum,
879 2018 991 2078 sed
1042 2017 1221 2078 etiam
1256 2018 1334 2078 ad
1371 2034 1523 2091 opes
1570 2024 1629 2077 et
1673 2015 2007 2090 potentiam
2042 2016 2214 2074 valet

140 2099 498 2176 plurimum,
541 2100 602 2159 id
631 2102 1095 2177 amplectamur,
1140 2110 1208 2161 ut
1237 2108 1435 2160 metus
1469 2099 1656 2172 absit,
1699 2097 1919 2158 caritas
1951 2095 2202 2159 retinea-

134 2191 256 2244 tur.
330 2184 421 2243 lta
460 2182 736 2243 facillime
777 2200 935 2259 quae
978 2184 1260 2244 volemus
1302 2189 1362 2241 et
1391 2181 1644 2258 privatis
1695 2180 1755 2242 in
1803 2182 1990 2242 rebus
2033 2187 2095 2242 et
2141 2179 2201 2240 in

136 2283 204 2326 re
234 2264 482 2341 publica
511 2282 976 2341 consequemur.
1050 2266 1287 2326 Etenim
1320 2265 1514 2341 quise
1538 2265 1722 2327 metui
1747 2267 1981 2339 volent,
2014 2281 2050 2325 a
2076 2264 2208 2341 qui·

135 2350 258 2409 bus
284 2355 660 2421 metuentur,
694 2350 949 2410 eosdem
978 2356 1248 2410 metuant
1275 2348 1392 2424 ipsi
1415 2365 1675 2411 necesse
1710 2357 1827 2410 est.
1915 2348 2014 2409 25.
2048 2347 2202 2423 Quid

136 2431 301 2492 enim
353 2447 677 2493 censemus
716 2429 1093 2507 superiorem
1139 2431 1303 2493 illum
1334 2431 1726 2509 Dionysium,
1774 2450 1895 2508 quo
1930 2432 2203 2493 cruciatu

133 2513 377 2575 timoris
417 2515 559 2591 angi
603 2512 889 2576 solitum?
947 2514 1050 2590 qui
1101 2518 1329 2577 cultros
1370 2523 1648 2577 metuens
1706 2515 2017 2577 tonsorios
2065 2531 2202 2576 can·

137 2598 326 2658 dente
366 2598 636 2659 carbone
674 2598 790 2658 sibi
836 2598 1133 2660 adurebat
1181 2597 1507 2674 capillum?
1588 2597 1733 2674 quid
1784 2599 2201 2658 Alexandrum

130 2681 505 2754 Pheraeum,
540 2698 661 2757 quo
692 2681 894 2741 animo
928 2679 1156 2742 vixisse
1188 2682 1591 2742 arbitramur?
1646 2679 1777 2755 qui,
1809 2686 1875 2739 ut
1906 2678 2203 2754 scriptum

132 2761 430 2839 legimuS,
491 2781 677 2839 quum
708 2781 964 2824 uxorem
994 2762 1239 2824 Theben
1283 2764 1613 2825 admodum
1646 2761 1948 2837 diligeret,
1999 2769 2201 2822 tamen

131 2847 213 2906 ad
255 2862 390 2906 eam
435 2864 512 2907 ex
553 2847 751 2923 epulis
792 2846 851 2907 in
903 2846 1245 2908 cubiculum
1275 2846 1529 2908 veniens
1573 2847 1900 2907 barbarum
1952 2854 2011 2907 et
2062 2864 2203 2909 eum

131 2929 418 3005 quidem,
470 2938 538 2991 ut
565 2930 859 3006 scriptum
900 2938 1022 3002 est,
1077 2938 1509 3005 compunctum
1551 2928 1714 2992 notis
1746 2931 2055 2992 Thraeciis
2099 2932 2204 2991 de·

128 3011 348 3073 stricto
392 3012 596 3088 gladio
639 3011 886 3074 iubebat
925 3013 1154 3074 anteire
1196 3012 1745 3090 praemittebatque
1777 3015 1855 3075 de
1898 3012 2178 3090 stipatori

130 3094 247 3155 bus
288 3094 419 3156 suis
466 3096 568 3172 qui
612 3104 1034 3157 scrutarentur
1076 3098 1317 3157 arculas
1348 3097 1671 3158 muliebres
1712 3106 1774 3158 et
1814 3116 1892 3157 ne
1938 3095 2104 3171 quod
2139 3094 2200 3153 in

132 3178 518 3240 vestimentis
584 3182 767 3239 telum
820 3181 1234 3240 occultaretur
1284 3179 1697 3255 exquirerent.
1786 3181 1833 3239 Ο
1891 3178 2203 3241 miserum.

132 3259 235 3336 qui
264 3261 607 3323 fideliorem
633 3270 694 3323 et
724 3263 1049 3323 barbarum
1082 3270 1144 3323 et
1174 3261 1535 3337 stigmatiam
1571 3267 1812 3337 putaret
1841 3276 2023 3332 quam
2055 3276 2198 3318 con·

126 3340 391 3418 iugeml.
440 3345 566 3418 Nec
595 3362 733 3407 eum
773 3346 999 3406 refellit.
1065 3347 1165 3405 Ab
1204 3362 1276 3405 ea
1312 3353 1409 3406 est
1436 3344 1593 3404 enim
1634 3343 1767 3415 ipsa
1798 3346 2053 3412 propter
2076 3340 2185 3411 pel
