2381 3723
204 105 335 169 346
604 191 607 194 Ι
1002 104 1482 166 FRAGMENTA
2199 113 2295 170 156
2379 125 2380 156 ³

209 256 425 319 iniuria
462 255 776 320 hominum
828 256 922 316 vel
965 254 1099 331 ipsa
1148 254 1520 317 confectrice
1552 259 1755 318 rerum
1802 254 2077 320 omnium
2125 263 2295 318 vetu-

205 348 391 477 ὃῑᾶῐθᾶ
445 356 868 490 ξιῖἷιῖιιιίιιε
906 355 1023 404 inst.
1062 354 1153 406 lib.
1190 355 1301 408 vlt.
1342 369 1456 421 cap.
1498 354 1580 408 11.
1620 353 1755 407 conf.
1789 354 1893 406 Cic.
1931 368 2025 420 pro
2063 354 2292 406 Marcell.

204 440 320 492 cap.
395 462 407 476 .
484 462 495 474 .
607 461 619 475 .

332 510 394 567 4.
441 552 453 566 .
483 550 497 566 .
525 552 539 565 .
567 551 582 566 .
611 523 795 582 quum
826 522 1084 583 parcere
1113 505 1214 566 vel
1249 505 1494 565 laedere
1522 502 1833 580 potuisset
1860 507 2196 580 (Tullius),
2236 512 2296 566 ut

202 595 335 669 ipse
371 591 681 665 adfirmat,
738 589 1103 665 ignoscendi
1148 604 1454 665 quaerens
1510 602 1764 662 causaS,
1822 607 1948 652 non
1995 587 2294 664 puniendi

204 673 606 746 occasioneS,
661 674 829 749 quod
874 673 1091 735 iudicis
1137 671 1285 733 lenti
1316 680 1378 732 et
1418 670 1788 734 considerati
1823 681 1921 734 est
1948 673 2291 751 proprium.

207 759 602 878 {ammianus
657 758 1082 808 Marcellinus
1144 756 1236 810 lib.
1298 756 1388 811 IX.
1446 771 1558 821 cap.
1616 757 1698 808 12.
1784 756 1890 808 Hoc
1947 759 2291 824 fragmentum

251 842 416 878 clerus
451 826 519 877 ad
550 827 827 877 orationem
858 827 1161 878 Metellinam
1199 825 1519 876 referendum
1554 823 1791 894 censuit.]

335 911 394 971 5.
438 912 522 970 At
552 908 730 970 huius
763 907 1222 971 sceleratissimi
1281 925 1500 985 opera,
1557 908 1660 984 qui
1692 908 1802 969 fuit
1831 909 2008 969 lucus
2044 908 2288 984 religio·

202 994 520 1065 sissimus,
577 1010 738 1054 nunc
778 1003 875 1055 est
904 996 1078 1056 locus
1128 992 1620 1054 desertissimus:
1664 991 1945 1068 nimirum
1995 992 2286 1067 quoniam

208 1078 489 1140 traditam
540 1077 654 1139 sibi
696 1078 1078 1154 publicorum
1126 1076 1470 1138 custodiam
1514 1093 1829 1138 sacrorum
1882 1093 2007 1137 non
2042 1076 2286 1150 honori,

206 1163 324 1225 Sed
356 1160 529 1224 oneri
559 1179 701 1224 esse
731 1162 1116 1223 existimavit.
1187 1177 1479 1229 Rutilius
1511 1177 1665 1244 Lup.
1724 1193 1835 1246 cap.
1859 1176 1913 1230 3.
1956 1192 2010 1242 p,
2061 1177 2129 1229 12
2174 1193 2285 1241 sqq.

198 1248 289 1298 e.d
312 1246 513 1298 Ruhnk.
588 1247 928 1302 Charisius
965 1247 1055 1302 lib.
1084 1248 1171 1298 lv.
1205 1261 1261 1313 p.
1281 1247 1401 1301 251.
1476 1247 1816 1297 Diomedes
1852 1244 1940 1298 lib.
1978 1247 2039 1296 11.
2077 1261 2134 1312 p.
2162 1248 2284 1303 441.

210 1315 318 1369 Glo
334 1316 504 1367 dium
536 1314 752 1367 fortasse
770 1316 1042 1381 significat.
1113 1316 1375 1367 Caeterum
1395 1315 1532 1365 conl.
1553 1317 1615 1370 11.
1636 1317 1783 1369 Verr.
1810 1315 2008 1369 lib.1v.
2034 1331 2154 1381 cap.
2175 1316 2286 1379 48„

205 1385 294 1435 ubi
327 1385 510 1435 similis
546 1393 621 1435 est
655 1383 848 1450 ploce.]

333 1468 392 1530 6.
437 1469 811 1544 Quamquam
836 1468 938 1529 illa
967 1485 1089 1529 non
1117 1484 1348 1543 poena,
1379 1468 1490 1529 sed
1520 1429 1847 1544 prohibitio
1872 1465 2132 1530 sceleris
2157 1467 2284 1529 suit.

208 1553 726 1621 [Quinctilianus
754 1552 841 1602 lib.
860 1551 947 1602 IX.
973 1567 1084 1618 cap.
1112 1554 1232 1615 2.5.
1259 1551 1341 1603 18.
1401 1552 1787 1606 Rufinianus
1815 1566 1925 1618 cap.
1951 1552 2034 1603 l4.
2059 1568 2115 1618 p·
2137 1551 2282 1619 208.]

329 1633 387 1693 7.
434 1633 626 1694 Miror
650 1632 798 1709 quid
817 1632 914 1706 sit,
942 1636 1109 1710 quod
1128 1641 1304 1710 pater
1326 1641 1487 1707 tuus,
1511 1633 1697 1696 homo
1716 1632 2282 1710 constantissimuS‚

196 1725 268 1780 *te
301 1716 483 1778 nobi-s
517 1717 750 1779 varium
785 1717 1045 1794 reliquit.
1078 1731 1362 1799 [Varium
1396 1732 1609 1786 naeuus
1646 1731 2004 1796 servilium
2031 1734 2281 1784 nauri-

200 1816 353 1852 cum
391 1801 494 1851 dici
529 1809 700 1870 putat,
749 1802 1004 1858 hominem
1039 1802 1271 1869 vestigiis
1302 1801 1607 1853 variolamm
1646 1809 1694 1851 et
1738 1801 1894 1858 animi
1927 1803 2175 1854 varietate
2208 1805 2282 1853 in-

199 1872 422 1939 signem.
462 1898 529 1908 —-
569 1872 1073 1932 Quinctilianus
1103 1872 1190 1926 lib.
1231 1872 1318 1925 VI.
1358 1886 1473 1937 cap.
1506 1870 1558 1924 3.
1598 1871 1651 1934 5.
1689 1870 1774 1923 48.
1814 1886 1970 1938 supra
2014 1873 2067 1922 ln
2109 1870 2278 1939 iocis]

330 1952 390 2015 8.
434 1954 646 2030 Neque
679 1953 838 2015 enim
879 1962 1120 2032 poterat
1152 1952 1373 2014 indicio
1410 1952 1590 2014 ethis
1621 1951 1953 2026 damnatiS‚
1996 1953 2105 2029 qui
2134 1955 2279 2017 indi·

207 2038 523 2099 cabantur.
554 2071 637 2082 —
670 2038 853 2100 Venit
891 2056 969 2099 ex
1006 2038 1171 2099 Asia
1245 2039 1380 2098 Hoc
1417 2028 1619 2113 ipsum
1672 2053 1852 2113 quam
1892 2037 2173 2100 bonum?
2200 2075 2278 2085 —

196 2121 506 2186 Tribunus
539 2124 619 2198 pl.
651 2123 818 2272 veJmt
840 2140 916 2185 ex
941 2121 1110 2184 Asia.
1164 2125 1395 2183 Verum
1422 2127 1619 2181 tamen
1645 2121 1828 2182 venit.
1887 2134 2169 2207 [memiib.
2191 2141 2276 2191 lx.

200 2210 321 2273 cap.
358 2208 408 2259 3.
447 2209 499 2270 5.
539 2210 607 2257 42
637 2223 696 2270 sq

327 2290 387 2352 9.
444 2290 618 2350 Mitto
665 2290 826 2350 illam
880 2289 1134 2365 primam
1193 2288 1455 2351 libidinis
1509 2287 1805 2350 iniuriam.
1858 2301 2284 2373 [Quinctius-

202 2388 319 2424 nus
358 2375 447 2425 lib.
484 2373 571 2429 IX,
603 2388 713 2440 cap.
753 2375 802 2423 2.
843 2376 891 2433 5.
927 2371 1037 2439 47.]

340 2457 435 2517 10.
476 2457 566 2516 Ne
599 2456 700 2517 illa
731 2455 976 2534 quidem
1011 2454 1364 2519 testimonia
1388 2455 1612 2529 recito,
1646 2471 1804 2531 quae
1835 2454 1998 2515 dicta
2027 2467 2180 2521 sunt
2209 2462 2285 2522 de

199 2538 631 2601 sestertiorum
675 2540 1078 2617 septingentis
1112 2539 1375 2602 milibus.
1440 2554 1600 2621 [Idem
1629 2552 1778 2622 ibid]

336 2626 429 2684 11.
476 2670 491 2684 .
519 2670 533 2682 .
561 2669 575 2681 .
603 2669 618 2686 .
644 2642 904 2702 possum
936 2624 1160 2688 dicere.
1223 2638 1391 2703 [Idem
1427 2636 1580 2704 ἰδίει]

333 2723 426 2783 12.
472 2726 672 2787 Unum
712 2725 892 2787 etiam
922 2724 1062 2785 mihi
1102 2723 1403 2800 reliquum
1455 2722 1636 2787 huius
1678 2721 1846 2789 modi
1889 2722 2122 2791 crimen
2168 2736 2285 2790 est.

200 2805 487 2873 [Idemlib.
520 2809 762 2876 Καρ.
794 2812 848 2862 2.
884 2811 937 2872 5.
976 2807 1090 2874 60.]

328 2890 425 2953 13.
469 2892 653 2953 Aliud
684 2909 764 2954 ex
792 2893 911 2954 alio
944 2891 1248 2955 succurrit
1277 2890 1672 2974 mihi.[1dem
1707 2903 1859 2971 ibim]

331 2975 428 3036 14.
471 2976 604 3036 Non
642 2975 888 3037 nimium
933 2977 1086 3037 dura
1126 2975 1551 3052 archipiratae.
1622 2988 1784 3056 [1dem
1816 2989 1908 3041 lib.
1940 2987 2027 3039 lx.
2069 3005 2191 3056 cap.
2228 2995 2279 3044 4.

329 3129 426 3190 15.
468 3128 623 3189 Illud
651 3127 911 3201 scimus,
938 3128 1311 3204 ubicumque
1333 3135 1511 3202 sunt,
1548 3143 1694 3193 esse
1725 3143 1837 3204 pro
1867 3124 2072 3195 nobis
2112 3139 2281 3208 [Idem

199 3208 289 3262 lib.
323 3212 414 3260 lx.
452 3227 563 3276 cap.
598 3212 651 3261 4.
688 3214 738 3273 5.
781 3210 923 3277 100.]

327 3277 422 3337 16.
468 3281 848 3354 Quamquam
887 3279 1087 3343 sentio
1120 3288 1349 3355 quanta
1378 3280 1498 3343 hoc
1529 3296 1670 3341 cum
1701 3276 2052 3343 offensione
2087 3276 2281 3338 dictu-

200 3371 307 3415 rus
343 3357 456 3416 sim
487 3360 813 3423 dicendum
845 3369 962 3423 est.
1024 3377 1296 3442 [Aquila
1325 3394 1379 3446 p.
1423 3377 1542 3430 143.
1577 3376 1808 3444 Ruhnk.]
