2381 3723
210 139 274 192 31
927 133 1091 194 CAP.
1125 148 1176 198 1.
1216 147 1270 199 2.
1307 146 1368 208 s.
1403 150 1583 202 1-8,
2174 146 2285 209 Μῐ

206 281 447 343 Mucius
489 284 568 342 ad
612 299 900 348 socerum
948 285 1202 348 veniunt
1240 297 1386 365 post
1428 297 1685 352 mortem
1716 292 2021 355 Africani:
2080 296 2157 356 ab
2200 295 2291 357 his

206 383 415 428 sermo
450 367 673 441 oritur,
726 370 1067 446 respondet
1099 372 1376 447 Laelius,
1434 374 1607 435 cuius
1648 384 1776 437 tola
1825 377 2155 454 disputatio
2198 387 2293 440 est

207 452 287 510 de
317 450 611 524 amicitia,
662 468 845 527 quam
875 455 1091 529 legens
1120 461 1183 515 te
1217 455 1417 531 ipsum
1444 473 1813 534 cognosces.

193 556 241 597 x
330 535 400 594 11.
449 536 509 597 6.
594 535 887 597 ΕΑΝΝιυε.
961 537 1118 598 Sunt
1145 537 1298 614 ista,
1344 540 1542 603 Laeli:
1590 559 1705 603 nec
1735 544 1894 605 enim
1943 544 2157 605 melior
2200 547 2293 608 vir

207 618 316 680 suit
349 619 642 680 Africano
690 618 1016 696 quisquam
1059 639 1175 683 nec
1217 623 1456 685 clarior.
1534 625 1661 687 Sed
1697 626 2050 689 existimare
2093 630 2288 692 debes

205 702 746 773 omniumoculos
787 703 849 764 in
897 713 957 765 te
1010 722 1153 769 esse
1199 707 1515 771 coniectos
1563 727 1782 772 unum:
1841 721 1902 772 te
1945 712 2287 789 sapientem

204 794 267 847 et
290 788 605 863 appellant
625 794 688 846 et
716 786 1084 850 existimant.
1155 791 1559 854 Tribuebatur
1578 794 1699 857 hoc
1723 796 1908 857 modo
1940 796 2022 856 M.
2051 797 2284 871 Catoni,

202 869 437 931 scimus
471 871 537 930 L.
570 869 831 933 Acilium
866 874 1032 948 apud
1076 884 1288 950 patres
1328 884 1578 939 nostros
1610 880 1980 955 appellatum
2015 897 2156 940 esse
2187 899 2282 942 sa-

204 954 503 1029 pientem,
536 954 650 1015 sed
672 965 932 1032 uterque
964 956 1082 1019 alio
1115 961 1388 1034 quodam
1419 962 1639 1022 modo:
1679 961 1941 1035 Acilius,
1980 963 2120 1038 quia
2144 981 2260 1039 pru

202 1040 361 1099 dens
409 1054 552 1099 esse
605 1037 663 1098 in
716 1038 846 1101 iure
897 1038 1054 1101 civili
1106 1043 1462 1118 putabatur,
1525 1045 1705 1117 Cato,
1770 1046 1912 1121 quia
1961 1049 2281 1108 multarum

203 1139 408 1183 rerum
452 1139 628 1184 usum
661 1122 954 1187 habebat:
1000 1128 1190 1186 multa
1221 1126 1352 1188 eius
1396 1134 1458 1188 et
1485 1127 1545 1187 in
1581 1136 1801 1189 senatu
1833 1136 1895 1188 et
1921 1127 1983 1188 in
2014 1131 2148 1190 foro
2189 1134 2282 1190 vel

205 1205 461 1282 provisa
500 1206 834 1281 prudenter
881 1210 973 1268 vel
1024 1217 1161 1269 acta
1205 1218 1563 1271 constanter
1604 1213 1703 1272 vel
1754 1227 2061 1286 responsa
2106 1221 2284 1274 acute

204 1291 588 1361 serebantur,
640 1299 975 1366 propterea
1017 1293 1198 1368 quasi
1248 1310 1592 1370 cognomen
1636 1294 1755 1355 iam
1797 1294 2062 1355 habebat
2102 1296 2162 1355 in
2191 1313 2276 1356 se-

203 1381 451 1435 nectute
485 1372 796 1448 sapientis.
878 1376 964 1437 Te
994 1384 1197 1437 autem
1247 1377 1364 1439 alio
1400 1379 1671 1454 quodam
1705 1379 1889 1440 modo
1925 1395 2050 1440 non
2084 1381 2284 1439 solum

204 1466 425 1519 natura
457 1469 519 1518 et
549 1456 853 1532 moribus,
899 1477 1115 1521 verum
1146 1460 1325 1522 etiam
1357 1459 1562 1524 studio
1593 1470 1656 1524 et
1699 1460 1981 1524 doctrina
2010 1479 2155 1523 esse
2191 1481 2283 1522 sa·

204 1540 503 1618 pientem,
556 1558 670 1602 nec
701 1540 859 1604 sicut
889 1545 1141 1619 vulgus,
1193 1546 1307 1606 sed
1350 1554 1420 1607 ut
1459 1545 1681 1608 eruditi
1724 1548 1932 1608 solent
1971 1547 2284 1623 appellare

204 1624 574 1701 sapientem,
643 1627 881 1701 qualem
937 1626 997 1688 in
1062 1627 1319 1690 Graecia
1368 1629 1679 1691 neminem
1722 1663 1808 1676 —-
1859 1631 1918 1691 7.
1980 1647 2120 1691 nam
2180 1629 2283 1705 qui

203 1717 442 1786 septem
479 1711 900 1787 appellantur,
953 1728 1067 1773 eos
1110 1711 1217 1788 qui
1258 1713 1376 1774 ista
1415 1714 1697 1776 subtilius
1741 1723 2044 1790 quaerunt
2082 1713 2143 1774 in
2175 1731 2281 1773 nu·

204 1810 376 1854 mero
416 1792 782 1871 sapientium
821 1811 945 1856 non
989 1795 1219 1857 habent
1255 1831 1373 1873 -—,-
1397 1797 1658 1859 Athenis
1700 1814 1887 1858 unum
1930 1797 2281 1875 accepimus

204 1887 266 1939 et
293 1894 433 1939 eum
474 1877 721 1954 quidem
751 1879 930 1940 etiam
960 1881 1265 1957 Apollinis
1297 1885 1549 1944 oraculo
1583 1881 2281 1958 sapientissimum-iudi-

205 1969 440 2023 catum:
497 1963 656 2023 hanc
707 1979 852 2025 esse
901 1963 959 2023 in
1010 1972 1067 2024 te
1121 1964 1485 2040 sapientiam
1537 1963 1914 2037 existimant,
1970 1973 2037 2023 ut
2079 1964 2282 2023 omnia

206 2057 311 2106 tua
350 2044 412 2105 in
456 2053 518 2107 te
561 2045 763 2122 posita
805 2064 948 2108 esse
988 2049 1180 2109 ducas
1230 2049 1660 2123 humanosque
1695 2063 1879 2108 casus
1933 2045 2155 2106 virtute
2199 2046 2279 2105 in·

209 2128 469 2191 seriores
506 2138 707 2206 putes.
785 2132 1006 2206 Itaque
1028 2149 1107 2192 ex
1141 2149 1242 2193 me
1274 2138 1605 2206 quaerunt,
1660 2132 1848 2191 eredo
1879 2146 1957 2190 ex
1989 2130 2109 2190 hoc
2139 2130 2279 2188 item

206 2214 541 2287 Scaevola,
603 2231 871 2290 quonam
936 2222 1118 2289 pacto
1187 2223 1443 2276 mortem
1496 2214 1770 2276 Africani
1828 2216 2024 2285 seraS‚
2080 2228 2280 2288 eoque

206 2296 431 2370 magis,
482 2300 647 2373 quod
676 2297 973 2375 proximis
1008 2298 1199 2359 Nonis
1232 2316 1419 2375 quum
1449 2299 1509 2359 in
1539 2298 1754 2360 hortos
1783 2300 1856 2360 D.
1893 2296 2064 2359 Bruti
2093 2313 2280 2371 augu-

207 2381 294 2442 ris
323 2381 776 2443 commentandi
807 2398 1025 2455 causa,
1057 2392 1125 2443 ut
1152 2383 1423 2456 adsolet,
1466 2385 1885 2455 venissemuS,
1927 2388 1995 2443 tu
2022 2399 2146 2442 non
2178 2382 2281 2440 ad·

207 2463 404 2538 suisti,
448 2464 552 2540 qui
583 2464 1042 2542 diligentissime
1077 2483 1324 2543 semper
1363 2465 1529 2528 illum
1568 2466 1726 2527 diem
1769 2475 1832 2528 et
1868 2466 2019 2527 illud
2057 2481 2278 2525 munus

209 2547 431 2611 solitus
468 2565 645 2610 esses
679 2549 867 2610 obire.

333 2632 391 2692 8.
467 2632 811 2692 Scaevom.
890 2635 1202 2709 Quaerunt
1252 2631 1527 2707 quidem,
1596 2633 1658 2693 C.
1702 2632 1896 2704 Laeli,
1967 2630 2166 2703 multi,
2215 2639 2281 2691 ut

207 2726 305 2777 est
332 2732 369 2775 a
404 2716 634 2777 Fannio
667 2716 927 2789 dictum,
983 2718 1094 2777 sed
1128 2733 1244 2792 ego
1276 2715 1338 2777 id
1373 2717 1759 2793 responde0,
1816 2716 1982 2792 quod
2015 2713 2278 2773 animum

207 2800 478 2873 adverti,
517 2809 578 2861 te
607 2802 917 2873 dolorem,
970 2816 1151 2876 quem
1178 2798 1495 2877 acceperis
1526 2817 1711 2875 quum
1744 2798 1966 2861 summi
1996 2797 2108 2858 viri
2152 2805 2278 2858 tum

207 2882 562 2945 amicissimi
589 2891 819 2956 morte,
866 2884 1027 2944 serre
1072 2886 1420 2957 moderate,
1473 2900 1588 2944 nec
1636 2883 1917 2961 potuisse
1958 2900 2082 2943 non
2118 2900 2278 2943 com-

208 2967 448 3028 moveri
486 2983 602 3028 nec
653 2967 844 3028 ruisse
885 2966 945 3027 id
990 2965 1379 3029 humanitatis
1408 2977 1582 3029 tuae:
1631 2970 1802 3044 quod
1849 2975 2050 3030 autem
2091 2966 2276 3028 Nonis

208 3050 269 3110 in
322 3050 583 3127 collegio
634 3058 848 3113 nostro
897 3068 1021 3112 non
1064 3051 1408 3125 adfuisseS,
1472 3052 1883 3114 valetudinem
1924 3051 2275 3123 respondeo

211 3150 493 3208 eausam,
533 3152 656 3196 non
689 3132 1051 3196 maestitiam
1086 3135 1298 3197 luisse.
2202 3211 2212 3222 ,

338 3219 625 3279 Lamus·
691 3221 881 3280 Recte
910 3226 973 3279 tu
1004 3217 1279 3293 quidem,
1314 3219 1644 3292 Scaevola,
1678 3228 1740 3279 et
1765 3232 1945 3278 vere:
1983 3230 2097 3274 nec
2121 3230 2275 3272 enim

212 3302 288 3361 ab
316 3301 439 3364 isto
472 3299 712 3374 officio,
768 3303 936 3377 quod
965 3319 1214 3379 semper
1239 3302 1565 3377 usurpavi,
1619 3317 1805 3375 quum
1836 3299 2133 3367 valerem,
2177 3296 2276 3353 ab·

214 3385 353 3446 duci
377 3386 771 3448 incommodo
807 3403 942 3447 meo
978 3385 1188 3457 debui,
1222 3401 1337 3445 nec
1368 3388 1490 3444 ullo
1524 3400 1674 3442 casu
1696 3379 1958 3518 aiilgtgor
1988 3380 2107 3436 hoc
2137 3392 2275 3433 con·
