2381 3723
109 145 189 206 22
917 147 1019 207 DE
1051 145 1368 208 OFFICIIS

111 296 303 371 frangi
336 297 668 373 cupiditate
706 312 850 366 nec,
915 296 1016 371 qui
1054 296 1344 359 invictum
1376 316 1446 360 se
1474 318 1509 360 a
1551 302 1760 362 labore
1792 301 2181 376 praestiterit,

111 378 270 441 vinci
302 396 338 439 a
367 382 707 458 voluptate.
784 381 974 455 Quam
1021 381 1100 441 ob
1136 398 1265 441 rem
1305 390 1367 442 et
1410 385 1562 445 haec
1597 385 1863 445 videnda
1893 391 1954 445 et
1998 402 2181 462 pecu-

111 464 248 525 niae
290 462 582 538 sugienda
619 463 942 540 cupiditas·
1014 463 1168 524 Nihil
1211 467 1369 525 enim
1407 475 1504 528 est
1541 475 1665 528 tam
1712 468 1954 543 angusti
1998 469 2184 530 animi

110 550 359 622 tamque
403 547 576 624 parvi
618 564 800 623 quam
840 564 1046 608 amare
1081 548 1357 624 divitiaS,
1408 551 1553 612 nihil
1590 550 1910 613 honestius
1955 552 2185 629 magni·

111 630 518 705 licentiusque
563 648 744 706 quam
786 631 1108 706 pecuniam
1153 639 1575 708 contemnere,
1641 633 1694 696 si
1739 641 1862 695 non
1914 636 2180 697 habeas:
2218 675 2222 679 -

109 715 161 775 si
191 714 458 786 habeas,
497 715 573 774 ad
608 714 1078 776 beneficentiam
1116 715 1659 793 liberalitatemque
1694 721 1993 779 conferre.
2074 721 2183 779 Ca·

108 799 311 858 venda
343 798 522 858 etiam
557 806 656 859 est
683 798 915 874 gloriae
948 798 1281 874 cupiditaS,
1314 809 1593 878 utsupra
1621 801 1774 862 dixi:
1819 801 1997 878 eripit
2018 801 2180 866 enim

109 880 476 955 libertatem,
538 899 654 959 pro
706 899 829 956 qua
886 882 1285 957 magnanimis
1335 881 1483 945 viris
1544 884 1742 947 omnis
1795 886 1977 946 debet
2036 901 2184 947 esse

109 967 440 1026 contentio.
513 968 639 1026 Nec
685 982 833 1028 vero
878 967 1129 1042 imperia
1172 969 1525 1044 expetenda
1568 985 1640 1028 ac
1678 968 1883 1043 potius
1920 976 2182 1030 autnon

107 1049 470 1126 accipienda
498 1050 801 1111 interdum
827 1057 934 1111 aut
959 1052 1330 1126 deponenda
1362 1069 1487 1112 non
1511 1069 1859 1128 numquam.
1930 1052 2029 1113 69.
2059 1053 2182 1112 Va-

108 1135 371 1194 candum
423 1141 627 1195 autem
665 1133 830 1195 omni
862 1147 956 1195 est
999 1135 1179 1194 animi
1223 1134 1681 1211 perturbatione
1723 1153 1907 1211 quum
1952 1136 2181 1210 cupidi·

106 1225 231 1279 tate
282 1224 345 1278 et
388 1225 551 1280 metu
600 1228 724 1279 tum
776 1217 955 1278 etiarn
1008 1217 1389 1294 aegritudine
1424 1226 1486 1279 et
1538 1221 1851 1295 voluptate
1892 1218 2074 1280 animi
2120 1228 2183 1280 et

106 1300 452 1374 iracundia,
480 1310 548 1363 ut
585 1301 988 1378 tranquillitas
1019 1301 1202 1362 animi
1233 1308 1297 1362 et
1325 1302 1625 1364 securitas
1655 1303 1844 1374 adsit,
1889 1320 2045 1378 quae
2075 1304 2180 1363 ad·

107 1388 225 1445 sert
255 1402 441 1460 quum
476 1385 882 1446 constantiam
924 1394 1053 1446 tum
1094 1385 1276 1446 etiam
1319 1385 1688 1462 dignitatem.
1763 1387 1933 1448 Multi
1976 1393 2179 1447 autem

108 1475 169 1528 et
201 1475 346 1530 sunt
377 1475 438 1528 et
473 1470 742 1542 suerunt,
781 1467 882 1543 qui
916 1487 1084 1543 eam,
1123 1487 1306 1544 quam
1337 1470 1512 1544 dico,
1552 1469 2045 1545 tranquillitatem
2078 1488 2181 1530 ex·

108 1558 391 1625 petentes
423 1568 458 1610 a
490 1550 752 1627 negotiis
784 1551 1041 1626 publicis
1072 1571 1142 1615 se
1168 1562 1559 1614 removerunt
1585 1555 1662 1614 ad
1698 1554 2012 1628 otiumque
2045 1569 2182 1630 per·

109 1638 423 1710 fugerunt:
470 1635 528 1695 in
566 1635 659 1695 his
683 1643 743 1695 et
774 1636 1134 1697 nobilissimi
1159 1636 1514 1713 philosophi
1540 1639 1848 1713 longeque
1869 1636 2181 1714 principes

108 1727 170 1779 et
219 1717 463 1793 quidam
507 1718 788 1780 homines
829 1719 1031 1780 severi
1071 1728 1134 1781 et
1171 1737 1395 1796 graves
1447 1736 1562 1781 nec
1604 1721 1817 1797 populi
1863 1737 1978 1781 nec
2021 1720 2181 1796 prin-

110 1803 310 1877 cipum
343 1819 548 1865 mores
590 1804 750 1864 serre
786 1810 1119 1878 potuerunt
1149 1802 1558 1881 vixeruntque
1583 1822 1705 1867 non
1738 1804 1882 1867 nulli
1918 1804 1978 1865 in
2015 1803 2181 1880 agris

109 1885 394 1948 delectati
442 1904 509 1948 re
556 1903 668 1949 sua
717 1886 1010 1947 familiari.
1101 1888 1202 1948 70.
1257 1887 1364 1949 His
1416 1889 1578 1949 idem
1637 1888 2018 1965 propositum
2051 1888 2183 1949 luit

108 1973 277 2047 quod
308 1971 586 2049 regibus,
645 1980 714 2032 ut
744 1988 822 2032 ne
855 1988 977 2048 qua
1007 1988 1073 2031 re
1105 1979 1387 2047 egerent,
1431 1989 1508 2033 ne
1544 1973 1640 2033 cui
1671 1980 1974 2049 parerent,
2007 1971 2181 2032 liber·

108 2063 230 2117 tate
291 2064 639 2118 uterentur:
715 2056 903 2118 cuius
942 2054 1256 2132 proprium
1309 2065 1404 2117 est
1454 2055 1545 2117 sic
1595 2056 1831 2130 vivere,
1891 2063 1959 2128 ut
2005 2054 2171 2116 velis

106 2140 261 2199 XXI.
308 2139 439 2213 Qua
483 2156 552 2200 re
596 2158 778 2214 quum
823 2140 942 2201 hoc
983 2156 1307 2201 commune
1350 2138 1429 2201 sit
1467 2138 1778 2216 potentiae
1818 2138 2180 2215 cupidorum

109 2238 248 2282 cum
278 2220 384 2295 iis,
423 2239 584 2297 quos
616 2222 775 2295 dixi,
816 2223 1063 2296 otiosiS,
1109 2222 1281 2283 alteri
1314 2240 1384 2284 se
1415 2223 1674 2300 adipisci
1707 2223 1770 2283 id
1800 2239 1992 2301 posse
2023 2222 2176 2283 arbi-

108 2311 372 2378 trantur,
418 2304 473 2366 si
503 2321 659 2382 opes
691 2321 944 2380 magnas
978 2307 1276 2382 habeant,
1320 2306 1521 2378 alteri,
1569 2307 1624 2369 si
1659 2306 1925 2369 contenti
1968 2306 2091 2368 sint
2123 2315 2185 2366 et

109 2405 226 2450 suo
259 2396 319 2447 et
351 2405 567 2466 parvo.
644 2390 705 2448 ln
737 2405 861 2463 quo
896 2398 1252 2451 neutrorum
1286 2390 1533 2452 omnino
1567 2392 2014 2453 contemnenda
2042 2407 2184 2451 sen-

111 2470 299 2531 tentia
327 2479 454 2544 est,
498 2472 608 2533 sed
649 2479 711 2532 et
741 2471 977 2533 facilior
1017 2481 1079 2534 et
1111 2473 1297 2535 tutior
1324 2482 1386 2535 et
1431 2474 1630 2536 minus
1661 2475 1794 2536 aliis
1827 2474 2032 2550 gravis
2078 2482 2187 2534 aut

110 2556 368 2616 molesta
396 2556 522 2616 vita
552 2563 649 2617 est
677 2555 1050 2631 otiosorum,
1105 2558 1482 2619 fructuosior
1508 2566 1710 2619 autem
1740 2558 2054 2620 hominum
2082 2574 2186 2632 ge·

111 2637 243 2701 neri
275 2647 336 2701 et
366 2641 442 2701 ad
476 2642 810 2701 claritatem
842 2641 1425 2717 amplitudinemque
1464 2642 1662 2718 aptior
1691 2659 1938 2715 eorum,
1980 2639 2084 2716 qui
2115 2657 2189 2701 se

109 2723 187 2783 ad
230 2741 360 2785 rem
401 2723 705 2799 publicam
749 2731 810 2786 et
850 2725 929 2784 ad
962 2742 1216 2801 magnas
1262 2742 1364 2787 res
1406 2727 1713 2800 gerendas
1759 2723 2188 2787 accommoda·

110 2816 350 2869 verunt.
441 2811 539 2869 71.
594 2808 985 2887 Quapropter
1035 2817 1096 2869 et
1144 2807 1220 2869 iis
1272 2808 1525 2870 forsitan
1589 2809 2057 2871 concedendum
2107 2805 2188 2867 sit

112 2907 238 2952 rem
299 2889 597 2967 publicam
660 2910 781 2963 n‚on
837 2892 1337 2968 capessentibus,
1404 2894 1507 2968 qui
1570 2890 1891 2955 excellenti
1936 2890 2182 2967 ingenio

111 2974 427 3038 doctrinae
457 2990 601 3036 sese
632 2975 1027 3047 dediderunt,
1077 2985 1139 3036 et
1168 2976 1273 3056 iis,
1319 2975 1424 3052 qui
1457 2984 1563 3037 aut
1592 2975 1957 3038 valetudinis
1996 2974 2175 3035 imbe-

114 3058 357 3120 cillitate
399 3067 506 3120 aut
547 3058 752 3134 aliqua
784 3058 1071 3135 graviore
1113 3076 1301 3120 causa
1329 3059 1604 3136 impediti
1633 3078 1670 3120 a
1700 3077 1767 3121 re
1802 3059 2047 3137 publica
2091 3073 2164 3117 re

115 3150 464 3216 cesserunt,
520 3159 708 3219 quum
744 3143 877 3203 eius
912 3142 1431 3204 administrandae
1474 3151 1841 3241 potestatem
1885 3142 2015 3204 aliis
2061 3142 2174 3201 lau·

113 3227 375 3301 demque
409 3226 840 3287 concederent.
912 3226 1142 3300 Quibus
1175 3235 1379 3288 autem
1405 3227 1541 3288 talis
1578 3229 1743 3288 nulla
1773 3227 1852 3298 sit
1878 3242 2082 3295 causa,
2135 3221 2184 3289 si

113 3307 435 3385 despicere
465 3325 536 3369 se
564 3308 768 3368 dicant
799 3324 898 3380 ea,
945 3326 1104 3383 quae
1143 3311 1425 3387 plerique
1472 3309 1794 3383 mirentur,
1834 3308 2090 3385 imperia
2127 3314 2186 3367 et

113 3389 533 3468 magistratus,
598 3390 670 3450 iis
723 3406 847 3449 non
897 3393 1083 3453 modo
1136 3411 1258 3452 non
1307 3394 1500 3468 laudi,
1560 3410 1773 3455 verum
1818 3392 1997 3453 etiam
2038 3389 2184 3451 vitio
