2381 3723
154 140 280 202 338
948 142 1432 205 FRAGMENTA
2144 156 2246 213 148

280 293 617 367 interimet,
644 293 966 369 stinguens
1000 297 1316 370 praeclara
1345 295 1607 372 insignia
1643 297 1814 358 caeli.

472 376 633 444 [Idem
667 378 755 431 lib.
792 378 858 428 x,
896 393 1012 444 cap.
1044 382 1097 430 2.
1134 380 1185 440 s.
1230 381 1310 433 ιι.
1345 396 1399 446 p.
1432 380 1554 435 480.
1592 382 1676 433 ed.
1715 381 1912 448 aretam]

281 461 341 519 4.
385 461 656 522 Navibus
686 461 1025 537 absumptis
1056 461 1359 523 fluitantia
1398 479 1701 539 quaerere
1729 467 2022 541 aplustra.

414 542 575 610 [mem
611 546 699 597 lib.
744 547 855 596 vn.
895 560 1006 611 cap.
1046 547 1128 599 15.
1165 549 1217 610 s.
1257 550 1343 599 74.
1382 561 1435 612 p.
1478 547 1600 602 342.
1637 549 1721 604 ed.
1766 548 1963 615 Krenai.)

779 660 854 713 V.
883 659 1190 715 UXORIUS.
1260 662 1363 717 vl.
1393 658 1603 713 NILUS.

886 780 1260 822 AnGuussuwu
1291 783 1494 824 nonan.

291 855 382 910 Iul.
425 855 740 923 Capitolinus
784 859 838 907 in
891 857 1132 912 Gordian.
1185 875 1299 926 cap.
1353 860 1405 913 3.
1443 860 1786 922 Adolescens,
1829 862 2021 926 inquit,
2076 879 2235 927 quum

154 931 288 975 esset
321 922 605 976 Gordianus
638 954 704 963 —
745 930 982 994 poemata
1019 929 1249 993 scripsit,
1297 943 1428 995 quae
1472 931 1642 980 omnia
1686 938 1914 992 exstant,
1963 938 2013 981 et
2048 946 2233 985 cuncta

153 992 266 1056 illa,
305 1009 435 1056 quae
473 994 647 1046 Cicero
681 1011 746 1046 ex
785 997 1035 1047 Demetrio
1072 1004 1120 1046 et
1155 998 1339 1056 Arato,
1386 1003 1435 1047 et
1472 998 1788 1065 Alcyonas
1825 1008 1875 1050 et
1907 999 2233 1054 Uxorium

154 1069 202 1111 et
230 1060 475 1129 Nilum,
511 1080 640 1128 quae
676 1065 880 1128 quidem
913 1068 982 1115 ad
1010 1065 1109 1116 hoc
1147 1067 1374 1132 scripsit,
1413 1073 1467 1117 ut
1504 1067 1764 1119 Ciceronis
1804 1071 2039 1134 poemata
2075 1072 2232 1122 nimis

154 1131 359 1194 antiqua
394 1133 699 1187 viderentur.
775 1132 942 1194 Quid?
988 1148 1052 1184 ex
1086 1135 1340 1187 Demetrio
1387 1137 1583 1188 comico
1619 1139 1959 1199 comoediam,
2009 1146 2066 1189 ut
2100 1141 2227 1191 Kor-

156 1200 299 1251 desio
346 1201 582 1253 videtur?
638 1204 732 1266 At,
781 1205 828 1254 si
873 1203 1001 1255 fides
1045 1212 1122 1255 est
1155 1203 1409 1256 Salmasio
1452 1213 1504 1255 et
1547 1206 1874 1269 casaubono,
1912 1208 2234 1275 Capitolinus

152 1270 381 1334 scripsit:
422 1278 600 1322 cuncta
626 1261 748 1332 illa,
787 1287 917 1337 quae
953 1273 1128 1325 Cicero
1167 1274 1354 1334 edidit,
1387 1273 1602 1326 Marium
1637 1284 1687 1326 et
1709 1276 1920 1327 Aratum
1958 1287 2009 1328 et
2037 1277 2227 1344 Alcyo-

152 1352 243 1389 nas
279 1346 330 1389 et
360 1339 601 1392 Uxorium
637 1349 686 1391 et
713 1340 940 1392 Limona.

969 1452 1104 1506 VH.
1142 1451 1327 1504 Luto
1343 1453 1404 1503 N.

885 1550 1257 1595 anemurum
1287 1556 1490 1597 nomm.

291 1626 397 1677 Hoc
430 1628 651 1678 carmine
690 1628 884 1692 Tanaq.
910 1632 1074 1682 Faber
1097 1632 1393 1684 Ciceronem
1421 1634 1717 1700 suspicatur
1753 1637 2076 1704 complexum
2112 1654 2230 1694 esse

152 1697 517 1759 epigrammata
554 1697 606 1746 in
639 1697 780 1751 viros
821 1697 1150 1752 clarissimos.
1222 1701 1328 1754 Hoc
1377 1704 1694 1770 epigramma
1729 1706 1782 1756 in
1816 1707 1874 1763 P.
1912 1707 2226 1774 Terentium,

151 1764 284 1826 quod
322 1764 373 1812 in
410 1762 630 1814 Terentii
668 1767 800 1829 vita,
852 1783 981 1831 quae
1024 1769 1320 1821 Suetonium
1350 1771 1504 1822 habet
1539 1781 1819 1835 auctorem,
1859 1792 1905 1830 c.
1948 1777 1998 1828 5.
2040 1788 2226 1842 exstat,

150 1833 354 1882 suerunt
398 1835 485 1896 qui
527 1848 558 1883 a
604 1835 775 1887 nescio
825 1852 923 1901 quo
968 1841 1296 1905 grammatico
1344 1841 1607 1893 confictum
1652 1851 1902 1910 putarent.
1978 1844 2086 1898 Sed
2129 1848 2229 1900 hoc

146 1903 316 1967 ipsum
363 1916 463 1954 non
511 1906 661 1955 modo
708 1904 763 1956 C.
812 1906 906 1960 Iul.
958 1908 1145 1959 Caesar
1187 1910 1411 1960 imitatus
1468 1919 1545 1961 est
1602 1913 1781 1964 eodem
1830 1929 1953 1965 usus
2011 1918 2228 1970 exordio

148 1971 240 2035 (cf.
279 1970 484 2025 Sueton.
525 1972 559 2026 1.
598 1975 697 2037 c.)‚
735 1974 830 2024 sed
866 1977 1016 2026 etiam
1053 1978 1312 2030 Ausonius
1351 1980 1403 2028 in
1437 1980 1773 2047 Protreptico:

218 2041 305 2088 Tu
343 2053 624 2104 quoque,
664 2043 1064 2115 qui-Latium
1094 2046 1266 2097 lecto
1301 2061 1628 2110 sermone,
1665 2051 1926 2103 Terenti
1961 2080 2032 2090 ·-

351 2122 439 2185 Tu
473 2141 754 2200 quoque,
786 2125 890 2202 qui
917 2130 1091 2191 solus
1121 2131 1282 2192 lecto
1315 2148 1629 2207 sermone,
1663 2135 1924 2210 Terenti,

236 2205 613 2268 Conversum
647 2224 1139 2289 expressumque
1170 2214 1381 2275 Latina
1412 2232 1567 2278 voce
1593 2218 2000 2282 Menandrum

229 2290 295 2349 In
328 2289 528 2351 medio
563 2292 775 2367 populi
809 2294 1040 2355 sedatis
1071 2296 1331 2359 vocibus
1363 2298 1580 2374 efferS,

231 2372 536 2448 Quidquid
566 2389 744 2434 come
773 2375 1035 2451 loquens
1067 2386 1253 2453 atque
1284 2380 1488 2442 omnia
1519 2384 1721 2447 dulcia
1751 2385 1983 2449 dicens

664 2455 1048 2522 [Suetonius
1081 2465 1187 2514 vita
1221 2465 1421 2516 Terent.
1459 2481 1572 2534 cap.
1613 2466 1694 2534 5.]

918 2575 1080 2637 vm.
1123 2582 1175 2633 M
1188 2584 1234 2634 A
1247 2584 1291 2670 P:
1304 2584 1375 2637 IU
1387 2583 1439 2637 S.

878 2683 1252 2727 mmmmm
1276 2688 1477 2730 nonen.

280 2754 493 2808 Marium
532 2761 891 2829 municipalem
929 2779 1076 2814 suum
1125 2763 1300 2817 Cicero
1347 2770 1528 2819 cecinit
1563 2784 1660 2820 non
1706 2770 1862 2823 multo
1910 2780 2028 2824 ante
2065 2790 2226 2838 quam

140 2820 296 2873 libros
331 2825 394 2874 de
427 2825 589 2894 Legg.
629 2830 851 2882 scribere
887 2832 1200 2895 institueret,
1238 2834 1311 2901 (v.
1350 2836 1419 2891 M.
1459 2840 1628 2904 Haupt
1663 2840 1715 2889 in
1746 2840 2042 2892 Verhandd.
2079 2844 2130 2894 d.
2168 2846 2226 2896 k.

138 2890 306 2940 sacius.
356 2892 472 2949 Ges.
514 2899 617 2947 ‘der
658 2899 1095 2953 wissenschaften
1131 2904 1196 2954 11.
1248 2907 1333 2959 54.
1385 2919 1433 2956 a.
1482 2906 1664 2972 1847&
1700 2907 1806 2959 fere
1839 2907 1944 2963 698
1985 2926 2042 2977 p.
2081 2928 2139 2966 u.
2175 2929 2225 2965 ο.

140 2955 229 3022 (cf.
267 2960 475 3015 Coi-rad.
509 2964 771 3025 Quaestur.
811 2984 866 3035 p.
897 2970 1015 3022 262.
1056 2971 1208 3038 Ern.)
1487 3014 1493 3020 .
2049 3029 2054 3032 ,

438 3049 491 3108 1.
539 3052 773 3114 Nuncia
796 3054 964 3116 fulva
991 3054 1158 3120 Iovis
1193 3059 1470 3122 miranda
1502 3061 1633 3123 visa
1665 3062 1883 3142 figura.

589 3135 844 3203 [Cicero
883 3140 947 3190 de
979 3140 1115 3208 legg.
1155 3143 1244 3193 lib.
1278 3137 1317 3194 Ι.
1356 3160 1469 3209 cap.
1509 3146 1557 3197 1.
1589 3139 1643 3209 S.
1683 3143 1758 3211 2.]

431 3218 489 3278 2.
532 3220 646 3282 Hic
675 3222 839 3284 Iovis
870 3224 1116 3286 altisoni
1146 3226 1351 3290 subito
1390 3229 1639 3305 pinnata
1670 3225 1935 3306 satelles,

304 3297 566 3362 Arboris
598 3320 632 3362 e
663 3310 880 3367 trunco
915 3310 1220 3386 serpentis
1252 3313 1461 3372 saucia
1488 3321 1734 3389 mor'su,

306 3375 573 3456 Subrigit
600 3385 737 3461 ipsa
767 3387 910 3447 feris
940 3394 1312 3469 transfigens
1339 3395 1651 3472 unguibus
1686 3411 1946 3475 anguem
