2381 3723
172 90 294 153 218
698 47 701 48 f
957 61 1455 152 FRAGMENTA.
1938 164 1942 166 Α
2177 105 2252 159 28

172 242 505 302 defendere
542 242 836 304 acerrime
866 244 1104 317 soleaS,
1141 251 1309 304 tuum
1338 241 1726 319 negligeres?
1768 244 1874 305 ubi
1903 245 2111 319 dolor,
2143 245 2251 307 ubi

170 327 360 386 ardor
390 325 598 399 animi,
648 326 750 404 qui
791 326 972 388 etiam
1017 343 1096 387 ex
1129 325 1447 388 infantium
1487 326 1748 404 ingeniis
1784 327 2006 389 elicere
2051 346 2250 391 voces

174 416 236 468 et
271 412 555 482 querelas
588 413 790 472 solet?
863 412 1037 471 Nulla
1066 410 1447 486 perturbatio
1481 411 1691 485 animi,
1748 413 1912 472 nulla
1944 413 2249 489 corporis,

174 494 346 553 frons
376 510 496 554 non
533 510 862 569 percussa,
907 511 1027 555 non
1066 496 1291 568 femur,
1331 494 1539 569 pediS‚
1574 495 1746 571 quod
1784 493 2094 556 minimum
2131 502 2249 569 est,

174 578 337 636 nulla
367 578 713 653 supplosio.
796 578 1008 653 ltaque
1041 584 1276 639 tanturn
1323 577 1541 649 abfuit,
1594 587 1661 640 ut
1692 578 2105 640 inflammares
2140 597 2250 639 no·

172 666 337 720 stros
385 660 654 721 animos:
714 677 995 723 somnum
1049 660 1168 722 isto
1222 662 1363 723 loco
1410 660 1512 722 vix
1555 662 1932 723 tenebamus.
2000 675 2247 743 [cicero

170 742 309 791 Brut.
348 759 460 809 cap.
499 744 585 796 80.
623 746 674 807 S.
714 743 833 795 278.
909 744 1409 804 Quinctilianus
1446 745 1481 794 1.
1520 745 1589 812 c.]

303 826 360 885 6.
404 827 534 901 Ego
570 833 627 886 te
676 834 845 888 certo
879 826 1009 888 scio
1045 844 1261 888 omnes
1293 830 1505 902 logOS,
1551 828 1655 904 qui
1697 827 1857 889 ludis
1904 827 2047 888 dicti
2083 835 2246 902 sunt,

170 908 701 971 animadvertisse.
771 924 1038 993 [Nonius
1074 941 1129 991 p.
1167 925 1279 992 63.]

292 994 351 1052 7.
392 994 841 1055 poematorum.
914 1009 1287 1076 [Charisius
1325 1010 1414 1059 lib.
1454 1011 1493 1059 1.
1526 1026 1580 1075 p.
1616 1010 1735 1061 114.
1772 1006 2003 1074 Putsch.]

298 1074 355 1135 8.
401 1077 683 1139 Similiter
715 1096 824 1154 pro
859 1077 1051 1139 Gallio
1072 1126 1087 1152 ,
1118 1080 1221 1139 ubi
1247 1085 1559 1140 accusator
1585 1082 1646 1139 in
1676 1096 1740 1139 se
1756 1096 1987 1155 poenas
2011 1079 2248 1139 obiecit.-

170 1162 253 1221 ibi
266 1164 440 1235 enim,
459 1163 601 1221 dum
620 1164 858 1238 sinqula
881 1165 1034 1222 inter
1053 1179 1117 1222 se
1144 1169 1484 1237 comparat,
1520 1166 1771 1223 alterum
1801 1166 1987 1223 altero
2024 1162 2250 1222 Tullius

168 1248 327 1306 eluit·
390 1260 506 1309 lul.
545 1259 946 1311 Severianus
979 1270 1108 1326 synt.
1146 1260 1275 1312 rhet.
1309 1275 1361 1325 p.
1399 1259 1541 1325 306]
2179 1275 2182 1278 ’

872 1379 922 1430 9.
997 1379 1119 1430 PRO
1151 1378 1207 1434 C.
1245 1378 1533 1430 MANlLIO.

309 1459 472 1526 [Hunc
509 1460 737 1511 defendit
772 1461 973 1522 Cicero,
1011 1471 1097 1514 aut
1144 1464 1310 1526 quod,
1364 1471 1415 1512 ut
1459 1463 1711 1514 Asconius
1747 1462 1951 1522 scribit,
2001 1461 2246 1512 iudicium

173 1527 433 1579 Cornelius
470 1544 561 1594 per
593 1543 861 1594 operarum
909 1533 1064 1582 duces
1099 1533 1437 1592 turbavisset,
1485 1540 1599 1594 aut,
1646 1540 1702 1580 ut
1737 1530 2037 1580 Plutarchus
2072 1530 2243 1594 refert,

173 1597 561 1662 ,epetundarum
593 1612 762 1665 reum,
802 1614 931 1650 anno
961 1616 1013 1666 p.
1051 1618 1103 1650 n.
1147 1618 1196 1653 c.
1234 1597 1377 1664 688.]

195 1764 238 1814 N
294 1679 407 1778 Hic
448 1698 732 1830 egogg?
787 1685 985 1744 solum
1033 1684 1366 1756 confiteor,
1431 1700 1642 1744 verum
1689 1682 1870 1743 etiam
1922 1681 2242 1758 profiteor.

174 1818 194 1830 ·
252 1779 446 1817 onius
482 1780 536 1831 p.
684 1805 694 1818 .

683 1872 763 1924 10.
838 1873 919 1923 DE
958 1873 1130 1923 AERE
1173 1870 1414 1923 ALIENO
1453 1869 1733 1924 MlLONlS.

643 1975 1013 2015 Anconem-rum
1057 1976 1423 2017 senonasun
1464 1974 1761 2015 nosmasts.

306 2052 372 2102 In
406 2053 620 2103 eumdem
652 2069 829 2103 annum
862 2056 1164 2105 consulatum
1196 2055 1451 2117 petierunt
1492 2053 1549 2103 T.
1571 2052 1769 2104 Annius
1800 2051 1930 2102 Meto
1958 2059 2010 2103 et
2042 2050 2101 2110 Q.
2142 2052 2245 2104 Me·

170 2121 321 2171 tellus
351 2120 526 2186 Scipio
559 2128 609 2172 et
642 2122 931 2187 Hypsaeus.
1005 2124 1114 2183 Quo
1151 2136 1283 2173 anno
1332 2124 1484 2173 etiam
1519 2121 1574 2174 P.
1613 2120 1817 2171 Clodius
1854 2119 2094 2178 Pulcher,
2148 2122 2244 2171 ini·

174 2191 333 2240 micus
390 2190 530 2248 eiuS,
588 2190 641 2237 in
684 2198 951 2255 praeturae
1005 2192 1276 2242 candidam
1323 2197 1546 2242 venerat.
1620 2190 1758 2239 Idem
1811 2203 1964 2252 quum
2013 2188 2245 2255 petitioni

170 2258 375 2309 Milonis
413 2257 768 2309 adversaretur
796 2267 844 2307 et
891 2259 1097 2310 comitia
1131 2259 1291 2309 multo
1328 2268 1377 2309 et
1413 2260 1554 2309 vario
1592 2257 1810 2307 ambitus
1851 2271 2037 2322 genere
2072 2258 2246 2307 turba-

169 2334 272 2391 ret,
337 2340 436 2390 qno
491 2325 654 2391 magis
705 2325 969 2393 Hypsaeus
1027 2337 1075 2378 et
1128 2326 1304 2392 Scipio
1358 2328 1592 2379 consules
1645 2327 2050 2391 designarentur,
2123 2326 2243 2376 Milo

169 2403 338 2445 autem
386 2394 644 2459 repulsam
696 2394 875 2455 ferret,
933 2411 1027 2462 per
1074 2396 1169 2446 hos
1207 2397 1319 2447 dies
1355 2403 1562 2448 senatus
1608 2402 1913 2446 convocatus
1950 2402 2052 2444 est:
2107 2395 2246 2460 apud

169 2479 319 2526 quem
357 2462 410 2513 P.
452 2461 660 2514 Clodius
699 2465 1033 2516 invectionem
1068 2466 1168 2516 sibi
1205 2479 1307 2515 non
1341 2473 1534 2516 tantum
1563 2461 1734 2516 contra
1767 2463 2033 2527 Milonem,
2076 2479 2244 2513 verum

171 2533 321 2582 etiam
359 2540 533 2582 eontra
578 2532 748 2599 ipsum
784 2532 850 2583 M.
885 2533 1110 2584 Tullium
1148 2535 1569 2586 contumeliosam
1615 2540 1765 2596 atque
1810 2547 2042 2596 asperam
2088 2533 2245 2599 depo-

168 2604 361 2666 poscit,
412 2609 466 2651 ut
501 2601 747 2654 ambitum
782 2604 977 2652 moveri
1025 2604 1088 2653 ab
1126 2617 1186 2652 eo
1226 2605 1442 2663 diceret,
1498 2603 1735 2666 quoniam
1771 2601 1943 2651 multis
1982 2616 2106 2666 erga
2140 2616 2245 2651 rem

169 2671 425 2735 publicam
462 2672 657 2722 meritis
694 2672 1038 2737 praevaleret:
1086 2673 1189 2720 vim
1239 2672 1406 2724 moliri
1442 2672 1592 2722 etiam
1629 2686 1720 2735 per
1758 2679 1980 2719 armatos
2016 2669 2246 2720 homines

169 2740 550 2791 criminaretur:
605 2740 673 2791 ad
719 2747 997 2791 extremum
1059 2740 1211 2807 longe
1257 2742 1423 2792 minus
1469 2754 1620 2803 quam
1662 2738 1868 2789 haberet
1914 2739 2046 2788 aeris
2094 2739 2247 2790 alieni

170 2823 283 2857 esse
333 2809 640 2874 professum.
711 2808 837 2859 Nam
886 2810 1169 2859 sestertium
1205 2810 1441 2875 sexagies
1493 2810 1544 2858 in
1593 2823 1709 2858 aere
1761 2807 1929 2857 alieno
1965 2821 2022 2857 se
2059 2806 2246 2858 habere

168 2876 432 2940 professus
467 2877 589 2928 Milo
623 2879 901 2929 seeundum
940 2885 1159 2929 veterem
1190 2879 1604 2929 consuetudinem
1645 2877 1826 2927 fuerat.
1897 2875 2062 2934 Quum
2094 2878 2248 2942 igitur

169 2944 354 3011 obnixe
407 2947 731 2997 contenderet
773 2947 981 2998 Clodius
1022 2961 1123 2996 nou
1168 2955 1399 3012 oportere
1450 2943 1702 3012 [petere],
1759 2945 1847 3008 qui
1894 2959 2078 3010 magno
2132 2960 2247 2995 aere

168 3015 334 3066 alieno
382 3015 703 3065 defeneratus
758 3016 978 3081 praedae
1022 3016 1280 3065 videretur
1330 3015 1595 3065 habiturus
1639 3030 1752 3064 esse
1807 3029 1911 3063 rem
1965 3013 2256 3078 publicam,

168 3092 340 3133 contra
379 3084 512 3135 dixit
544 3086 654 3134 eius
704 3084 1023 3134 insectationi
1074 3083 1145 3133 Μ.
1182 3084 1389 3146 Cicero,
1443 3086 1530 3148 qui
1583 3082 1927 3134 familiaritate
1970 3083 2247 3147 praecipua

170 3151 413 3202 Milonem
450 3153 697 3219 diligebat
743 3153 806 3203 ob
854 3153 908 3202 id
957 3154 1179 3203 maxime
1216 3155 1474 3212 meritum,
1524 3152 1661 3216 quod
1708 3152 2077 3202 restitutionem
2122 3166 2245 3200 suae

174 3218 433 3283 dignitatis
474 3221 536 3270 ab
573 3221 752 3272 eodem
787 3222 987 3272 tribuno
1034 3222 1108 3287 pl.
1153 3224 1454 3273 meminerat
1511 3222 1753 3271 adiutam.
1828 3219 2024 3280 Quanto
2078 3226 2245 3270 autem

170 3286 287 3334 odio
332 3286 564 3339 habuerit
606 3290 663 3344 P.
719 3288 949 3339 Clodium
993 3292 1095 3342 iam
1149 3298 1465 3357 compertum
1496 3297 1573 3341 est
1621 3305 1687 3340 ex
1741 3289 2054 3341 orationibus
2104 3288 2244 3339 illius

169 3352 430 3419 plurimis,
486 3358 670 3419 quibus
716 3357 825 3407 eius
873 3359 1030 3408 vitam
1080 3374 1347 3425 moresque
1385 3358 1644 3409 dilacerat.
1718 3359 1797 3407 Ex
1842 3358 2008 3423 iurgio
2051 3358 2242 3421 itaque,
