2381 3723
133 152 254 214 162
616 148 940 210 LAELIUS
971 150 1072 210 DE
1104 150 1454 209 AMICITIA
1490 151 1717 209 LIBER
2126 160 2195 215 46

133 319 387 374 caecoS‚
434 318 594 377 quos
621 303 943 378 complexa
991 308 1106 361 est.
1180 303 1392 375 Itaque
1425 302 1758 361 efferuntur
1793 302 1919 361 fere
1952 300 2193 362 fastidio

131 393 193 447 et
223 384 632 457 contumacia,
690 402 805 446 nec
838 384 1168 459 quidquam
1198 384 1520 461 insipiente
1567 386 1870 445 fortunato
1914 383 2194 446 intolera-
2252 403 2270 411 -

130 469 308 530 bilius
352 468 484 528 fieri
519 476 742 544 potest.
819 471 1025 544 Atque
1057 467 1155 527 hic
1185 467 1431 543 quidem
1472 468 1684 527 videre
1720 468 1861 527 licet
1888 484 2029 539 eOS,
2090 485 2191 543 qui

130 559 310 613 antea
333 552 672 611 commodis
698 550 920 612 fuerint
942 552 1233 623 moribus,
1266 551 1537 628 imperio,
1573 553 1905 626 potestate,
1938 568 2178 626 prospe·

128 633 213 695 ris
245 636 430 695 rebus
457 634 788 707 immutari,
821 633 1031 709 sperni
1060 636 1137 695 ab
1171 634 1244 694 iis
1275 642 1518 695 veteres
1550 633 1863 706 amicitias,
1894 630 2195 709 indulgeri

131 716 328 800 novis,
418 718 519 778 55.
566 718 722 792 Quid
765 725 965 779 autem
1015 720 1259 779 stultius
1292 735 1475 794 quam
1512 734 1694 793 quum
1738 717 2057 793 plurimum
2091 733 2190 777 co·

130 800 274 877 piis,
322 801 737 876 facultatibuS,
771 802 994 876 opibus
1028 801 1298 877 possint,
1341 808 1582 863 caetera
1607 818 1855 877 parare,
1894 816 2052 875 quae
2088 816 2192 876 pa-

130 890 340 944 rantur
384 884 669 959 pecunia,
727 902 957 960 equos,
1012 886 1305 959 famuloS,
1358 892 1593 946 vestem
1641 884 1979 960 egregiam,
2039 899 2191 943 vasa

130 965 444 1043 preciosa,
503 968 735 1029 amicos
797 986 921 1029 non
975 984 1223 1044 parare,
1284 968 1572 1045 optimam
1617 974 1680 1028 et
1728 966 2189 1043 pulcherrimam

131 1050 316 1123 vitae,
364 1057 432 1110 ut
455 1050 538 1111 ita
568 1051 795 1126 dicam,
838 1052 1361 1128 suppellectilem?
1431 1050 1662 1112 Etenim
1712 1057 1954 1112 caetera
2003 1067 2191 1126 quum

131 1140 447 1210 parantur,
482 1135 579 1195 cui
621 1143 912 1210 parentur
950 1134 1234 1196 nesciunt
1273 1152 1388 1195 nec
1433 1134 1605 1195 cuius
1646 1150 1836 1196 causa
1879 1134 2187 1195 laborent:

130 1218 261 1278 eius
294 1217 450 1278 enim
487 1226 583 1279 est
610 1218 868 1281 istorum
910 1218 1209 1294 quidque,
1264 1218 1368 1293 qui
1407 1217 1553 1278 vicit
1595 1217 1855 1292 viribus,
1908 1216 2190 1277 amicitia-

129 1318 259 1361 rum
307 1318 420 1362 sua
460 1301 682 1377 cuique
737 1309 1052 1377 permanet
1103 1300 1335 1362 stabilis
1387 1308 1448 1362 et
1493 1309 1659 1362 certa
1701 1302 2056 1378 possessio,
2101 1308 2188 1373 ut,

129 1383 308 1443 etiam
339 1384 391 1444 si
414 1384 514 1444 illa
543 1392 854 1458 maneant,
889 1402 1047 1462 quae
1070 1391 1214 1446 sunt
1236 1384 1411 1460 quasi
1437 1386 1601 1446 dona
1622 1385 1953 1455 Fortunae,
1984 1392 2187 1444 tamen

128 1467 251 1526 vita
290 1466 517 1527 inculta
559 1475 622 1528 et
657 1469 906 1528 deserta
947 1470 1025 1529 ab
1055 1467 1268 1529 amicis
1309 1485 1430 1529 non
1478 1469 1677 1545 possit
1723 1484 1866 1529 esse
1905 1466 2189 1527 iucunda.

128 1549 254 1630 Sed
284 1549 436 1610 haec
467 1550 783 1611 hactenus,

251 1632 408 1691 XVI.
453 1631 554 1692 56.
646 1632 1066 1695 constituendi
1102 1644 1246 1696 sunt
1276 1642 1511 1707 autem,
1553 1634 1656 1710 qui
1691 1634 1813 1696 sint
1842 1634 1899 1695 in
1930 1632 2192 1695 amicitia

126 1714 281 1775 fines
324 1721 385 1774 et
428 1715 605 1791 quasi
642 1715 879 1777 termini
929 1716 1247 1793 diligendi:
1294 1720 1372 1779 de
1414 1718 1636 1793 quibus
1674 1717 1784 1779 tris
1829 1718 2010 1779 video
2052 1734 2189 1778 sen·

127 1796 347 1858 tentias
377 1798 548 1873 ferri,
584 1816 839 1876 quarum
871 1801 1095 1860 nullam
1130 1801 1359 1879 probo:
1401 1818 1613 1877 unam,
1647 1808 1715 1863 ut
1745 1803 1966 1864 eodem
2001 1800 2186 1861 modo

126 1898 275 1958 erga
306 1882 538 1944 amicos
569 1884 793 1944 adfecti
829 1883 1020 1945 simus
1054 1903 1176 1960 quo
1210 1903 1360 1962 erga
1390 1892 1632 1947 nosmet
1659 1885 1865 1961 ipsoS,
1915 1887 2186 1957 alteram,

127 1973 192 2025 ut
234 1973 446 2027 nostra
475 1967 534 2026 in
566 1967 798 2029 amicos
828 1967 1257 2031 benevolentia
1296 1969 1536 2030 illorum
1580 1985 1727 2044 erga
1767 1986 1885 2030 nos
1920 1970 2188 2029 benevo-

123 2048 346 2110 lentiae
377 2048 606 2126 pariter
635 2050 1094 2127 aequaliterque
1124 2053 1527 2129 respondeat,
1571 2051 1808 2112 tertiam
1827 2100 1842 2126 ,
1880 2059 1951 2112 ut
1977 2050 2188 2127 quanti

125 2130 390 2206 quisque
423 2150 493 2193 se
516 2132 652 2209 ipse
676 2134 849 2210 facit,
885 2135 1035 2195 tanti
1063 2135 1170 2196 fiat
1192 2136 1268 2196 ab
1293 2134 1522 2196 amicis.
1610 2136 1710 2196 57.
1757 2137 1984 2196 Harum
2009 2135 2186 2196 trium

124 2214 560 2275 sententiarum
591 2217 738 2277 nulli
774 2235 1032 2293 prorsus
1069 2218 1404 2281 adsentior.
1480 2220 1604 2279 Nec
1651 2218 1809 2279 enim
1850 2218 1952 2278 illa
1995 2218 2187 2293 prima

125 2312 271 2356 vera
294 2304 419 2370 est,
470 2306 538 2358 ut
563 2316 745 2373 quem
770 2301 851 2359 ad
874 2303 1120 2362 modurn
1143 2302 1205 2362 in
1231 2319 1300 2362 se
1325 2300 1587 2377 quisque
1606 2301 1702 2377 sit,
1728 2301 1900 2364 sicin
1924 2300 2186 2363 amicum

122 2376 201 2437 sit
238 2379 559 2441 animatus,
640 2382 832 2457 Quam
883 2386 1070 2445 multa
1116 2385 1275 2445 enim
1327 2401 1486 2460 quae
1536 2385 1729 2446 nostri
1779 2402 1968 2448 causa
2015 2402 2187 2445 num-

123 2477 305 2534 quam
351 2463 725 2539 faceremus,
779 2465 1034 2528 facimus
1074 2484 1264 2529 causa
1308 2468 1678 2530 amicorum!
1723 2469 1963 2544 precari
1992 2469 2069 2528 ab
2101 2467 2186 2528 in-

122 2542 338 2620 digno,
374 2547 755 2624 supplicare,
796 2557 924 2610 tum
954 2550 1237 2612 acerbius
1267 2551 1327 2611 in
1349 2552 1614 2628 aliquem
1642 2551 1845 2613 invehi
1874 2549 2187 2613 insectari·

121 2644 242 2703 que
277 2631 730 2706 vehementiuS,
786 2633 1033 2709 quaein
1067 2632 1298 2695 nostris
1328 2637 1513 2697 rebus
1550 2652 1669 2697 non
1712 2637 1863 2697 satis
1906 2637 2186 2709 honeste,

114 2710 178 2770 in
212 2713 545 2776 amicorum
577 2716 731 2776 fiunt
758 2716 1225 2790 honestissime,
1256 2721 1606 2793 multaeque
1637 2736 1739 2780 res
1770 2728 1943 2792 sunt,
1974 2719 2036 2778 in
2057 2718 2189 2794 qui-

116 2795 234 2855 bus
266 2798 344 2857 de
374 2797 503 2859 suis
550 2799 890 2861 commodis
921 2799 1034 2861 viri
1064 2800 1210 2861 boni
1241 2804 1431 2862 multa
1466 2802 1794 2862 detrahunt
1824 2801 2187 2877 detrahique

118 2878 461 2953 patiuntur,
513 2890 582 2942 ut
611 2882 684 2944 iis
715 2882 891 2943 amici
929 2883 1135 2959 potius
1169 2902 1350 2960 quam
1391 2884 1510 2961 ipsi
1554 2887 1849 2946 fruantur.
1936 2884 2038 2946 58.
2082 2886 2188 2945 Al-

118 2968 249 3020 tera
289 2963 590 3024 sententia
640 2973 765 3038 est,
814 2983 975 3042 quae
1020 2967 1233 3029 definit
1284 2967 1608 3028 amicitiam
1657 2968 1907 3045 paribus
1964 2967 2185 3030 officiis

116 3060 191 3104 ac
234 3046 666 3108 voluntatibus.
738 3051 873 3111 Hoc
924 3049 1166 3125 quidem
1212 3060 1309 3112 est
1348 3050 1525 3112 nimis
1566 3052 1786 3128 exigue
1837 3059 1901 3114 et
1948 3051 2189 3113 exiliter

115 3128 197 3186 ad
227 3131 496 3190 calculos
535 3145 765 3192 vocare
806 3132 1158 3207 amicitiam,
1214 3143 1281 3195 ut
1322 3152 1437 3211 par
1471 3134 1553 3197 sit
1590 3134 1746 3197 ratio
1782 3142 2182 3212 acceptorum

117 3217 178 3300 et
199 3211 508 3301 datorum.
577 3213 835 3275 Divitior
875 3216 1016 3277 mihi
1056 3225 1118 3278 et
1162 3218 1530 3282 adfluentior
1570 3220 1810 3282 videtur
1852 3238 1994 3283 esse
2035 3221 2182 3281 ami-

118 3296 255 3347 citia
283 3309 431 3384 xsera
476 3312 592 3356 nec
624 3297 957 3359 observare
986 3300 1266 3362 restricte
1310 3319 1389 3363 ne
1428 3305 1566 3380 plus
1608 3305 1827 3366 reddat
1861 3321 2045 3381 quam
2085 3321 2185 3365 ac·

118 3380 368 3444 ceperit.
440 3377 652 3453 Neque
699 3377 858 3439 enim
889 3384 1223 3444 verendum
1271 3395 1365 3447 est
1405 3404 1482 3448 ne
1514 3388 1659 3465 quid
1700 3387 1942 3448 excidat
1970 3395 2077 3448 aut
2106 3405 2184 3447 ne
