2381 3723
104 111 231 175 168
585 109 912 214 JJAELIUS
948 111 1049 171 DE
1085 108 1435 172 AlvllclssA
1470 110 1698 172 LIBER
2106 126 2181 178 52

110 265 254 336 dae,
309 262 421 323 nisi
456 264 756 338 quaedam
801 263 1132 322 admodum
1175 260 1572 322 intolerabilis
1601 260 1815 323 iniuria
1856 264 2174 339 exarserit,

108 354 177 407 ut
209 363 409 422 neque
441 354 671 406 rectum
708 362 911 420 neque
939 346 1265 406 honestum
1300 344 1376 405 sit
1414 361 1527 405 nec
1559 344 1688 406 fieri
1725 347 1928 422 possit
1957 356 2021 408 ut
2050 365 2176 409 non

107 429 310 491 statim
347 429 628 490 alienatio
674 426 1128 504 disiunctioque
1175 428 1457 489 faciunda
1499 428 1596 489 sit.
1687 430 1788 489 77.
1832 429 1937 491 Sin
1971 437 2176 490 autem

109 522 212 574 aut
261 530 499 573 morum
549 519 655 573 aut
697 505 1041 573 studiorum
1093 510 1486 572 commutatio
1542 514 1875 587 quaedam,
1928 520 1995 573 ut
2043 514 2176 574 fieri

108 598 297 668 solet,
351 598 509 655 facta
551 595 661 656 erit
694 602 800 655 aut
828 594 886 654 in
917 596 1003 655 rei
1038 596 1319 671 publicae
1349 594 1624 670 partibus
1657 595 1965 658 dissensio
1995 596 2176 657 inter-

108 680 365 740 cesserit
394 680 729 754 —loquor
768 678 927 738 enim
969 678 1119 751 iam,
1169 685 1239 739 ut
1279 680 1481 755 paullo
1526 687 1666 739 ante
1714 678 1870 753 dixi,
1922 697 2044 741 non
2096 682 2175 741 de

109 761 503 838 sapientium,
537 762 651 823 sed
681 763 760 822 de
789 762 1215 823 communibus
1248 761 1523 822 amicitiis
1552 797 1656 834 ——,
1696 764 2038 823 cavendum
2062 764 2177 824 erit

106 863 183 908 ne
231 863 352 906 non
415 847 613 907 solum
666 844 961 906 amicitiae
1011 845 1365 923 depositae,
1429 846 1543 906 sed
1595 846 1772 906 etiam
1829 846 2176 907 inimicitiae

107 935 443 1002 susceptae
466 928 836 990 videantur?
884 929 1036 991 Nihil
1078 929 1235 989 enim
1280 928 1519 1004 turpius
1552 946 1734 1005 quam
1769 945 1903 990 cum
1938 946 2013 991 eo
2046 932 2172 989 bel·

107 1014 225 1074 lum
278 1029 524 1088 gerere,
588 1011 833 1088 quicum
889 1012 1259 1073 familiariter
1312 1011 1560 1073 vixeris.
1648 1013 1746 1073 Ab
1794 1011 2056 1073 amicitia
2102 1015 2171 1086 Q.

106 1095 376 1171 Pompeii
401 1113 538 1157 meo
568 1097 815 1158 nomine
838 1114 909 1158 se
930 1102 1303 1169 removerat,
1338 1103 1402 1155 ut
1425 1094 1625 1167 scitiS‚
1659 1095 1884 1173 Scipio,
1917 1104 2173 1172 propter

106 1178 557 1241 dissensionem
590 1190 821 1252 autem,
874 1196 1033 1256 quac
1063 1186 1196 1240 erat
1224 1178 1282 1239 in
1318 1196 1386 1238 re
1419 1180 1689 1255 publica,
1743 1178 2042 1240 alienatus
2072 1189 2171 1240 est

104 1280 140 1323 a
170 1264 407 1338 collega
448 1271 663 1325 nostro
703 1264 979 1325 Metello:
1022 1271 1348 1339 utrumque
1395 1263 1518 1339 egit
1558 1261 1856 1339 graviter,
1910 1263 2169 1323 auctori·

64 1354 226 1406 *tate
274 1353 336 1407 et
379 1346 725 1408 offensione
777 1346 958 1407 animi
1002 1365 1125 1408 non
1178 1348 1423 1407 acerba.
1513 1344 1613 1407 78.
1672 1348 1864 1421 Quam
1915 1347 1995 1408 ob
2039 1363 2170 1406 rem
2231 1409 2250 1427 ,

103 1429 362 1505 primum
408 1431 611 1490 danda
658 1442 848 1506 opera
894 1438 991 1491 cst
1033 1447 1109 1490 ne
1151 1447 1273 1505 qua
1312 1428 1644 1490 amicorum
1683 1429 1939 1491 discidia
1987 1431 2167 1491 fiant:

104 1512 195 1571 sin
224 1514 341 1571 tale
371 1512 597 1587 aliquid
631 1513 930 1585 evenerit,
961 1520 1028 1574 ut
1056 1512 1396 1574 exstinctae
1428 1512 1633 1589 potius
1663 1512 1959 1574 amicitiae
1986 1531 2171 1590 quam

104 1609 451 1671 oppressae
477 1612 619 1656 esse
645 1596 982 1658 videantur.
1062 1597 1414 1657 Cavendum
1449 1613 1596 1657 vero
1629 1613 1707 1658 ne
1738 1597 1916 1658 etiam
1948 1598 2007 1658 in
2032 1613 2166 1673 gra·

104 1693 213 1737 ves
256 1676 599 1739 inimicitias
650 1687 1012 1740 convertant
1053 1698 1122 1741 se
1178 1679 1502 1740 amicitiae:
1556 1697 1635 1740 ex
1685 1680 1906 1756 quibus
1956 1680 2170 1755 iurgia,

103 1760 451 1834 maledicta,
504 1763 908 1824 contumeliae
939 1763 1289 1839 gignuntur.
1366 1766 1535 1839 Quae
1565 1770 1764 1824 tamen
1800 1764 1853 1825 si
1887 1763 2166 1825 tolerabi-

104 1845 191 1904 les
249 1853 459 1919 erunt,
521 1848 814 1908 ferundae
874 1855 1017 1910 sunt
1074 1856 1136 1910 et
1199 1847 1297 1909 hic
1350 1848 1552 1910 honos
1615 1848 1804 1908 veteri
1868 1846 2167 1909 amicitiae

102 1928 491 2025 tribuenduS,
543 1939 610 1992 ut
652 1930 704 1992 is
740 1931 798 1992 in
843 1934 1024 2008 culpa
1065 1933 1144 1992 sit
1180 1931 1284 2007 qui
1325 1932 1531 2003 faciat,
1594 1948 1717 1993 non
1761 1931 1868 2007 qui
1908 1932 2167 2007 patiatur

98 2028 395 2073 'muriam

311 2097 567 2159 Omnino
618 2097 884 2160 omnium
928 2098 1146 2160 horum
1194 2098 1474 2159 vitiorum
1517 2106 1703 2174 atque
1746 2098 2163 2160 incommodo·

100 2196 235 2240 rum
266 2197 391 2240 una
420 2181 621 2241 cautio
658 2188 754 2241 est
784 2190 969 2256 atque
1006 2199 1129 2243 una
1156 2182 1463 2259 provisio,
1504 2190 1575 2243 ut
1602 2198 1680 2242 ne
1713 2180 1893 2242 nimis
1924 2181 2041 2242 cito
2075 2178 2162 2239 di·

99 2262 286 2337 ligere
336 2262 627 2339 incipiant
674 2281 837 2324 neve¹
883 2282 1007 2325 non
1065 2265 1307 2342 dignos,
1397 2266 1496 2326 79.
1544 2265 1721 2341 Digni
1768 2273 1971 2326 autem
2022 2271 2164 2324 sunt

98 2345 388 2419 amicitia,
421 2346 642 2420 quibus
673 2344 732 2405 in
774 2347 925 2423 ipsis
952 2350 1110 2410 inest
1151 2365 1341 2410 causa
1384 2365 1493 2410 cur
1523 2347 1865 2425 diligantur.
1937 2349 2164 2408 Rarum

96 2429 324 2501 genus!
371 2429 701 2504 etquidem
733 2430 935 2491 omnia
962 2435 1282 2508 praeclara
1311 2449 1479 2505 rara,
1513 2449 1628 2493 nec
1654 2432 1986 2508 quidquam
2011 2431 2163 2490 diffl-

97 2509 271 2571 oilius
311 2529 490 2587 quam
533 2512 803 2588 reperire
836 2517 1005 2590 quod
1043 2514 1121 2576 sit
1153 2515 1322 2576 omni
1362 2533 1439 2576 ex
1474 2523 1646 2591 parte
1678 2517 1737 2576 in
1770 2530 1885 2578 sao
1935 2530 2162 2590 genere

97 2596 454 2670 perfectum.
533 2596 654 2658 Sed
690 2597 963 2674 plerique
986 2615 1189 2675 neque
1220 2599 1273 2658 in
1307 2600 1494 2660 rebus
1519 2598 1795 2661 humanis
1828 2599 2164 2674 quidquam

93 2677 325 2739 bonum
370 2688 595 2741 norunt
626 2680 740 2741 nisi
777 2682 941 2757 quod
975 2683 1355 2743 fructuosum
1386 2682 1465 2744 sit
1493 2691 1554 2743 et
1598 2682 1829 2744 amicos
1854 2690 2163 2757 tamquam

96 2764 369 2836 pecudes
424 2781 536 2826 eos
594 2765 984 2841 potissimum
1033 2765 1316 2842 diligunt,
1376 2783 1454 2827 ex
1512 2767 1734 2842 quibus
1785 2774 2038 2842 sperant
2092 2781 2164 2823 se

94 2845 421 2906 maximum
464 2850 723 2909 fructum
768 2865 911 2911 esse
942 2857 1255 2925 capturos.
1343 2848 1443 2910 80.
1497 2853 1581 2910 lta
1617 2848 2023 2926 pulcherrima
2060 2846 2163 2906 illa

95 2934 155 2985 et
183 2929 445 2989 maxime
480 2931 738 2991 naturali
783 2939 995 2993 carent
1030 2931 1295 2992 amicitia
1337 2949 1450 3009 per
1478 2950 1549 2994 se
1580 2940 1641 2993 et
1671 2939 1925 3009 propter
1958 2948 2028 2992 se
2060 2946 2162 2990 ex·

92 3011 311 3087 petita,
354 3029 469 3073 nec
502 3013 620 3089 ipsi
653 3014 769 3076 sibi
805 3019 1090 3091 exemplo
1120 3025 1266 3077 sunt
1300 3017 1454 3078 haec
1492 3014 1918 3077 visamicitiae
1963 3013 2160 3089 qualis

92 3102 159 3155 et·
183 3104 412 3171 quanta
441 3096 537 3157 sit.
609 3100 749 3174 Ipse
777 3099 936 3159 enim
967 3117 1037 3160 se
1067 3099 1331 3176 quisque
1365 3100 1582 3177 diligit,
1634 3116 1758 3161 non
1796 3107 1864 3160 ut
1895 3097 2162 3173 aliquam

87 3205 120 3245 a
150 3190 388 3263 seipse
418 3187 768 3247 mercedem
790 3188 1014 3262 exigat
1057 3186 1331 3246 caritatis
1376 3201 1547 3256 suae,
1594 3187 1710 3245 sed
1742 3185 1911 3260 quod
1954 3200 2069 3259 per
2098 3198 2172 3242 se

88 3270 203 3328 sibi
249 3273 517 3346 quisque
549 3288 731 3332 carus
769 3282 884 3331 est.
961 3272 1138 3345 Quod
1175 3269 1294 3330 nisi
1324 3269 1486 3330 idem
1520 3270 1578 3330 in
1612 3268 1938 3329 amicitiam
1971 3275 2220 3328 trans-0

85 3354 348 3423 seretur,
406 3372 594 3416 verus
640 3354 878 3415 amicus
934 3372 1267 3429 numquam
1329 3354 1708 3430 reperietur3
1768 3361 1865 3414 est
1910 3352 2070 3412 enim
2118 3350 2172 3411 is
