2381 3723
167 154 253 218 58
973 156 1072 215 DE
1104 156 1442 216 OFFlcns·

171 305 382 368 licatus
426 305 840 385 suspicionem
888 303 1264 366 interfectus.
1341 308 1463 366 Nec
1503 322 1652 366 vero
1694 308 1816 367 ulla
1859 304 1953 366 vis
1998 305 2240 382 imperii

168 396 336 449 tanta
359 400 479 462 est,
514 405 671 465 quae
694 395 1010 464 premente
1033 396 1197 448 metu
1220 388 1420 464 possit
1442 405 1584 449 esse
1610 388 1907 449 diuturna.
1980 387 2080 450 26.
2128 390 2241 451 Te·

168 472 281 533 stis
308 479 404 532 est
443 471 741 545 PhalariS‚
799 470 971 531 cuius
1007 479 1104 532 est
1143 480 1390 547 praeter
1424 479 1705 534 caeteros
1749 471 2065 533 nobilitata
2105 488 2240 533 cru-

168 556 414 627 delitas,
459 556 564 631 qui
593 573 714 615 non
751 572 830 616 ex
867 554 1102 616 insidiis
1140 554 1393 628 interiit,
1428 562 1496 616 ut
1523 555 1604 627 is,
1652 572 1831 631 quem
1866 554 2053 615 modo
2090 554 2239 628 dixi,

168 638 548 711 Alexander,
590 656 712 699 non
747 655 782 697 a
814 638 1059 714 pauciS,
1108 645 1173 700 ut
1202 638 1299 699 hic
1331 647 1572 710 noster,
1617 640 1730 699 sed
1769 637 1828 697 in
1877 654 2061 712 quem
2106 639 2240 698 uni-

170 737 352 781 versa
413 720 950 797 Agrigentinorum
1028 720 1346 783 multitudo
1422 722 1711 799 impetum
1788 720 1946 781 fecit.
2040 721 2242 796 Quid?

167 804 539 866 Macedones
570 822 775 865 nonne
808 804 1175 866 Demetrium
1223 805 1603 880 reliquerunt
1629 802 2026 879 universique
2055 821 2127 866 se
2160 805 2240 864 ad

164 886 465 963 Pyrrhum
515 889 942 950 contulerunt?
1016 889 1211 963 Quid?
1279 887 1801 949 Lacedaemonios
1853 886 2078 948 iniuste
2132 887 2240 948 im-

170 977 455 1044 perantes
523 987 728 1033 nonne
788 979 1041 1048 repente
1113 988 1328 1032 omnes
1402 973 1566 1053 ferea
1604 971 1759 1033 socii
1827 971 2242 1032 deseruerunt

168 1061 679 1130 spectatoresque
727 1072 797 1116 se
829 1054 1067 1117 otiosos
1102 1056 1519 1133 praebuerunt
1544 1053 1899 1115 Leuctricae
1932 1054 2240 1116 calamita-

167 1135 283 1197 tis?
368 1138 525 1197 VlII.
574 1140 838 1199 Externa
877 1137 1161 1200 libentius
1210 1141 1268 1199 in
1301 1139 1401 1199 tali
1442 1156 1510 1199 re
1542 1156 1724 1214 quam
1761 1137 2104 1199 domestica
2144 1154 2239 1198 re-

170 1221 414 1281 cordor.
487 1224 717 1283 Verum
760 1231 959 1283 tamen
1009 1240 1194 1297 quam
1241 1223 1343 1283 diu
1376 1222 1692 1298 imperium
1731 1219 1945 1299 populi
1974 1220 2240 1282 Romani

169 1303 484 1365 beneficiis
523 1307 870 1379 tenebatur,
924 1323 1045 1367 non
1083 1305 1343 1379 iniuriis,
1397 1307 1554 1365 bella
1598 1313 1701 1365 aut
1743 1322 1854 1381 pro
1900 1305 2090 1367 sociis
2133 1313 2243 1366 aut

166 1386 294 1445 de'
280 1388 534 1483 imperito
564 1389 961 1462 gerebantur,
1012 1391 1211 1449 exitus
1242 1396 1416 1450 erant
1456 1390 1750 1450 bellorum
1781 1396 1887 1448 aut
1921 1388 2098 1450 mites
2132 1397 2242 1449 aut

169 1469 531 1542 necessarii,
581 1486 821 1546 regum,
855 1473 1253 1548 populorum,
1298 1474 1610 1533 nationum
1640 1478 1858 1548 portus
1890 1479 2021 1532 erat
2050 1479 2115 1532 et
2144 1489 2240 1533 re·

170 1550 396 1626 fugium
430 1560 711 1625 senatuS‚
770 1553 869 1612 27.
914 1556 1107 1615 nostri
1141 1561 1344 1615 autem
1387 1555 1773 1630 magistratus
1804 1554 2238 1629 imperatores

168 1650 288 1708 que
327 1651 403 1693 ex
447 1636 559 1694 hac
594 1652 713 1695 una
757 1653 822 1695 re
853 1637 1169 1697 maximam
1217 1639 1455 1698 laudern
1502 1654 1723 1713 capere
1769 1637 2127 1709 studebant,
2186 1636 2241 1698 si

170 1716 548 1792 provincias,
589 1717 643 1777 si
678 1717 887 1778 socios
918 1719 1224 1795 aequitate
1255 1728 1316 1780 et
1354 1721 1475 1781 fide
1506 1718 1945 1781 defendissent.
2020 1722 2242 1796 Itaque

170 1800 315 1860 illud
344 1799 746 1878 patrocinium
775 1802 940 1863 orbis
962 1811 1162 1864 terrae
1197 1802 1398 1864 verius
1426 1820 1607 1880 quam
1639 1801 1957 1879 imperium
1989 1809 2242 1879 poterat

169 1884 483 1945 nominari.
571 1885 810 1946 Sensim
853 1887 1010 1947 hanc
1050 1887 1555 1948 consuetudinem
1588 1895 1649 1947 et
1698 1886 2078 1963 disciplinam
2116 1886 2238 1947 iam

167 1975 350 2029 antea
379 1967 830 2042 minuebamuS,
868 1978 1012 2046 post
1040 1986 1188 2030 vero
1224 1970 1428 2031 Sullae
1461 1968 1774 2031 victoriam
1815 1969 2058 2045 penitus
2091 1971 2237 2029 ami-

169 2052 391 2115 simus:
452 2051 711 2114 desitum
767 2061 864 2114 est
913 2053 1070 2115 enim
1126 2052 1320 2113 videri
1371 2053 1702 2130 quidquam
1755 2053 1812 2112 in
1866 2051 2075 2113 socios
2129 2053 2238 2112 ini·

168 2153 386 2210 quum,
444 2154 628 2211 quum
660 2136 997 2197 exstitisset
1035 2137 1095 2197 in
1136 2135 1304 2198 cives
1337 2144 1499 2198 tanta
1543 2136 1892 2197 crudelitas.
1965 2136 2128 2211 Ergo
2176 2136 2237 2195 in

167 2217 268 2278 illo
303 2226 517 2279 secuta
557 2226 653 2279 est
693 2219 1012 2279 honestam
1046 2236 1294 2281 causam
1325 2237 1448 2280 non
1493 2221 1751 2281 honesta
1778 2217 2055 2280 victoria.
2127 2219 2240 2279 Est

164 2300 324 2360 enim
357 2318 547 2362 ausus
592 2301 796 2361 dicere
825 2302 1001 2363 hasta
1041 2304 1278 2381 posita,
1327 2320 1510 2379 quum
1545 2304 1708 2363 bona
1748 2302 1807 2362 in
1839 2304 1973 2363 foro
2010 2302 2239 2361 vende-

168 2390 261 2442 ret
284 2393 344 2443 et
371 2384 674 2444 bonorum
700 2383 966 2445 virorum
998 2394 1061 2446 et
1079 2388 1451 2462 locupletum
1476 2393 1538 2446 et
1570 2395 1734 2447 certe
1763 2384 2001 2458 civium,
2035 2389 2239 2461 ‘prae-

168 2466 309 2526 dam
351 2484 420 2527 se
465 2484 638 2528 suam
692 2468 1015 2529 vendere’.
1097 2470 1360 2531 Secutus
1403 2477 1500 2530 est
1554 2469 1658 2546 qui
1703 2469 1761 2529 in
1805 2485 1994 2529 causa
2032 2468 2237 2544 impia,

171 2547 422 2610 victoria
455 2550 633 2611 etiam
676 2551 953 2613 foediore
1000 2570 1125 2614 non
1171 2553 1551 2628 singulorum
1595 2550 1815 2613 civium
1847 2553 2012 2612 bona
2043 2550 2239 2626 publi-

160 2643 364 2708 caret,
401 2635 515 2696 sed
545 2635 867 2697 universas
897 2634 1247 2711 provincias
1278 2635 1689 2712 regionesque
1722 2653 1841 2697 uno
1877 2633 2237 2696 calamitatis

168 2716 297 2780 iure
324 2720 892 2795 comprehenderet.
982 2717 1083 2780 28.
1129 2721 1343 2794 ltaque
1375 2719 1610 2781 vexatis
1631 2737 1704 2780 ac
1728 2717 1983 2795 perditis
2008 2716 2238 2778 exteris

166 2801 515 2862 nationibus
550 2804 626 2862 ad
667 2805 1014 2878 exemplum
1047 2801 1258 2864 amissi
1300 2801 1535 2879 imperii
1566 2802 1797 2879 portari
1827 2802 1884 2863 in
1929 2800 2234 2877 triumpho

165 2884 496 2945 Massiliam
533 2885 791 2947 vidimus
822 2895 884 2947 et
912 2904 991 2947 ex
1021 2903 1094 2946 ea
1126 2886 1281 2947 urbe
1310 2886 1698 2963 triumphari,
1745 2885 1880 2946 sine
1913 2902 2033 2959 qua
2068 2901 2237 2945 num·

166 2984 351 3044 quam
400 2968 594 3029 nostri
638 2968 1039 3045 imperatores
1090 2986 1171 3030 ex
1218 2969 1630 3046 Transalpinis
1677 2968 1851 3029 bellis
1905 2967 2238 3045 triumpha·

169 3059 326 3112 runt.
413 3053 603 3113 Multa
653 3061 969 3128 praeterea
1025 3069 1569 3114 commemorarem
1616 3050 1846 3112 nefaria
1890 3049 1950 3111 in
2003 3050 2235 3122 socios,

168 3133 219 3194 si
270 3136 390 3195 hoc
433 3152 554 3196 uno
609 3134 939 3210 quidquam
993 3138 1088 3197 sol
1151 3135 1409 3198 vidisset
1451 3134 1778 3212 indignius.
1865 3137 2004 3195 lure
2055 3132 2239 3209 igitur

170 3218 503 3291 plectimur.
587 3217 713 3278 Nisi
761 3217 921 3279 enim
979 3222 1302 3282 multorum
1361 3219 1657 3295 impunita
1704 3221 1942 3279 scelera
1997 3217 2238 3278 tulisse-

168 3315 335 3370 mus,
385 3317 715 3376 numquam
764 3301 842 3359 ad
882 3318 1067 3361 unum
1112 3311 1276 3363 tanta
1311 3303 1698 3379 pervenisset
1728 3299 1996 3384 licentia.
2041 3317 2080 3359 a
2113 3315 2237 3375 quo

170 3378 415 3456 quidem
463 3381 551 3441 rei
594 3381 903 3442 familiaris
944 3383 1021 3442 ad
1087 3401 1355 3461 panem,
1421 3384 1816 3461 cupiditatum
1872 3371 1954 3442 ad
2008 3383 2238 3443 multos

292 3605 318 3619 A
413 3601 461 3619 -ι
