2381 3723
20 673 49 719 ἢ

0 1803 47 1820 ἕ
7 1633 49 1730 έὲέ·
0 1158 51 1568 ἑνὶιὲᾌέἷέϊἛὲιί
0 747 50 1095 timiama

223 119 365 183 ‘240
1021 114 1523 174 FRAGMENTA.
2245 125 2319 180 so

239 273 437 333 visique
469 278 584 319 sunt
621 268 916 319 Cornificius
949 275 996 316 et
1033 265 1194 316 Galba
1226 266 1385 315 sobrii
1421 281 1480 316 ac
1516 266 1677 315 sancti
1715 264 1845 324 viri,
1892 263 2143 315 Sacerdos
2176 265 2316 314 nulla

240 340 563 405 improbitate
600 346 766 390 notuS.
840 337 1097 396 Cassium,
1153 336 1239 398 qui
1278 336 1415 385 iners
1463 350 1521 384 ac
1554 334 1771 384 stolidus
1806 343 1913 383 tum
1960 334 2124 398 magis
2163 348 2314 397 quam

240 410 501 473 improbus
528 407 810 464 videretur,
845 413 960 470 post
992 419 1180 468 paucos
1218 419 1416 454 menses
1455 405 1503 452 in
1543 404 1886 454 coniuratione
1919 401 2163 452 Catilinae
2203 417 2315 451 esse

241 478 480 543 apparuit
516 491 575 524 ac
611 475 1075 524 cruentissimarum
1112 475 1472 523 sententiarum
1512 472 1669 522 fuisse
1706 478 1976 522 auctorem.
2050 472 2225 533 Itaque
2260 470 2316 519 hi

243 553 478 608 quattuor
524 558 616 608 pro
669 559 721 592 re
770 543 1017 594 iacebant.
1093 541 1309 592 Catilina
1360 552 1527 591 autem
1578 551 1625 591 et
1669 541 1947 602 Antonius,
2009 554 2316 602 quamquam

242 613 476 663 omnibus
520 613 741 661 maxime
791 611 998 660 infamis
1033 626 1205 663 eornm
1253 612 1359 660 vita
1395 620 1555 671 esset,
1613 619 1777 660 tamen
1810 609 2022 658 multum
2060 617 2310 672 poterant.

243 683 478 734 Coierant
515 682 648 731 enim
686 681 860 744 ambo,
916 689 970 730 ut
1002 679 1295 734 Ciceronem
1336 680 1596 731 consulatu
1642 679 1947 736 deiicerent,
1998 676 2318 727 adiutoribus

243 750 322 799 usi
355 750 684 812 firmissimis,
733 748 799 797 M.
840 749 1020 800 Crasso
1070 754 1117 798 et
1154 747 1208 797 C.
1250 747 1479 800 Caesare.
1554 750 1727 811 Itaque
1771 746 1900 795 haec
1942 747 2101 797 oratio
2138 753 2316 795 contra

243 819 382 870 solos
421 818 688 869 Catilinam
721 826 768 866 et
806 818 1078 867 Antonium
1116 825 1211 868 est.
1283 816 1444 867 Causa
1481 817 1723 867 orationis
1768 816 1918 865 huius
1958 815 2097 865 modi
2145 816 2196 863 in
2233 829 2318 863 se·

242 895 361 937 natu
409 887 672 937 habendae
726 887 951 936 Ciceroni
989 886 1113 945 fuit,
1170 886 1333 949 quod,
1389 900 1540 948 quum
1589 887 1640 934 in
1691 885 1802 935 dies
1847 884 2049 934 licentia
2097 885 2316 934 ambitus

241 967 512 1022 augeretur
542 963 745 1021 propter
778 957 1101 1020 praecipuam
1127 955 1374 1005 Catilinae
1409 963 1458 1005 et
1481 955 1685 1004 Antonii
1717 953 2012 1010 audaciam,
2051 960 2318 1003 censuerat

243 1033 447 1076 senatus
487 1033 540 1074 ut
569 1026 652 1074 lex
687 1025 907 1075 ambitus
943 1033 1092 1089 aucta
1126 1025 1275 1073 etiam
1316 1038 1429 1073 cum
1461 1038 1627 1088 poena
1662 1022 1903 1082 ferretur,
1959 1024 2108 1085 eique
2141 1024 2213 1071 rei
2250 1020 2313 1080 Q.

244 1094 439 1144 Mucius
467 1092 727 1145 Orestinus
776 1094 1007 1143 tribunus
1055 1092 1221 1157 plebis
1272 1093 1637 1143 intercesserat.
1711 1093 1835 1141 Tum
1874 1092 2048 1142 Cicero
2089 1091 2319 1156 graviter

241 1171 420 1214 senatu
470 1164 881 1213 intercessionem
918 1161 1109 1211 ferente
1147 1163 1364 1212 surrexit
1412 1169 1560 1224 atque
1593 1162 1643 1209 in
1683 1161 1948 1210 coitionem
1990 1159 2235 1209 Catilinae
2269 1170 2318 1208 et

242 1233 449 1282 Antonii
482 1234 708 1282 invectus
748 1239 823 1282 est
863 1239 976 1280 ante
1012 1231 1122 1280 dies
1159 1232 1477 1281 comitiorum
1509 1244 1718 1294 paucos.

856 1414 1039 1480 [Deest
1072 1413 1378 1478 principium
1410 1411 1703 1477 orationis.]

374 1513 428 1570 1.
475 1510 656 1579 Dico,
719 1517 926 1586 patres
973 1509 1334 1586 conscripti,
1394 1509 1714 1586 superiore
1766 1515 1947 1569 nocte
1996 1507 2312 1569 cuiusdam

244 1592 504 1654 hominis
552 1592 772 1654 nobilis
815 1600 877 1653 et
917 1594 1095 1652 valde
1136 1592 1194 1652 in
1236 1594 1355 1654 hoc
1399 1594 1734 1669 largitionis
1782 1599 2042 1668 quaestu
2091 1594 2217 1653 noti
2252 1601 2314 1652 et

244 1675 470 1772 cogniti
525 1677 766 1773 domum
826 1675 1135 1738 Catilinam
1188 1684 1251 1736 et
1303 1677 1636 1742 Antonium
1689 1694 1823 1736 cum
1884 1675 2310 1751 sequestribus

243 1777 374 1822 suis
407 1775 794 1821 convemsse.

369 1857 428 1919 2.
475 1857 662 1933 Quem
696 1856 852 1918 enim
879 1865 984 1919 aut
1007 1858 1263 1919 amicum
1295 1859 1521 1923 habere
1546 1866 1751 1935 potest
1778 1855 1859 1929 is,
1903 1857 2004 1932 qui
2029 1868 2119 1920 tot
2141 1860 2313 1921 cives

246 1942 598 2015 trucidavit,
631 1950 735 2003 aut
766 1941 1073 2014 clientem,
1136 1942 1238 2016 qui
1282 1942 1338 2002 in
1384 1960 1496 2004 sua
1529 1941 1771 2002 civitate
1816 1958 1953 2002 cum
1988 1943 2312 2020 peregrino

245 2026 493 2103 negavit
522 2043 592 2087 se
622 2026 845 2088 iudicio
883 2044 1082 2101 aequo
1116 2034 1352 2086 certare
1382 2028 1612 2102 posse?
1769 2098 1772 2101 ¹

371 2110 429 2171 3.
473 2111 598 2169 Nec
647 2126 716 2169 se
758 2110 873 2169 iam
921 2117 1042 2170 tum
1087 2110 1388 2184 respexit,
1451 2127 1635 2185 quum
1678 2107 2057 2184 gravissimis
2090 2110 2314 2172 vestris

246 2192 510 2255 decretis
543 2193 768 2252 absens
799 2200 1045 2254 notatus
1080 2200 1193 2254 est.
1716 2230 1720 2234 -

365 2277 425 2335 4.
470 2278 533 2335 In
579 2273 816 2334 iudiciis
852 2284 1075 2348 quanta
1111 2275 1204 2336 vis
1237 2284 1406 2336 esset
1435 2275 1671 2350 didicit,
1722 2294 1904 2351 quum
1942 2284 2039 2338 est
2067 2279 2314 2357 absolu·

245 2368 375 2431 tuS,
409 2357 462 2419 si
490 2365 594 2417 aut
622 2357 770 2417 illud
798 2358 1085 2419 iudicium
1115 2366 1220 2419 aut
1254 2358 1353 2417 illa
1380 2360 1685 2422 absolutio
1719 2358 2088 2420 nominanda
2120 2368 2234 2421 est.

370 2443 429 2501 5.
469 2441 764 2516 Populum
802 2459 982 2516 vero,
1029 2459 1213 2527 quum
1244 2441 1627 2518 inspectante
1670 2445 1900 2519 populo
1948 2445 2169 2504 collum
2221 2462 2317 2505 se-

245 2525 369 2587 cuit
397 2524 658 2585 hominis
689 2525 950 2586 maxime
983 2523 1329 2601 popularis,
1378 2527 1586 2601 quanti
1622 2529 1851 2588 faceret
1883 2527 2169 2588 ostendit.

373 2611 432 2672 6.
478 2610 577 2670 Me
609 2627 726 2684 qua
772 2610 1033 2670 amentia
1070 2609 1356 2669 inductus
1391 2610 1468 2672 sit
1507 2619 1576 2671 ut
1619 2617 2040 2672 contemneret
2089 2611 2320 2679 consti-

243 2704 418 2756 tuere
463 2710 583 2754 non
629 2710 904 2769 possum.
987 2693 1200 2754 Utrum
1244 2709 1444 2768 aequo
1488 2694 1688 2755 animo
1735 2696 1994 2756 laturum
2039 2695 2321 2771 putavit?

244 2780 328 2838 At
359 2777 416 2836 in
451 2794 566 2837 suo
593 2775 1055 2838 familiarissimo
1098 2793 1222 2837 non
1256 2775 1490 2839 viderat
1529 2796 1626 2839 me
1662 2795 1741 2840 ne
1770 2778 2021 2839 aliorum
2068 2778 2320 2854 quidem

243 2859 493 2920 iniurias
526 2859 916 2921 mediocriter
955 2878 1146 2936 posse
1184 2862 1383 2921 ferre?

371 2944 429 3001 7.
473 2944 648 3003 Alter
682 2959 908 3018 pecore
940 2943 1102 3003 omni
1148 2944 1396 3006 vendito
1428 2952 1490 3005 et
1524 2945 1781 3006 saltibus
1817 2963 2014 3023 prope
2053 2946 2322 3025 addictis

245 3035 528 3104 pastores
558 3025 804 3099 retinet,
846 3044 922 3087 ex
953 3026 1174 3103 quibus
1197 3026 1288 3107 ,ait
1318 3045 1417 3100 se,
1451 3046 1635 3104 quum
1670 3027 1846 3101 velit,
1889 3030 2089 3091 subito
2123 3030 2324 3105 sugiti-

244 3129 462 3171 vorum
485 3110 709 3171 bellum
734 3109 1155 3172 excitaturum.
1223 3112 1397 3173 Alter
1421 3112 1659 3173 induxit
1687 3130 1857 3184 eum,
1891 3130 2071 3188 quem
2099 3112 2323 3188 potuit,

245 3200 314 3251 ut
347 3200 596 3268 repente
633 3193 1005 3268 gladiatores
1035 3196 1270 3270 populo
1304 3213 1424 3256 non
1465 3195 1707 3256 debitos
1741 3196 2165 3272 polliceretur:
2205 3213 2324 3257 eos

247 3273 382 3347 ipse
414 3276 752 3337 consularis
796 3275 1157 3338 candidatus
1201 3278 1516 3355 perspexit
1566 3286 1628 3340 et
1666 3280 1810 3355 legit
1839 3287 1900 3340 et
1930 3279 2099 3341 emit:
2146 3296 2327 3355 prae-

249 3362 426 3415 sente
461 3360 691 3433 populo
724 3360 1003 3420 Romano
1039 3361 1262 3422 factum
1296 3369 1409 3422 est.
1919 3368 1930 3373 ”
