2381 3723
100 161 225 221 428
514 157 816 219 INCERTI
844 155 1231 217 AUCTORIS
1266 154 1741 217 CONSOLATlo
2086 162 2194 217 238

98 312 349 387 publica
384 310 610 371 utilitas
630 355 646 383 ,
675 315 774 382 ut,
812 326 935 383 quo
968 309 1207 369 honore
1238 308 1495 368 virtutes
1528 307 1698 382 ipsas
1729 300 2071 367 'decoratas
2107 305 2193 365 vi-

98 398 313 470 deant,
357 395 641 455 eumdem
683 410 753 453 se
800 400 1244 453 consecuturos
1288 408 1433 453 esse
1476 389 1756 452 homines
1800 398 2093 466 sperent,
2139 389 2194 451 si

99 480 318 539 iisdem
343 477 666 539 virtutibus
692 478 1015 537 excellant.
1107 477 1308 536 LVllI.
1354 475 1498 534 204.
1544 476 1676 549 Quo
1698 474 1758 535 in
1780 491 2015 550 genere
2041 476 2194 535 mul·

98 572 226 624 tum
274 562 417 623 boni
456 570 552 623 est
589 561 650 621 in
702 560 1050 623 imitatione.
1123 558 1411 621 Libenter
1450 558 1612 619 enim
1653 574 1728 618 ea
1772 558 2094 619 imitantur
2136 569 2196 619 et

98 655 559 722 persequuntur
599 647 795 719 multi,
846 661 924 705 ex
966 644 1188 720 quibus
1235 644 1389 704 alios
1430 643 1531 703 illa
1574 643 1820 717 eadem,
1868 659 2032 718 quae
2071 642 2194 718 ipsi

97 737 420 806 appetunt,
457 735 832 789 consecutos
862 729 1088 789 vident.
1161 730 1367 802 Atque
1409 744 1487 787 ex
1515 742 1592 786 eo
1625 728 1994 802 plerumque
2028 725 2193 786 acci·

98 816 186 874 dit
206 814 410 873 multis
438 812 501 873 in
527 813 736 887 rebuS,
766 829 921 887 quas
946 817 1126 872 antea
1148 827 1227 871 ne
1251 812 1669 885 cogitaverant
1694 810 1963 886 quidem,
2000 828 2191 885 quum

97 900 177 957 ad
207 899 510 959 clarorum
546 896 819 957 virorum
860 894 1251 956 imitationem
1296 911 1367 957 se
1409 893 1810 968 contulerint,
1859 896 2190 955 multorum

96 982 304 1058 vigeat
324 980 644 1042 industria.
713 981 882 1055 Quae
917 997 1103 1055 quum
1138 981 1342 1055 paullo
1375 978 1642 1038 manavit
1672 979 1881 1052 latiuS‚
1916 986 2193 1053 quantos

102 1081 473 1141 progressus
506 1073 859 1140 quantaque
892 1064 1169 1139 acquirat
1205 1063 1583 1123 incrementa
1614 1061 1756 1122 nihil
1790 1078 2058 1123 necesse
2096 1080 2193 1122 ar-

102 1151 294 1210 bitror
324 1163 829 1211 commemorare.
919 1146 1065 1209 205.
1109 1149 1364 1209 Constat
1386 1148 1546 1207 enim
1572 1148 1733 1207 inter
1756 1163 1994 1219 omneS,
2031 1164 2196 1221 quae

101 1236 413 1309 praeclara
459 1234 798 1307 ducuntur,
851 1249 926 1292 ea
963 1234 1090 1292 sere
1141 1233 1344 1291 omnia
1385 1248 1421 1298 a
1459 1230 1745 1292 tenuibus
1790 1228 1975 1291 initiis
2024 1248 2195 1291 sum·

105 1316 311 1392 psisse
357 1316 700 1378 exordium.
779 1316 958 1392 Quod
1009 1315 1322 1392 paullatim
1367 1314 1701 1374 imitatione
1746 1312 2195 1390 progrediente

101 1401 524 1462 confirmatum
556 1402 640 1459 ita
667 1400 1029 1473 increbruit,
1060 1407 1126 1459 ut
1157 1415 1233 1459 ne
1270 1399 1483 1474 augeri
1513 1398 1760 1474 quidem
1789 1406 1892 1459 aut
1921 1414 2196 1474 exagge-

101 1485 223 1544 rari
263 1486 458 1559 magis
503 1492 743 1560 posset.
814 1485 990 1558 Quod
1036 1484 1087 1543 Si
1129 1484 1254 1543 ulla
1293 1483 1353 1542 in
1390 1498 1457 1542 re
1491 1490 1731 1560 gratum
1777 1482 1955 1543 nobis
2001 1488 2195 1557 atque

101 1576 376 1644 optatum
408 1584 554 1628 esse
589 1568 802 1639 debet,
836 1575 1002 1626 certe
1031 1566 1091 1625 in
1124 1566 1608 1643 complectendis
1639 1564 2196 1642 provehendisque

103 1651 424 1710 virtutibus
460 1667 580 1710 non
623 1649 808 1709 video
855 1649 999 1725 quid
1043 1665 1187 1710 esse
1230 1649 1433 1727 possit
1475 1650 1764 1725 optatius.
1830 1648 1896 1710 Si
1938 1647 2194 1725 quidem

101 1752 178 1794 ex
203 1733 298 1795 his
323 1733 670 1795 informatio
696 1733 930 1809 pendet
959 1733 1371 1809 educatioque
1408 1734 1586 1807 vitae,
1620 1750 1777 1809 quae
1806 1750 1996 1808 quum
2020 1740 2194 1793 recte

99 1818 430 1880 instituitur
450 1826 636 1894 atque
661 1818 978 1890 excolitur,
1003 1817 1359 1880 incredibile
1382 1818 1548 1879 dictu
1574 1826 1669 1880 est
1690 1824 1956 1892 quantos
1977 1832 2192 1892 quam-

102 1921 223 1980 que
254 1905 482 1964 uberes
518 1901 814 1978 iustitiae,
858 1902 1220 1977 integritatis
1257 1902 1582 1977 omnisque
1616 1901 2033 1976 amplissimae
2066 1903 2194 1961 lau-

101 1987 197 2048 dis
242 1989 478 2048 fructus
523 1988 779 2048 adferat.
868 1988 1017 2048 LIX.
1062 1985 1208 2047 206.
1254 1985 1411 2060 Sed,
1445 2002 1630 2061 quum
1670 1986 1925 2046 virtutes
1961 1986 2194 2044 multae

102 2072 317 2132 merito
354 2073 666 2145 colantur,
702 2071 871 2145 quod
911 2078 974 2130 et
1011 2069 1187 2145 ipsae
1228 2072 1391 2131 cultu
1433 2070 1655 2145 dignae
1697 2070 1819 2130 sint
1858 2077 1919 2129 et
1962 2070 2196 2129 multae

103 2156 178 2213 ab
229 2154 304 2215 iis
357 2156 436 2214 ad
476 2154 833 2215 universum
889 2170 1086 2229 genus
1128 2154 1442 2215 hominum
1477 2154 1764 2214 utilitates
1797 2153 2191 2228 proveniant,

104 2237 250 2312 quid
279 2239 357 2298 sit
387 2255 496 2298 cur
524 2236 760 2298 bestiae
793 2254 1044 2313 quoque
1075 2238 1251 2313 ipsae
1282 2239 1359 2298 ab
1389 2238 1719 2315 Aegyptiis
1745 2238 1934 2296 ferme
1970 2253 2191 2296 omnes

104 2329 506 2381 consecratae
537 2321 659 2382 sint
687 2321 847 2380 Scire
879 2337 1029 2382 sane
1058 2321 1259 2380 velim.
1315 2321 1406 2382 Sit
1434 2320 1625 2396 piscis
1655 2322 1714 2380 in
1740 2322 1905 2380 cultu
1935 2337 2011 2379 ac
2042 2321 2192 2380 deo·

102 2421 235 2462 rum
282 2405 574 2480 opinione
614 2403 780 2478 apud
819 2403 1052 2481 Syr-08,
1091 2404 1372 2466 homines
1419 2421 1535 2465 nec
1574 2412 1742 2464 tanta
1779 2402 2008 2479 ingenii
2056 2405 2194 2463 acie

106 2487 421 2562 praeditos
474 2500 589 2547 nec
643 2486 824 2547 tantis
879 2487 1292 2549 doctrinarum
1340 2488 1666 2564 praesidiis
1701 2487 2072 2563 instructos,
2125 2492 2196 2546 ut

101 2570 255 2630 haec
278 2570 486 2645 inepta
507 2571 889 2647 ridiculaque
912 2588 1056 2633 esse
1078 2570 1325 2648 possint
1346 2587 1707 2647 agnoscere.
1795 2571 1936 2631 207.
1979 2573 2194 2649 Aegy-

102 2653 211 2730 ptii
255 2672 406 2716 vero
442 2655 736 2718 omnibus
781 2656 1125 2716 adfluentes
1169 2655 1531 2717 eruditionis
1565 2664 1627 2716 et
1665 2654 1958 2716 scientiae
1998 2655 2195 2715 laudi-

104 2738 218 2798 bus
254 2757 375 2814 quo
408 2740 595 2801 modo
638 2741 695 2800 in
731 2747 851 2800 tam
892 2739 1132 2800 inanem
1166 2747 1413 2815 tamque
1450 2740 1779 2800 absurdam
1811 2739 2013 2799 delabi
2057 2738 2195 2813 opi-

104 2822 347 2883 nionem
372 2825 683 2899 potuerint
706 2803 993 2897 equidem
1019 2822 1355 2899 intelligere
1370 2824 1473 2884 vix
1496 2841 1774 2920 possum.
1807 2821 1963 2898 Quid
1985 2822 2195 2883 enim?

105 2922 179 2964 an
223 2907 454 2979 boveS,
500 2924 724 2981 caneS,
767 2909 982 2984 lup0S,
1029 2909 1212 2980 feles,
1259 2908 1465 2984 pisces
1507 2907 1567 2967 in
1620 2909 1878 2969 deorum
1928 2923 2194 2967 numero

106 2988 471 3051 habebimus
506 2997 570 3051 et
613 3007 768 3067 quas
812 2987 992 3052 nob'is
1036 2999 1255 3052 natura
1294 2991 1581 3068 praesidii
1629 2990 1957 3067 auxiliique
1999 3007 2194 3051 causa

107 3072 441 3135 animantes
477 3075 713 3148 genuit,
763 3091 869 3135 eas
912 3090 1028 3151 per
1055 3074 1355 3136 inscitiam
1390 3077 1545 3136 deos
1575 3075 2029 3136 iudicabimus?
2061 3074 2194 3150 qui·

104 3156 220 3216 bus
250 3156 395 3216 nihil
428 3160 699 3229 foedius,
744 3158 1153 3232 obscoenius,
1184 3159 1542 3220 lutulentius
1574 3176 1651 3220 ne
1681 3167 1900 3221 natura
1935 3160 2188 3256 quidem

104 3238 242 3310 ipsa
282 3239 522 3299 viderit.
609 3240 753 3301 208.
799 3241 1078 3301 Etiamne
1121 3242 1468 3303 animalium
1513 3251 1791 3304 monstra
1827 3242 1955 3318 illa,
1988 3260 2028 3302 a
2060 3243 2188 3318 qui·

104 3318 220 3377 bus
261 3318 574 3380 hominum
618 3324 828 3395 generi
860 3323 1193 3399 praecipua
1232 3327 1621 3387 incommoda
1650 3326 2020 3401 inseruntur,
2054 3343 2188 3387 cro·

107 3399 380 3471 codilos,
441 3403 727 3474 aspidas,
787 3415 1143 3478 serpenteS,
1205 3416 1483 3470 caeteras
1539 3413 1742 3470 feras·
1765 3421 1826 3471 et
1886 3411 2187 3470 immanes
