2381 3723
605 148 610 153 ’
659 161 874 223 1.tB.1.
919 161 1088 223 CAP.
1116 171 1206 226 ω.
1241 171 1332 226 33.
1375 171 1427 233 s.
1462 174 1787 226 115—121.
2178 162 2258 228 37

191 319 525 390 exoptant:
572 330 694 375 non
731 312 873 376 nulli
902 316 1103 376 tamen
1138 314 1271 375 sive
1306 313 1589 375 felicitate
1621 314 1884 390 quadam
1919 313 2053 377 sive
2091 314 2262 376 boni·

193 403 315 458 tate
346 404 609 458 naturae
654 397 787 459 sive
827 399 1172 475 parentium
1224 396 1545 475 disciplina
1589 407 1816 458 rectam
1860 397 2022 458 vitae
2067 397 2261 460 secuti

194 487 337 542 sunt
367 478 547 540 viam.

315 565 589 626 XXXIII.
649 565 787 626 119.
874 566 1029 627 Illud
1075 572 1280 626 autem
1336 565 1597 627 maxime
1648 581 1852 626 rarum
1903 581 2101 663 genn?
2167 572 2265 625 est

193 665 444 722 eorum,
490 646 596 737 qui
620 655 725 710 aut
760 650 1098 711 excellente
1130 649 1357 725 ingenii
1379 648 1795 726 magnitudine
1819 655 1926 709 aut
1947 649 2264 725 praeclara

192 695 540 794 eruditione
596 738 784 808 atque
834 733 1113 795 doctrina
1159 739 1267 793 aut
1312 738 1535 808 utraqu
1628 750 1697 794 re
1751 732 1949 794 ornati
1997 733 2264 809 spatium

194 814 376 877 etiam
433 813 808 877 deliberandi
854 817 1197 878 habuerunt
1242 833 1423 893 quem
1484 834 1565 893 po
1529 751 1872 879 ἢίεείῐηιιηι
1923 815 2087 877 vitae
2127 833 2265 877 cur·

194 917 331 962 sum
366 898 546 976 sequi
588 901 843 974 vellent,
906 916 1031 978 qua
1067 899 1128 961 in
1159 900 1600 962 deliberatione
1637 901 1715 961 ad
1743 916 1921 962 suam
1960 898 2266 976 cuiusque

196 990 475 1045 nanu-am
528 983 847 1048 consilium
893 992 991 1047 est
1037 1001 1220 1048 omne
1259 985 1697 1046 revocandum.
1768 986 1917 1044 Nam
1962 1000 2149 1059 quum
2202 981 2264 1042 in

195 1067 504 1142 omnibus,
545 1085 704 1142 quae
733 1075 1017 1145 aguntur,
1045 1085 1128 1131 ex
1151 1085 1248 1142 co,
1281 1084 1408 1145 quo
1432 1068 1619 1130 modo
1646 1067 1911 1144 quisque
1933 1075 2117 1129 natus
2148 1073 2265 1139 est,

193 1158 262 1214 ut
289 1167 483 1228 supra
522 1152 751 1213 dictum
781 1160 906 1227 est,
967 1152 1114 1230 quid
1155 1153 1374 1214 deceat
1412 1151 1821 1228 exquirimus,
1876 1158 2003 1212 tum
2044 1152 2104 1210 in
2136 1156 2267 1211 tota

194 1233 322 1296 vim
352 1235 784 1297 constituenda
811 1239 1002 1299 multo
1035 1245 1131 1298 est
1161 1235 1344 1297 etiam
1377 1252 1526 1296 cura
1562 1235 1757 1297 maior
1782 1233 2160 1308 adhibenda,
2198 1240 2265 1293 ut

197 1325 491 1383 constare
531 1319 588 1380 in
639 1320 1043 1396 perpetuitate
1074 1320 1236 1381 vitae
1265 1319 1579 1397 possimus
1615 1317 1921 1381 nobismet
1955 1315 2110 1393 ipsis
2151 1331 2267 1376 nec

195 1404 253 1463 in
298 1404 425 1464 ullo
469 1402 673 1465 officio
721 1404 1084 1466 claudicare.
1177 1403 1315 1465 120.
1370 1404 1472 1464 Ad
1514 1405 1671 1464 hanc
1715 1409 1922 1463 autem
1965 1397 2264 1462 rationem

199 1485 491 1562 quoniam
534 1487 857 1548 maximam
905 1489 1029 1550 vim
1071 1496 1285 1549 natura
1330 1488 1545 1559 habet,
1607 1488 1853 1549 fortuna
1901 1483 2264 1562 proximam,

197 1568 519 1645 utriusque
569 1571 817 1632 omnino
870 1572 1154 1633 habenda
1208 1571 1362 1632 ratio
1415 1583 1512 1632 cst
1558 1571 1616 1631 in
1671 1570 1996 1647 deligendo
2040 1582 2267 1645 genere

198 1654 394 1727 vitae,
436 1655 547 1714 sed
578 1661 833 1716 naturae
864 1655 1087 1731 magis:
1132 1656 1320 1716 multo
1353 1654 1513 1716 enim
1542 1661 1606 1715 et
1633 1654 1865 1715 firmior
1897 1660 2084 1714 estet
2123 1668 2266 1713 con-

199 1736 478 1810 stantior,
505 1745 571 1798 ut
588 1740 831 1799 fortuna
851 1757 976 1800 non
1001 1756 1334 1815 numquam
1354 1746 1663 1814 tamquam
1684 1737 1823 1815 ipsa
1840 1735 2264 1798 mortaliscum

199 1819 525 1882 immortali
574 1828 791 1883 natura
839 1838 1113 1899 pugnare
1145 1823 1439 1884 videatur.
1530 1821 1642 1899 Qui
1678 1820 1865 1899 igitur
1902 1820 1981 1882 ad
2017 1827 2264 1881 naturae

201 1921 355 1965 suae
382 1921 513 1965 non
551 1904 808 1967 vitiosae
849 1924 1046 1982 genus
1080 1906 1400 1969 consilium
1428 1906 1676 1967 vivendi
1706 1921 1888 1967 omne
1928 1901 2268 1975 contulerit,

200 1987 254 2049 is
285 1989 690 2049 constantiam
720 1997 927 2051 teneat
946 1990 1111 2050 ...id
1142 1990 1303 2051 enim
1327 1990 1587 2049 maxime
1622 1989 1801 2049 decet
1830 2017 1945 2059 —,‘
1965 1985 2082 2047 nisi
2113 1988 2269 2047 rorte

202 2087 275 2132 se
317 2070 685 2132 intellexerit
722 2089 968 2135 errasse
1007 2074 1068 2133 in
1109 2073 1435 2150 deligendo
1480 2087 1707 2147 genere
1743 2069 1928 2130 vitae.
2008 2068 2187 2145 Quod
2218 2067 2268 2128 si

201 2154 496 2215 acciderit
526 2191 608 2201 --
642 2162 850 2231 potest
881 2164 1086 2217 autem
1122 2158 1408 2218 accidere
1434 2186 1548 2228 -μ,
1602 2153 1882 2216 facienda
1910 2168 2147 2215 morum
2186 2150 2271 2212 in-

201 2239 682 2315 stitutorumque
729 2239 979 2302 mutatio
1037 2246 1154 2301 est.
1231 2242 1382 2301 Eam
1431 2237 1825 2301 mutationem
1883 2237 1937 2299 si
1987 2244 2272 2311 tempora

201 2322 611 2396 adiuvabant,
675 2323 911 2385 facilius
958 2323 1470 2398 commodiusque
1522 2320 1848 2385 faciemus:
1905 2323 2001 2383 sin
2049 2320 2269 2390 minu8‚

202 2404 434 2467 sensim
487 2406 605 2467 erit
654 2406 1213 2485 pedetemptimque
1264 2408 1572 2482 facienda,
1621 2413 1689 2469 ut
1738 2404 2060 2478 amicitias,
2111 2419 2273 2481 quae

201 2489 404 2551 minus
452 2491 761 2551 delectent
809 2498 871 2552 et
921 2492 1121 2553 minus
1175 2491 1541 2567 probentur,
1605 2490 1802 2565 magis
1852 2490 2075 2550 decere
2132 2504 2271 2548 cen·

201 2579 344 2633 sent
403 2572 717 2650 sapientes
769 2574 998 2636 sensim
1060 2573 1293 2636 diluere
1346 2591 1530 2648 quam
1582 2580 1835 2648 repente
1895 2572 2271 2649 praecidere.

210 2656 348 2716 121.
398 2658 782 2720 Commutato
806 2665 1009 2720 autem
1037 2675 1267 2736 genere
1295 2657 1458 2718 vitae
1488 2656 1653 2717 omni
1674 2654 1911 2716 ratione
1940 2655 2270 2715 curandum

202 2746 300 2800 est
352 2746 422 2801 ut
470 2740 535 2800 id
586 2741 754 2803 bono
815 2742 1073 2804 consilio
1127 2741 1354 2803 fecisse
1398 2740 1735 2801 videamur.
1813 2738 1938 2798 Sed
1987 2735 2271 2814 quoniam

203 2824 413 2899 paullo
446 2831 587 2885 ante
618 2824 847 2887 dictum
877 2832 973 2887 est
1001 2825 1329 2887 imitandos
1354 2841 1497 2887 esse
1521 2824 1815 2897 maioreS,
1847 2822 2107 2920 primum
2130 2821 2272 2882 illud

203 2913 536 2983 exceptum
566 2907 677 2982 sit,
706 2926 787 2969 ne
816 2908 962 2969 vitia
993 2909 1115 2971 sint
1149 2908 1466 2982 imitanda,
1514 2907 1770 2980 deinde,
1819 2906 1874 2969 si
1907 2915 2124 2969 natura
2151 2924 2273 2967 non

204 2991 391 3063 reret,
444 2999 513 3052 ut
551 2992 853 3067 quaeda-m
897 2992 1113 3054 imitari
1159 2991 1385 3068 possit,
1434 2999 1503 3053 ut
1545 2991 1884 3067 superioris
1930 2992 2090 3052 filius
2118 2987 2276 3049 Afri-

206 3074 373 3147 cani,
402 3074 513 3149 qui
543 3076 707 3135 hunc
735 3077 946 3137 Paullo
978 3084 1187 3138 natum
1216 3075 1561 3152 adoptavit,
1595 3083 1850 3158 propter
1870 3073 2275 3150 infirmitatem

207 3156 576 3219 valetudinis
633 3176 756 3221 non
811 3168 934 3219 tam
985 3158 1187 3236 potuit
1237 3159 1425 3257 patris
1475 3158 1691 3220 similis
1741 3174 1885 3220 esse
1947 3172 2128 3232 quam
2177 3154 2278 3213 ille

206 3242 408 3302 suerat
440 3241 565 3303 sui:
611 3242 662 3304 si
694 3243 874 3319 igitur
903 3259 1029 3304 non
1062 3242 1289 3320 poterit
1320 3242 1453 3304 sive
1482 3259 1705 3304 causas
1739 3239 2113 3299 defensitare
2146 3237 2278 3297 sive

208 3327 504 3401 populum
555 3326 946 3388 contionibus
997 3334 1212 3388 tenere
1240 3324 1373 3386 sive
1418 3325 1579 3385 bella
1631 3336 1898 3396 gerere,
1928 3320 2029 3377 illa
2076 3325 2275 3376 tamen

205 3417 530 3483 praestare
562 3409 838 3483 debebit,
884 3426 1044 3485 quae
1072 3416 1253 3469 erunt
1285 3407 1347 3468 in
1375 3406 1572 3480 ipsius
1603 3403 1939 3477 potestate,
1975 3395 2276 3456 iustitiam
