2381 3723
172 161 269 218 ιη
917 134 1480 216 ΡοΕΜΑΤοΒυΜζ

167 305 294 367 Sed
326 306 500 382 prior
527 303 626 364 illa
659 303 853 382 magis
886 306 1078 367 stellis
1111 305 1397 368 distincta
1435 309 1713 384 refulget,

166 391 240 451 Et
268 392 389 450 late
417 388 615 465 prima
653 388 974 449 confestim
1005 406 1041 448 a
1075 398 1261 451 nocte
1285 390 1546 451 videtur.

167 477 337 535 Haec
363 489 518 534 vero
554 488 746 547 parva
777 478 903 545 est,
948 473 1064 534 sed
1093 473 1294 535 nautis
1324 491 1478 535 usus
1508 474 1566 535 in
1601 476 1715 536 hac
1745 484 1870 537 est:

166 560 315 620 Nam
351 572 538 618 cursu
575 555 865 617 interiore
895 556 1072 618 brevi
1103 558 1483 633 convertitur
1517 560 1686 632 orbe,

169 643 472 716 Signaque
502 641 765 702 Sidoniis
791 649 1080 702 monstrat
1103 646 1429 704 certissima
1457 648 1675 705 nautis.

299 726 428 785 Has
463 723 648 797 inter,
692 723 883 784 veluti
913 723 1130 799 rapido
1165 741 1301 788 cum
1334 726 1571 802 gurgite
1603 727 1852 802 flumen,

166 809 394 871 Torvu’
425 810 673 870 Draco
706 807 927 884 serpit,
971 810 1185 870 subter
1214 827 1566 886 superaque
1596 814 1927 874 revolvens

171 895 329 956 Sese
356 891 822 968 conficiensque
854 891 1026 953 sinus
1058 909 1094 954 e
1127 909 1395 970 corpore
1423 894 1645 969 fleXOS‚

173 979 326 1052 Quos
353 980 498 1038 cani
520 983 773 1051 tanqunt
797 980 1081 1038 immunes
1100 982 1357 1053 gurgitis
1384 979 1613 1040 Arctoe.

184 1064 401 1123 Verum
433 1062 585 1123 haee
610 1067 916 1122 extremae
942 1063 1353 1123 circumdatur
1381 1065 1617 1137 aomine
1644 1066 1897 1139 caudae,

175 1147 306 1218 Qua
333 1148 535 1222 spirae
560 1146 725 1205 sinus
751 1150 864 1218 est,
907 1148 1219 1207 involvitur
1245 1151 1438 1208 altera
1465 1150 1647 1208 caelo.

171 1231 394 1305 Nempe
417 1229 625 1290 Helice
649 1235 954 1290 extremae
985 1232 1396 1291 circumdatur
1423 1234 1658 1306 aymine
1682 1233 1932 1306 caudae,

175 1314 306 1386 Qua
335 1317 538 1390 spirae
565 1315 731 1374 sinus
759 1320 877 1388 est,
916 1321 1103 1390 caput
1124 1321 1215 1374 est
1245 1315 1637 1392 Cynosuridos
1670 1315 1857 1377 Ursae
1870 1337 1891 1374 .·
1949 1325 1961 1334 ·

176 1399 339 1471 Quae
365 1405 562 1459 tamen
587 1414 772 1473 usque
791 1398 980 1474 pedes
1005 1415 1230 1460 summo
1260 1401 1423 1460 illum
1452 1416 1491 1459 a
1519 1402 1734 1461 vertice
1762 1401 1966 1475 tanqit.

173 1483 552 1558 Retroqrado
577 1483 676 1542 hic
704 1484 917 1542 iterum
949 1499 1134 1544 cursa
1158 1486 1517 1544 convertitur
1548 1487 1780 1558 anquis.
1852 1521 1864 1527 -

173 1564 333 1626 Huic
363 1583 487 1627 non
515 1581 639 1625 una
669 1566 854 1626 modo
888 1572 1074 1643 caput
1105 1582 1334 1627 ornans
1364 1569 1543 1628 stella
1573 1568 1821 1642 relucet,

173 1651 406 1710 Verum
436 1655 717 1724 tempora
746 1656 892 1710 sunt
919 1649 1145 1725 duplici
1181 1652 1421 1726 fulgore
1451 1659 1677 1725 notata,

174 1735 226 1794 E
255 1732 656 1808 trucibusque
689 1732 884 1794 oculis
917 1735 1042 1795 duo
1076 1734 1312 1794 fervida
1340 1735 1568 1796 lumina
1596 1733 1875 1812 flagrant,

172 1820 383 1893 Atque
411 1833 537 1879 uno
569 1823 837 1879 mentum
867 1817 1127 1879 radianti
1154 1818 1358 1881 sidere
1387 1821 1578 1880 lucet:

177 1902 501 1978 Obstipum
531 1909 716 1977 caput
745 1918 782 1961 a
812 1901 992 1963 tereti
1030 1902 1271 1963 cervice
1301 1902 1602 1963 reflexum

176 1986 466 2049 Obtutum
497 1984 558 2045 in
592 1986 786 2045 cauda
816 1985 1064 2046 maioris
1097 1986 1291 2062 figere
1322 1987 1513 2048 dicas.

177 2071 459 2147 Opposita
486 2075 789 2130 extremae
815 2073 1027 2146 capitis
1053 2079 1193 2130 sunt
1216 2071 1468 2130 dextera
1494 2070 1742 2131 caudae.

174 2156 315 2216 Hoc
345 2160 532 2229 caput
562 2152 659 2212 hic
691 2155 960 2229 paullum
996 2169 1140 2214 sese
1170 2168 1439 2228 seroque
1453 2150 1778 2225 *recondit

178 2238 363 2300 Ortus
393 2237 494 2297 ubi
536 2243 721 2312 atque
754 2238 957 2298 obitus
992 2237 1212 2312 partim
1242 2236 1657 2299 admiscentur
1684 2235 1741 2296 in
1772 2250 1974 2297 unam.

304 2321 630 2396 Attingens
668 2321 917 2383 defessa
945 2323 1123 2381 velut
1143 2322 1471 2383 maerentis
1502 2322 1702 2397 imago

176 2405 484 2467 Vertitur:
529 2406 689 2466 hanc
715 2421 883 2467 nemo
911 2412 1070 2467 certo
1088 2408 1201 2473 tibi
1227 2408 1425 2468 decere
1441 2410 1647 2484 possit,

179 2492 301 2551 Aut
325 2491 595 2564 quisnam
608 2536 622 2563 ‚
668 2506 782 2565 qao
815 2493 895 2550 sit
915 2491 1115 2563 fessus
1129 2537 1143 2562 ,
1186 2491 1357 2551 labor
1371 2512 1390 2549 .-
1433 2498 1499 2550 at
1524 2499 1719 2551 tamen
1747 2490 1913 2549 illam

177 2575 280 2633 En
296 2591 337 2649 g
354 2590 390 2634 o
408 2590 445 2632 n
464 2572 629 2634 asin
664 2572 961 2647 vocitant,
1012 2573 1271 2648 genibus
1301 2571 1442 2647 quia
1473 2571 1615 2633 nixa
1647 2574 1893 2632 seratur.

176 2659 303 2720 Illa
324 2659 474 2733 petit
502 2659 653 2718 binis
677 2659 948 2718 manibus
976 2659 1211 2718 diversa
1237 2660 1514 2729 locorum,

180 2746 374 2817 Atque
400 2743 674 2802 humeros
701 2758 924 2818 supera
952 2744 1128 2802 tensis
1161 2742 1536 2817 dispenditur
1568 2741 1742 2809 ulnis,

112 2851 121 2860 ·
180 2826 265 2886 Et
287 2842 472 2902 saper
499 2841 610 2885 ora
652 2829 816 2885 cavis
846 2828 1145 2900 spirantia
1172 2826 1419 2885 naribus
1450 2826 1645 2899 iqnem

180 2909 488 2985 Serpentis
520 2910 773 2969 dextrae
795 2912 930 2984 ftqit
953 2912 1196 2983 vestigia
1219 2913 1489 2984 plantae.

306 2992 421 3052 Hic
450 2992 552 3051 illa
581 2991 804 3053 eximio
844 2993 1047 3067 posita
1077 2998 1173 3052 est
1208 2993 1445 3067 fulgore
1477 2990 1715 3049 Coron
1737 3004 1803 3048 a:

180 3076 364 3138 Hane
391 3076 801 3137 Ariadnaeum
828 3076 1115 3137 Bacchus
1142 3083 1381 3136 testatus
1405 3089 1661 3135 amorem

181 3161 397 3222 Intulit
421 3164 484 3221 in
514 3164 772 3233 caelum,
816 3178 936 3236 qua
961 3161 1112 3220 Nixi
1133 3169 1304 3235 terqa
1324 3158 1631 3231 fatiscunt.

2126 156 2247 222 307

2113 1074 2249 1125 250

2180 1491 2248 1543 55

2179 1910 2250 1962 60

2182 2326 2253 2380 65

2190 2732 2282 2794 70·

2192 3157 2258 3211 75

312 3245 502 3306 quta
551 3246 827 3306 humeros
873 3244 1107 3305 Sertum
1155 3250 1273 3304 est.-
1356 3248 1612 3319 propter
1665 3245 1850 3313 caput
1892 3233 2259 3312 Anguite-

1619 3321 1894 3394 nentiS‚

188 3412 384 3485 Quem
420 3413 586 3475 claro
621 3429 730 3490 pel
733 3411 943 3474 hibent
978 3412 1024 3474 Ο
1041 3430 1080 3489 p
1095 3411 1164 3472 h
1149 3429 1219 3474 1u
1234 3426 1266 3473 c
1281 3410 1318 3471 h
1332 3428 1373 3473 u
1387 3426 1446 3470 m
1479 3402 1970 3552 nominessrjiii,
1947 3494 1956 3496 A
