2381 3723
121 169 228 226 133
882 158 1441 221 POEMATORUM.
2076 159 2201 224 323

109 312 225 382 Qui
248 309 420 370 Fidis
449 308 789 371 Arcadicae
815 327 1048 387 semper
1080 314 1337 383 confinia
1374 314 1594 386 tanqit:

108 395 303 469 Quem
337 399 523 452 nocte
555 393 920 454 exstinctum
951 401 1137 468 atque
1167 403 1450 456 exortum
1484 394 1747 455 vidimus
1780 412 1920 470 una,

104 479 416 552 Persaepe
449 483 518 537 ut
546 492 807 551 parvum
836 483 1086 537 tranans
1116 477 1526 552 geminaverit
1558 478 1790 539 orbem.
2093 490 2201 545 650

105 560 220 621 Hic
251 576 447 636 genus
479 569 540 620 et
575 577 781 621 suram
820 577 959 623 cum
994 560 1197 622 Chelis
1228 562 1404 637 erigit
1431 564 1571 636 alte,

107 648 251 721 Ipse
283 651 484 705 autem
516 660 824 720 praeceps
858 645 1129 707 obscura
1156 653 1343 706 nocte
1374 652 1636 720 tenetur,

106 731 262 790 Dum
293 730 464 802 Nepa
493 735 554 788 et
583 726 954 790 Arcitenens
985 727 1257 789 invisant
1283 730 1511 791 lumina
1543 730 1731 790 caeli:
2042 738 2195 807 (405)

105 814 259 874 Nam
290 827 502 873 secum
537 811 805 873 medium
844 813 1076 887 pandet
1101 812 1306 889 Nepa,
1357 815 1571 874 tollere
1603 831 1752 876 vero

106 899 174 957 In
208 896 446 956 caelum
479 900 674 956 totum
706 896 998 957 exoriens
1030 895 1358 957 conabitur
1383 899 1606 958 Arcus.
2091 907 2194 962 655

108 980 220 1042 Hic
253 978 451 1040 tribus
483 979 680 1042 elatus
714 995 853 1041 cum
889 979 1079 1056 signis
1113 996 1382 1056 corpore
1413 988 1544 1041 toto

110 1067 330 1135 Lucet,
371 1069 435 1123 at
461 1062 733 1124 exoritur
763 1062 966 1123 media
995 1064 1074 1124 de
1105 1071 1280 1139 parte
1314 1065 1574 1137 Corona,

111 1147 444 1223 Caudaque
476 1145 761 1208 Centauri
793 1156 1068 1208 extremo
1104 1147 1375 1208 candore
1405 1149 1681 1222 refulget.
2043 1152 2193 1224 (410)

110 1230 223 1292 Hic
254 1246 324 1291 se
354 1230 470 1290 iam
505 1239 697 1292 totum
730 1245 950 1292 caecas
980 1231 1196 1306 Equus
1230 1230 1399 1292 abdit
1426 1230 1483 1290 in
1516 1231 1786 1306 umbraS‚

110 1317 303 1392 Quem
342 1312 522 1375 rutila
553 1315 796 1390 fulgens
824 1315 1035 1390 pluma
1066 1317 1480 1390 praetervolat
1506 1316 1677 1376 Ales.
2093 1324 2196 1380 660

111 1395 350 1462 Occidit
381 1399 824 1459 Andromedae
855 1399 1084 1459 clarum
1119 1405 1307 1474 caput
1334 1405 1399 1460 et
1428 1400 1557 1458 fera
1585 1396 1806 1460 Pistrix

108 1482 389 1555 Labitur,
436 1481 761 1544 horribiles
797 1483 1014 1558 epulas
1049 1484 1295 1543 funesta
1324 1481 1666 1557 requirens.

110 1567 288 1627 Hanc
322 1573 536 1626 contra
568 1566 849 1642 Cepheus
882 1583 1005 1626 non
1044 1572 1252 1627 cessat
1286 1565 1542 1627 tendere
1571 1567 1842 1641 palmas:
2043 1571 2195 1638 (415)

110 1651 224 1710 Illa
250 1665 451 1725 usque
480 1652 558 1710 ad
594 1651 832 1726 spinam
865 1665 1149 1726 mergens
1181 1666 1252 1711 se
1286 1652 1528 1710 caerula
1561 1650 1789 1711 condit.

108 1737 196 1799 At
230 1732 516 1808 Cepheus
550 1741 736 1811 caput
764 1741 950 1810 atque
985 1733 1277 1795 humeros
1309 1735 1669 1809 palmasque
1701 1731 1976 1794 reclinat.
2091 1741 2194 1796 665

239 1817 436 1894 Quum
464 1833 617 1879 vero
650 1817 743 1880 vis
777 1825 874 1880 est
898 1818 1239 1880 vehemens
1270 1825 1486 1879 exorta
1517 1818 1617 1879 Ne
1636 1836 1671 1894 p
1689 1820 1787 1893 ai,

115 1907 261 1968 Late
290 1904 431 1962 fusa
458 1903 657 1963 volat:
703 1901 787 1976 [in
814 1910 1012 1963 terras
1045 1902 1265 1963 labitur
1283 1903 1467 1974 unda,

116 1987 429 2062 Orionque
458 1993 623 2046 metu
660 1987 983 2063 perculsus
1016 1985 1300 2047 conditur
1328 1993 1472 2046 una:

113 2072 275 2132 Pace
310 2068 489 2132 huius
522 2069 705 2131 liceat
737 2085 987 2131 causam
1024 2068 1396 2145 explicuisse
1426 2067 1681 2141 timoriS,

112 2156 337 2229 Virgo,
385 2161 516 2214 tua:
565 2153 735 2227 mihi,
767 2169 1036 2230 quaeso,
1070 2152 1210 2212 veni
1239 2153 1511 2227 placata,
1546 2149 1756 2211 Diana.
2089 2156 2197 2213 670

112 2240 286 2299 Haec
314 2239 475 2297 fama
504 2246 601 2299 est
629 2236 972 2307 hominum,
1018 2237 1195 2309 haec]
1225 2251 1337 2310 per
1366 2242 1561 2297 terras
1593 2237 1755 2295 fama
1784 2241 2073 2311 vagatur:

115 2323 198 2384 Ut
233 2322 546 2397 quondam
579 2320 764 2383 Orion
794 2321 1074 2382 manibus
1108 2320 1379 2381 violasse
1413 2318 1665 2381 Dianam
1871 2361 1874 2364 -
2041 2322 2192 2391 (420)

116 2404 378 2477 Dicitur,
419 2404 683 2467 excelsis
716 2420 928 2466 errans
960 2403 1020 2464 in
1053 2403 1312 2465 collibus
1344 2420 1576 2477 amens,

121 2492 289 2565 Quos
317 2495 486 2550 tenet
514 2489 765 2564 Aegaeo
796 2488 1003 2550 defixa
1028 2487 1088 2548 in
1119 2486 1357 2562 gurgite
1390 2487 1594 2560 ChiuS,

116 2572 422 2633 Bacchica
453 2588 633 2648 quam
668 2569 846 2632 viridi
876 2570 1183 2633 convestit
1216 2569 1482 2644 tegmine
1516 2569 1671 2630 vitis.
1707 2577 1712 2584 “
2090 2574 2193 2632 675

117 2657 225 2716 Ille
258 2656 423 2716 feras
457 2672 681 2717 vecors
709 2654 935 2717 amenti
967 2655 1154 2715 corde
1183 2653 1463 2726 necabat,

122 2738 498 2815 Oenopionis
534 2755 726 2801 avens
758 2741 974 2814 epulas
1007 2755 1227 2800 ornare
1258 2736 1540 2798 nitentes.
2039 2736 2191 2806 (425)

118 2827 207 2884 At
233 2839 417 2895 vern,
462 2822 724 2897 pedibus
755 2822 959 2884 subito
988 2824 1275 2899 perculsa
1301 2820 1550 2893 Dianae,

120 2908 333 2967 Insula
363 2905 650 2967 discessit
678 2906 1058 2982 disiectaque
1090 2922 1241 2967 saxa
1273 2905 1578 2964 revellens

118 2989 389 3051 Perculit
419 2995 480 3050 et
509 3005 729 3051 caecas
760 2990 1039 3052 lustravit
1066 2993 1204 3050 luce
1232 2990 1519 3049 lacunas:
2087 2991 2193 3047 680

119 3076 172 3134 Ε
206 3073 431 3149 quibus
463 3073 694 3150 ingenti
725 3072 968 3135 exsistit
998 3090 1136 3134 cum
1168 3087 1431 3147 corpore
1466 3085 1614 3146 prae
1644 3086 1715 3130 se

123 3157 426 3234 Scorpius
455 3156 716 3219 infestus
743 3164 1151 3235 praeportans
1180 3155 1385 3217 flebile
1414 3170 1690 3214 acumen.
2038 3155 2190 3223 (430)

118 3240 235 3302 Hic
263 3240 469 3302 valido
503 3241 724 3319 cupide
751 3249 1077 3303 venantem
1109 3238 1368 3316 perculit
1398 3238 1542 3312 ictu,

119 3324 505 3387 Mortiferum
535 3325 596 3387 in
635 3341 827 3387 venas
856 3326 1053 3401 figens
1086 3339 1199 3400 per
1232 3324 1487 3384 vulnera
1510 3320 1709 3382 virus:

122 3409 232 3470 Ille
261 3407 436 3487 gravi
473 3409 741 3472 moriens
779 3408 1116 3471 constravit
1150 3422 1416 3483 corpore
1445 3414 1731 3547 terram2.1
1753 3487 1781 3523 ὴ
2089 3407 2190 3463 685
