2381 3723
215 162 321 220 237
825 152 991 213 CAP.
1023 163 1109 216 56.
1143 162 1229 217 57.
1275 164 1327 224 s.
1360 163 1691 219 196—203.
2177 157 2303 222 427

218 306 448 365 nullum
491 305 791 373 laborem,
837 306 1062 366 nullum
1098 304 1367 381 denique
1398 313 1701 368 certamen
1738 306 2302 382 praetermiserunt.

215 393 340 461 Ac,
373 387 427 450 si
472 386 750 462 privatae
779 388 1053 450 utilitatis
1086 397 1147 449 et
1177 389 1486 452 commodi
1516 391 1801 451 habenda
1829 392 1984 451 ratio
2018 401 2142 468 est,
2172 396 2301 454 nul-

213 475 336 532 lam
368 471 546 531 aliam
581 479 874 547 expetere
906 480 1012 533 aut
1046 481 1261 549 optare
1300 474 1397 532 vir
1426 473 1678 549 sapiens
1724 482 1786 534 et
1816 474 2090 537 eruditus
2129 494 2299 551 prae-

212 564 309 616 ter
349 556 507 615 hanc
550 572 730 616 unam
774 556 977 616 debet.
1067 556 1211 617 200.
1265 558 1517 633 Templa
1559 574 1705 618 vero
1757 558 2001 632 publice
2049 569 2193 621 vota
2243 569 2303 622 et

213 640 509 700 dedicata
539 647 830 716 quantum
858 639 917 699 in
947 641 1171 714 vulgus
1205 639 1544 716 dignitatis,
1578 649 1866 718 quantum
1911 643 2139 704 habent
2167 646 2300 719 glo-

210 722 391 787 riael.
422 740 607 798 quum
636 739 886 797 omnes,
930 724 1034 798 qui
1066 724 1223 785 deos
1262 723 1431 799 illoS,
1463 726 1683 801 quibus
1714 728 1943 801 templa
1977 737 2297 798 voventur,

213 807 463 883 publice
499 808 736 880 colunt,
776 805 954 868 fateri
983 816 1281 883 cogantur
1309 816 1370 869 et
1394 807 1592 870 fuisse
1619 810 1904 871 homines
1934 817 1995 870 et
2031 813 2110 871 ad
2141 812 2298 880 deos

211 890 586 967 divinosque
609 891 881 951 honores
907 909 1027 952 una
1052 891 1273 954 virtute
1299 895 1491 954 l'retos
1516 891 1895 953 ascendisse.
1985 894 2129 954 201.
2173 898 2297 954 Nec

213 974 559 1039 mirandum
598 982 697 1036 ost
741 976 894 1036 deos
931 976 1071 1037 illos
1114 976 1362 1052 publice
1405 978 1525 1038 coli
1570 992 1907 1051 eorumque
1947 977 2207 1038 delubra
2239 985 2300 1037 et

209 1055 447 1135 templa
491 1066 752 1133 auguste
800 1067 1136 1135 sancteque
1181 1060 1500 1134 exornari,
1548 1059 1654 1136 qui
1703 1060 1806 1120 vel
1855 1061 2130 1136 patribus
2175 1062 2297 1120 nati

212 1150 358 1205 sunt
389 1141 488 1204 dis
529 1144 628 1203 vel
658 1141 973 1205 matribus.
1035 1146 1184 1204 Nam
1217 1160 1400 1220 quem
1435 1146 1515 1204 ad
1550 1144 1800 1210 modum
1846 1160 2059 1205 eorum
2093 1145 2296 1204 cultus

212 1235 278 1287 et
306 1234 560 1287 sanctus
601 1234 664 1287 et
690 1226 1020 1302 religiosus
1058 1234 1156 1288 est
1189 1227 1580 1304 maximeque
1626 1228 1835 1303 pietati
1866 1235 2054 1302 atque
2087 1229 2295 1303 aequi·

210 1312 322 1372 tati
350 1318 808 1372 consentaneus
826 1358 839 1383 ‚
868 1312 961 1371 sic
991 1310 1411 1374 admirationis
1441 1309 1977 1372 aut.dubitationis
2012 1311 2159 1371 nihil
2190 1311 2296 1370 ha-

209 1397 335 1455 bet.
395 1396 586 1456 Totus
618 1393 776 1454 enim
807 1410 886 1454 ex
917 1401 1131 1456 natura
1164 1395 1390 1469 oritur,
1420 1403 1489 1455 ut
1517 1394 1648 1455 iure
1690 1394 1831 1468 ipso
1868 1401 2151 1468 naturae,
2192 1391 2294 1470 qui

210 1480 332 1540 deo
357 1487 529 1540 satus
557 1479 653 1538 vel
678 1480 797 1542 dea
825 1479 1024 1541 editus
1048 1488 1532 1555 procreatusque
1557 1480 1665 1552 sit,
1691 1479 1845 1539 deus
1873 1494 2014 1539 esse
2038 1479 2293 1539 debeat:

207 1571 276 1623 at
311 1578 461 1623 vero
481 1609 496 1634 ,
529 1562 633 1637 qui
662 1562 912 1623 homine
939 1570 1115 1637 patre
1145 1565 1244 1623 vel
1275 1563 1515 1625 mortali
1542 1571 1736 1624 matre
1766 1571 1944 1623 natus
1975 1572 2101 1632 est,
2136 1562 2295 1620 hunc

209 1662 360 1707 esse
405 1646 587 1710 deum
628 1652 689 1705 et
728 1662 1010 1721 mag-num
1053 1645 1345 1721 quiddam
1387 1646 1585 1707 videri
1623 1652 1832 1721 potest
1872 1652 1935 1706 et
1976 1643 2295 1707 dubitandi

210 1729 608 1793 occasionem
641 1745 755 1789 nec
780 1730 1051 1791 sortasse
1077 1729 1347 1805 ineptam
1379 1730 1583 1791 multis
1603 1731 1849 1800 adferre
1879 1732 2060 1794 solet.
2147 1728 2290 1789 202.

206 1816 342 1884 Non
375 1814 533 1874 enim
553 1859 568 1885 ,
599 1812 656 1873 si
685 1814 942 1875 eximius
966 1814 1173 1875 talium
1205 1815 1476 1876 virorum
1513 1812 1730 1875 virtuti·
1752 1813 2049 1875 tribuatur
2069 1813 2291 1883 honOS‚

213 1899 362 1974 quin
408 1896 470 1957 id
509 1898 641 1958 iure
672 1899 782 1958 fiat
811 1905 917 1960 aut
945 1898 1223 1960 dubitare
1265 1906 1373 1960 aut
1408 1914 1635 1973 negare
1685 1896 2011 1971 quisquam
2063 1902 2290 1972 potest,

208 1982 357 2056 sed,
396 1982 563 2057 quod
604 1988 832 2042 tantam
873 1981 1114 2042 virtutis
1157 1998 1305 2043 esse
1349 1980 1471 2043 vim
1503 1979 1798 2054 velimus,
1838 1987 1907 2040 ut
1941 1981 2041 2038 vel
2074 1985 2292 2038 natura

148 2103 159 2109 ἡ
209 2082 348 2142 ipsa
380 2065 515 2126 eius
553 2065 733 2125 unius
757 2081 886 2162 ope
915 2062 1293 2139 immutetur,
1325 2065 1447 2125 hoc
1488 2065 1637 2124 illud
1667 2069 1794 2135 est,
1828 2064 1905 2123 de
1947 2080 2070 2137 quo
2104 2078 2290 2138 quae-

209 2164 350 2209 rere
369 2128 683 2209 doctiores
712 2148 825 2208 viri
856 2165 981 2208 non
1011 2147 1313 2210 immerito
1339 2150 1599 2212 soleant.
1658 2145 1891 2221 Quibus
1921 2145 2003 2206 ita
2033 2163 2290 2221 respon-

207 2250 348 2294 sum
389 2240 518 2305 est,
560 2248 681 2292 non
734 2233 1034 2303 immutari
1086 2231 1309 2294 virtute
1360 2240 1668 2293 naturam:
1721 2247 1839 2292 nec
1869 2230 2026 2290 enim
2060 2231 2124 2288 id
2157 2229 2291 2288 sine

211 2318 436 2394 prioris
492 2322 745 2376 naturae
789 2315 1185 2390 corruptione
1236 2333 1430 2391 posse
1474 2314 1754 2386 evenire,
1809 2315 1923 2374 sed
1970 2315 2184 2375 eadem
2228 2312 2288 2370 in

208 2400 329 2461 illis
376 2407 659 2459 manente
699 2406 914 2459 natura
953 2402 1203 2461 evolare
1256 2400 1522 2461 animum
1562 2400 1643 2463 ad
1687 2399 1845 2459 deos
1889 2407 1949 2459 et
1982 2396 2042 2458 in
2076 2413 2290 2458 eorum

211 2481 445 2546 ascribi
485 2480 839 2555 concilium,
882 2501 1068 2558 quum
1103 2482 1461 2545 immortalis
1498 2482 1579 2544 sit
1612 2490 1674 2542 et
1704 2481 2174 2543 immortalitatis
2205 2478 2290 2538 di-

210 2566 394 2628 vinae
420 2564 759 2643 particeps,
786 2582 1016 2642 eorpus
1045 2574 1250 2628 autem
1275 2573 1494 2643 suapte
1516 2573 1736 2626 natura
1762 2566 2020 2626 mortale
2043 2578 2292 2625 manere

209 2651 272 2712 in
313 2658 509 2722 terra,
560 2651 853 2725 quodque
893 2657 1206 2717 terrenum
1243 2658 1367 2723 est,
1399 2651 1567 2711 nullo
1612 2656 1793 2724 pacto
1840 2665 2011 2709 suam
2059 2663 2290 2707 exuere

212 2749 406 2811 posse
427 2740 702 2797 naturam
719 2780 733 2806 ,
760 2741 827 2793 ut
848 2732 1108 2794 alienam
1129 2734 1360 2797 induat.
1449 2731 1593 2792 203.
1632 2733 1923 2806 Quamvis
1950 2731 2107 2793 enim
2132 2730 2287 2790 haec

209 2818 348 2894 ipsa
380 2817 660 2892 quaestio
688 2817 1077 2892 perobscura
1099 2817 1298 2879 videri
1325 2819 1526 2878 soleat
1558 2830 1674 2875 nec
1704 2814 1949 2876 omnino
1979 2814 2289 2889 proclives

209 2910 316 2963 aut
343 2901 554 2962 faciles
585 2901 806 2963 habeat
834 2899 1213 2976 explicatus,
1242 2909 1474 2971 tamen,
1510 2898 1625 2979 nisi
1654 2898 2119 2959 auctoritatibus
2146 2913 2289 2958 con-

209 2993 308 3045 tra
327 2984 626 3045 rationem
656 2994 992 3061 pugnetur,
1026 2984 1596 3055 nonincommode‚
1628 2982 1883 3057 opinor,
1912 2998 1947 3041 a
1970 2982 2151 3043 nobis
2184 2997 2289 3040 ex-

208 3068 416 3146 posita
446 3069 685 3129 censeri
711 3074 942 3144 potest.
995 3071 1074 3129 Et
1103 3070 1421 3143 quoniam,
1460 3083 1620 3141 quae
1641 3066 1700 3125 in
1725 3065 1847 3126 hoc
1866 3081 2093 3140 genere
2114 3080 2287 3140 prae·

210 3153 394 3227 cipua
436 3153 808 3227 cognitaque
840 3151 1027 3228 digna
1067 3160 1240 3224 sunt,
1282 3151 1710 3228 persequimur
1747 3147 1953 3210 omnia
1993 3183 2068 3193 --
2116 3149 2289 3209 volu-

209 3253 348 3298 mus
383 3233 633 3311 quidem
663 3244 829 3297 certe
866 3270 939 3281 —
960 3282 978 3311 ,
1008 3236 1523 3311 praetereundum
1557 3251 1680 3295 non
1712 3241 1809 3295 est
1831 3233 2048 3307 quales
2080 3249 2289 3307 quam-

211 3336 336 3396 que
380 3319 603 3381 multae
644 3318 897 3381 virtutes
937 3318 1418 3383 erudiendorum
1457 3315 1770 3379 hominum
1808 3314 2002 3391 gratia
2031 3316 2152 3375 sint
2178 3315 2290 3374 ho-

208 3419 366 3469 nore
407 3403 663 3464 deorum
706 3401 1135 3465 immortalium
1173 3410 1590 3465 consecratae.
1669 3400 1852 3462 Cuius
1883 3400 1970 3460 rei
2016 3398 2156 3458 finis
2191 3404 2289 3458 est

2147 3610 2182 3623 Ᾰ
