2381 3723
128 139 257 203 306
933 140 1414 203 FRAGMENTA

135 292 568 366 conciliumque
596 294 785 354 virum
816 296 1067 371 complet
1078 296 1451 371 pelaousque
1473 297 1844 371 profundum

130 376 210 436 Εἰ
234 377 443 451 pelaqi
461 386 692 453 portus.
762 380 1051 438 Fruimur
1078 380 1218 440 Iove
1243 388 1301 440 et
1328 384 1549 440 utimur
1578 397 1806 441 omnes.-

131 460 249 522 Nos
270 475 460 536 oenus
487 465 678 522 illius:
719 463 885 522 nobis
911 466 1013 524 ille
1041 466 1234 524 omine
1260 466 1415 525 laeto

130 547 398 606 Dextera
424 549 780 621 praesiqnat
802 550 1203 622 populumque
1233 548 1529 608 laboribus
1557 556 1785 622 urauet,
1819 571 1852 584 r

136 630 415 691 Consulat
441 636 509 689 ut
533 632 721 690 vitae.-
761 632 1003 704 quando
1033 634 1111 691 sit
1136 636 1303 691 terra
1330 634 1517 705 liqoni

132 713 342 788 Aptior
368 719 476 772 aut
501 713 686 773 bubus
713 722 907 774 monet
938 715 1136 790 eiquo
1164 722 1424 790 tempore
1443 732 1571 791 par
1600 718 1676 775 sit

132 797 251 857 Aut
273 813 474 857 serere
501 804 607 857 aut
631 803 869 873 saeptas
900 799 1153 874 lymphis
1182 815 1504 874 asperqere
1525 803 1790 875 plantas.

130 883 271 956 Ipse
298 883 474 941 etiam
503 883 565 940 in
593 897 809 955 macno
837 882 1049 955 defixit
1069 883 1273 942 sidera
1299 884 1536 943 mundo

135 965 357 1026 Ordine
384 981 652 1040 quaeque
678 981 784 1025 suo
811 972 987 1041 atque
1015 968 1077 1025 in
1109 973 1287 1025 totum
1311 968 1599 1041 providus
1623 983 1845 1027 annum

134 1049 313 1109 Astra
343 1050 533 1122 dedit,
577 1065 732 1124 quae
754 1065 860 1110 nos
889 1056 1190 1123 moneant,
1231 1067 1352 1125 qua
1380 1052 1675 1125 quaelibet
1698 1052 1849 1112 bora

133 1134 291 1208 Apta
315 1137 455 1207 aeri
465 1179 480 1206 ‚
527 1140 694 1194 certa
722 1141 1052 1194 nascantur
1079 1140 1145 1194 ut
1167 1137 1365 1194 omnia
1393 1136 1541 1208 leae.

129 1218 300 1278 Idem
327 1233 470 1291 erqo
486 1220 725 1293 primus
745 1220 1032 1291 placatur
1057 1227 1115 1277 et
1139 1219 1376 1278 ultimus
1403 1219 1577 1278 idem.

131 1302 355 1376 Mayne
370 1310 584 1377 pater,
627 1317 908 1376 maqnum
936 1302 1281 1361 mortalibus
1306 1304 1743 1375 incrementum,

130 1385 450 1461 Proqenies
467 1387 649 1460 prior
678 1392 737 1445 et
762 1387 967 1446 dulces
995 1393 1132 1446 ante
1159 1388 1359 1446 omnia
1395 1385 1623 1458 Musae,

136 1470 342 1530 Cuncti
366 1485 490 1529 una
518 1471 736 1529 salvete
760 1470 908 1528 milu’
931 1476 1017 1543 et,
1061 1470 1202 1529 dum
1231 1470 1434 1529 sidera
1467 1476 1656 1543 canto,

130 1553 200 1614 Si
224 1555 316 1612 ius
342 1552 564 1626 fasque
591 1555 823 1624 sinunt,
861 1556 1099 1625 lonoum
1127 1552 1400 1613 deducite
1426 1570 1686 1613 carmen.
1767 1553 1792 1575 ’

259 1636 513 1695 Caetera
542 1634 827 1695 labuntur
857 1635 1044 1695 celeri
1075 1635 1365 1696 caelestia
1393 1646 1561 1698 motu

134 1721 280 1780 Cum
311 1719 611 1793 caeloque
641 1718 822 1779 simul
858 1726 1203 1793 noctesque
1233 1718 1490 1794 diesque
1522 1721 1813 1794 seruntur,

131 1805 283 1866 Axis
310 1809 376 1864 at
403 1805 670 1865 immotus
700 1818 1018 1879 numquam
1049 1806 1295 1879 vestiqia
1326 1810 1527 1878 mutat,

131 1890 255 1950 Sed
278 1895 432 1950 tenet
457 1891 700 1965 aequali
722 1889 970 1949 libratas
988 1888 1261 1963 pondere
1288 1898 1499 1961 terras,

133 1974 313 2045 Quem
340 1976 566 2035 circum
593 1988 811 2047 mayno
837 1990 902 2033 se
930 1975 1103 2033 volvit
1126 1974 1357 2033 turbine
1384 1976 1633 2032 caelum.

130 2059 585 2132 Extremusque
617 2058 777 2117 adeo
811 2056 1038 2132 duplici
1069 2057 1147 2116 de
1179 2054 1430 2115 cardine
1453 2062 1669 2116 vertex

131 2140 361 2201 Dicitur
390 2157 534 2200 esse
563 2142 748 2201 Polus
768 2187 782 2212 ,
825 2157 1072 2214 quorum
1100 2142 1200 2200 bic
1227 2138 1343 2199 non
1372 2142 1661 2213 cernitur,
1698 2142 1798 2200 ille

130 2224 228 2284 Ad
253 2224 515 2285 Boream
560 2224 782 2284 Oceani
806 2240 1025 2298 supera
1052 2227 1311 2296 confinia
1341 2224 1554 2283 tendit.-

132 2309 312 2378 Quem
339 2308 587 2381 cingunt
621 2306 754 2367 Urs
768 2322 853 2366 ae
879 2308 1135 2368 celebres
1162 2309 1503 2381 coynomine
1530 2307 1889 2378 Plaustri,

131 2391 297 2463 Quas
329 2389 524 2450 nostri
555 2396 792 2465 septem
825 2389 987 2449 soliti
1019 2390 1292 2451 vocitare
1325 2389 1601 2452 Triones,

129 2477 387 2534 Alterius
419 2484 602 2550 caput
629 2476 874 2534 alterius
895 2476 1272 2548 flammantia
1299 2480 1468 2548 terqa

129 2561 357 2634 Aspicit
385 2561 563 2633 inque
589 2560 771 2619 vicem
793 2574 1023 2634 pronas
1049 2561 1218 2633 rapit
1245 2559 1402 2617 orbis
1428 2560 1491 2619 in
1518 2560 1674 2632 ipsos

135 2644 456 2704 Conversas
486 2644 777 2703 humeros.
873 2642 1071 2715 oreta,
1111 2645 1168 2702 si
1192 2642 1440 2702 credere
1463 2641 1573 2714 fas
1601 2649 1701 2715 est,

130 2727 228 2786 Ad
253 2731 411 2788 caeli
439 2729 653 2788 nitidos
681 2744 830 2787 axes
857 2742 1068 2786 venere
1092 2727 1302 2786 relicta
1320 2746 1339 2783 .-

127 2812 401 2885 Iuppiter
427 2812 538 2871 hoc
563 2814 767 2884 voluit,
813 2826 982 2885 quem
1012 2809 1119 2868 sub
1152 2809 1296 2869 bene
1322 2809 1604 2868 olentibus
1635 2808 1832 2869 herbis

125 2895 451 2955 Ludentem
475 2895 636 2955 Dicti
652 2901 832 2969 orato
855 2909 1107 2969 posuere
1133 2893 1242 2953 sub
1269 2898 1443 2953 antro

126 2979 380 3039 Idaeum
408 2979 496 3037 ad
519 2985 765 3039 montem
799 2984 1091 3051 totumque
1125 2978 1332 3035 aluere
1365 2993 1477 3051 per
1504 2991 1747 3048 annum,

128 3064 455 3124 Saturnum
478 3062 711 3135 fallunt
736 3063 876 3121 dum
903 3062 1140 3122 Dictaei
1169 3060 1540 3135 Corybantes.

127 3147 219 3204 Ex
252 3145 346 3206 his
380 3147 571 3205 altera
601 3145 767 3220 apud
799 3144 1015 3204 Graios
1051 3144 1204 3221 Cyn
1222 3159 1258 3202 o
1275 3160 1361 3203 su
1378 3160 1459 3202 ra
1491 3149 1763 3212 vocatur,

126 3229 341 3287 Altera
369 3228 588 3289 dicitur
618 3244 761 3289 esse
788 3227 1082 3296 Helice,
1129 3244 1283 3303 quae
1310 3234 1594 3286 monstrat
1622 3227 1858 3288 Achivis

124 3309 205 3366 In
230 3314 472 3382 pelayo,
517 3316 687 3372 navis
714 3326 828 3386 quo
860 3316 937 3371 sit
961 3314 1245 3372 vertenda
1261 3359 1274 3383 ,
1318 3312 1562 3371 libenter

125 3388 259 3447 Hac
292 3390 488 3451 fidunt
525 3394 682 3454 duce
712 3401 1012 3454 nocturna
1038 3394 1378 3456 Phoenices
1409 3394 1467 3454 in
1501 3397 1645 3455 alto.

2115 159 2221 214 116
2294 155 2301 160 ’

2142 895 2213 947 10

2140 1314 2210 1365 12)
