2381 3723
191 127 323 190 314
990 126 1472 187 FRAGMENTA
2177 138 2276 192 ni

323 279 402 338 At
423 286 671 351 nautae,
707 278 940 352 fzdicae
967 279 1186 336 similes
1220 293 1533 352 meryoque
1565 281 1813 350 natanti,

198 364 405 424 Anxia
424 380 543 438 per
570 368 746 422 totum
772 364 1059 421 iactantes
1083 363 1310 420 lumina
1334 369 1592 436 pontum,

190 447 606 521 Nequidquam
632 462 923 520 nusquam
951 448 1233 521 parentia
1259 448 1460 504 littora
1485 454 1796 520 quaerunt,

188 531 347 590 Dum
373 532 561 590 terzuis
597 532 772 603 myro
803 530 1007 589 tabula
1033 529 1137 588 hos
1165 529 1475 602 daestinyuit
1496 530 1574 588 ab
1603 530 1772 589 Orco.

191 616 401 688 Atque
427 610 609 672 etiam
638 627 868 686 supero
904 611 1046 671 navi
1087 612 1432 686 pelagoque
1463 622 1678 672 vacato
2165 626 2275 679 310

190 697 435 768 Mense,
484 694 1066 770 Sagittipotens
1098 693 1262 755 Solis
1295 712 1481 769 quum
1512 695 1775 757 sustinet
1806 698 2018 758 orbem

185 780 340 839 Nam
369 778 484 837 iam
515 788 638 839 tum
668 777 845 838 nimis
874 778 1099 853 exiguo
1126 779 1229 837 lux
1266 785 1545 854 tempore
1579 787 1825 854 praesto
1856 790 1968 854 est,

190 862 325 922 Hoc
356 861 596 936 signum
631 862 884 923 veniens
920 868 1209 936 poterunt
1237 878 1650 936 praenoscere
1678 872 1930 924 nautae:
2163 877 2268 928 315

190 948 315 1006 Iam
349 961 546 1021 prope
578 944 1017 1022 praecipitante
1045 945 1254 1006 licebit
1281 945 1481 1005 visere
1513 956 1713 1020 nocte,
2147 957 2262 1021 (76)

187 1030 270 1090 Ut
297 1045 442 1090 sese
466 1045 788 1105 emergens
819 1029 1107 1091 ostendat
1135 1029 1432 1105 Scorpios
1457 1032 1602 1103 alto,

189 1111 541 1174 Posteriore
573 1114 820 1174 trahens
855 1114 1101 1187 plexum
1131 1112 1194 1172 vi
1225 1113 1505 1188 corporis
1535 1129 1777 1176 arcum:

185 1197 313 1257 Sed
321 1197 508 1275 ,Nepa
534 1213 652 1257 non
680 1200 921 1258 multum
946 1200 1146 1272 prior,
1188 1204 1254 1258 at
1275 1200 1447 1272 prior
1473 1203 1600 1258 exit
1628 1202 1705 1259 ab
1732 1202 1924 1260 undis.

189 1281 311 1339 lam
343 1296 568 1356 supera
599 1296 819 1341 cernes
849 1280 1020 1341 Arcti
1054 1287 1242 1356 caput
1271 1296 1416 1341 esse
1448 1281 1719 1355 minoriS,
2155 1293 2263 1346 32⁰

188 1363 266 1423 Et
293 1362 487 1439 magis
514 1372 790 1425 erectum
826 1364 907 1424 ad
942 1381 1246 1424 summum
1280 1365 1585 1426 versarier
1616 1368 1847 1427 orbem.
2142 1373 2259 1437 (80)

180 1448 339 1506 Tum
372 1463 516 1507 sese
549 1445 733 1508 Orion
765 1455 895 1508 toto
925 1447 1046 1507 iam
1082 1464 1347 1523 corpore
1383 1448 1594 1509 condit

188 1531 474 1591 Extrema
508 1547 706 1607 prope
736 1537 918 1592 nocte
948 1539 1011 1591 et
1047 1530 1329 1607 Cepheus
1360 1531 1646 1593 conditur
1674 1540 1817 1593 ante

185 1614 561 1674 Lumborum
593 1620 774 1675 tenus
805 1630 843 1673 a
869 1615 1070 1689 palma
1100 1614 1399 1688 depulsus
1429 1616 1507 1676 ad
1542 1616 1808 1677 umbras,

258 1726 262 1730 ·
312 1695 452 1770 Hic,
495 1697 755 1758 missore
791 1713 1053 1770 vacam,
1099 1699 1342 1772 fulgens
1373 1697 1532 1759 iacet
1558 1702 1680 1759 una
1709 1697 2030 1775 Sagitta,
2153 1710 2260 1763 325

182 1781 380 1854 Quam
416 1788 672 1857 propter
700 1780 901 1841 nitens
941 1780 1142 1857 pinnis
1172 1781 1560 1842 convolvitur
1590 1785 1771 1843 Ales:
1911 1792 1918 1795 “
2138 1789 2256 1856 (85)

185 1865 352 1925 Haec
383 1865 603 1926 clinata
636 1864 828 1941 magis
866 1867 1069 1941 paullo
1104 1875 1201 1927 est
1223 1866 1548 1941 Aquilonis
1580 1868 1656 1927 ad
1691 1883 1892 1928 auras.

197 1951 270 2009 At
297 1956 552 2025 propter
584 1965 655 2009 se
685 1952 739 2009 A
760 1948 972 2024 quila
999 1950 1236 2009 ardenti
1271 1967 1409 2011 cum
1441 1966 1704 2026 corpore
1733 1957 1937 2026 portat

180 2031 509 2105 igniferum
542 2034 817 2094 mulcens
847 2033 1266 2094 tremebundis
1298 2035 1546 2095 aethera
1580 2034 1799 2110 pinniS‚

179 2114 317 2176 Non
356 2114 532 2176 nimis
560 2116 787 2192 ingenti
819 2134 958 2178 cum
990 2133 1278 2193 corpore,
1327 2117 1438 2179 sed
1469 2134 1658 2193 grave
1687 2116 1944 2179 maestis·
2152 2126 2259 2181 330

184 2198 466 2259 Ostendit
496 2198 696 2259 nautis
730 2201 1098 2275 perturbans
1128 2217 1402 2276 aequora
1441 2202 1703 2277 signum.
2137 2206 2254 2273 (90)

305 2280 456 2342 Tum
486 2280 687 2355 magni
727 2298 952 2344 curvus
990 2284 1343 2360 Capricorni
1374 2300 1634 2361 corpora
1668 2292 1919 2361 propter

180 2363 601 2439 Delphinus
635 2364 822 2438 iacet,
870 2366 1034 2426 haud
1067 2367 1251 2429 nimio
1282 2370 1556 2430 lustratu’
1590 2368 1805 2441 nitore,

183 2447 426 2507 Praeter
458 2447 889 2522 quadruplices
921 2452 1129 2511 stellas
1163 2451 1223 2512 in
1257 2454 1456 2513 fronte
1484 2454 1737 2526 locataS,

174 2529 349 2602 Quas
377 2528 762 2591 intervallum
793 2531 969 2594 binas
1002 2534 1385 2596 disterminat
1415 2553 1624 2595 unum.
2149 2540 2254 2596 335

181 2614 436 2673 Caetera
464 2630 610 2689 pars
644 2615 765 2676 late
795 2618 962 2677 tenui
998 2634 1134 2679 cum
1174 2618 1399 2678 lumine
1434 2617 1641 2694 serpit.
2134 2621 2250 2688 (95)

180 2697 352 2771 Illae,
399 2714 558 2772 quae
592 2700 823 2775 fulgent
858 2701 1026 2761 luces
1058 2717 1138 2761 ex
1170 2716 1277 2760 ore
1310 2717 1592 2774 corusc0,

179 2779 337 2839 Sunt
365 2780 520 2841 inter
551 2789 758 2858 partes
791 2783 1027 2859 gelidas
1058 2783 1368 2858 Aquiloni’
1400 2786 1651 2857 locatae,

175 2862 384 2936 Atque
416 2864 575 2924 inter
608 2865 875 2940 spatium
899 2874 963 2927 et
992 2866 1132 2927 laeti
1171 2867 1428 2942 vestigia
1457 2868 1637 2930 Solis.

173 2945 260 3004 At
291 2961 433 3019 pars
463 2946 715 3009 inferior
748 2949 1028 3026 Delphini
1063 2952 1201 3011 susa
1230 2950 1470 3013 videtur
2149 2961 2253 3014 340

175 3026 338 3087 Inter
368 3026 531 3090 Solis
561 3030 706 3104 iter,
755 3032 936 3094 simul
963 3032 1121 3093 inter
1151 3034 1397 3095 flamina
1428 3034 1613 3107 venti,
2093 3039 2246 3106 (100)

172 3107 423 3171 Viribus
453 3114 717 3190 erumpit
754 3132 878 3191 qua
905 3117 1127 3178 summi
1157 3117 1408 3193 spiritus
1440 3116 1670 3178 Austri.

299 3194 535 3271 Exinde
570 3197 833 3272 Orion,
885 3199 1135 3275 obliquo
1169 3216 1433 3276 corpore
1463 3200 1684 3271 nitenS,

174 3268 469 3335 Inferiore
497 3285 665 3340 tenet
703 3283 1028 3344 truculenti
1061 3301 1325 3359 corpora
1354 3283 1565 3344 Tauri:

172 3348 366 3420 Quem
402 3358 506 3429 qui
534 3363 880 3438 suspiciens
915 3364 973 3425 in
1008 3370 1241 3429 caelum
1281 3374 1464 3428 nocte
1494 3382 1717 3428 serena
2142 3372 2248 3427 345
