2381 3723
645 115 891 182 L1B.11.
938 115 1103 176 cAP.
1144 127 1397 180 14—16.
1443 127 1496 187 s.
1531 131 1688 180 51-—
1705 129 1789 181 56.
2172 85 2250 205 6⁸7

176 282 390 338 suum,
442 270 551 325 sed
591 266 926 328 ministrum
965 276 1028 328 et
1067 268 1476 343 praebitorem
1521 280 1776 347 sperent
1807 272 2013 332 foret„
2086 272 2254 337 Bene

177 348 555 411 ‘ministrum
581 356 642 410 et
662 349 1133 427 praebitorem’,
1168 369 1292 427 quo
1320 353 1465 428 quid
1491 352 1806 415 sordidius
1827 356 1996 433 regi?
2037 356 2254 418 melius

173 433 386 506 etiam,
428 434 596 508 quod
629 432 1046 510 ‘largitionem
1081 440 1526 512 corruptelam’
1559 437 1709 498 dixit
1736 455 1897 498 csse.
1972 438 2064 500 Fit
2095 439 2255 501 enim

173 516 448 578 deterior
490 515 596 591 qui
633 516 855 594 accipit
907 525 1093 595 atque
1135 520 1214 578 ad
1265 520 1426 581 idem
1471 538 1719 598 semper
1768 524 2254 600 exspectandum

170 599 467 677 paratior.
555 601 657 662 54.
701 601 838 662 Hoc
868 601 968 663 ille
999 603 1152 675 filio,
1179 604 1292 664 sed
1322 612 1718 681 praeceptum
1747 612 2035 682 putemus
2063 607 2252 669 omni-

174 688 309 747 bus.
395 683 587 760 Quam
643 685 723 746 ob
774 700 906 747 rem
940 684 1002 747 id
1053 686 1301 764 quidem
1345 705 1468 749 non
1516 687 1767 750 dubium
1817 696 1914 750 est
1965 690 2107 768 quin
2152 689 2253 751 illa

173 767 552 844 benignitas»,
589 783 750 844 quae
786 776 1031 831 constet
1060 788 1136 831 ex
1169 786 1360 847 opera
1386 780 1448 832 et
1470 771 1799 846 industria,
1843 780 1905 833 et
1934 774 2257 836 honestior

171 851 252 915 sit
306 858 371 912 et
401 849 583 913 latius
611 859 820 929 pateat
858 865 918 914 et
959 853 1158 931 possit
1205 855 1507 932 prodesse
1562 855 1868 932 pluribus.
1916 875 2040 919 non
2084 876 2253 920 num-

173 954 363 1034 quam
425 945 626 998 tamen
679 944 777 998 est
825 939 1204 1013 largiendum
1260 955 1374 1000 nec
1426 939 1547 1000 hoc
1605 940 1994 1015 benignitatis
2052 959 2251 1021 genus

171 1020 428 1083 omnino
461 978 948 1097 repudiandum⁶
939 1028 1002 1082 et
1033 1037 1226 1100 saepe
1267 1021 1506 1084 idoneis
1553 1023 1898 1086 hominibus
1935 1024 2253 1102 indigenti·

170 1108 291 1167 bus
327 1104 408 1164 de
448 1121 515 1164 re
548 1103 823 1165 familiari
853 1103 1354 1182 impertiendum,
1400 1106 1513 1167 sed
1546 1105 1870 1183 diligenter
1900 1115 2086 1183 atquc
2126 1124 2254 1170 mo-

172 1191 410 1267 derate.
487 1188 657 1250 Multi
706 1189 866 1249 enirn
912 1188 1279 1265 patrimonia
1331 1189 1686 1251 effuderunt
1737 1188 2084 1253 inconsulte
2140 1194 2253 1252 lar·

171 1273 421 1350 giendo.
502 1271 656 1349 Quid
699 1279 902 1334 autem
941 1282 1039 1338 est
1075 1273 1319 1335 stultius
1351 1289 1535 1351 quam
1575 1274 1745 1351 quod
1774 1272 2035 1335 libenter
2064 1275 2253 1336 facias

173 1373 425 1429 curare,
481 1363 549 1417 ut
586 1355 648 1416 id
687 1355 911 1419 diutius
949 1359 1153 1418 facere
1193 1376 1317 1420 non
1361 1356 1612 1435 possis?
1685 1360 1891 1433 Atque
1935 1358 2113 1419 etiam
2157 1376 2253 1420 se·

174 1447 452 1518 quuntur
511 1439 890 1517 largitionem
946 1439 1220 1517 rapinae.
1310 1442 1504 1518 Quum
1564 1438 1723 1502 enim
1799 1442 2004 1503 dando
2065 1459 2254 1521 egere

176 1531 549 1602 coeperunt,
580 1523 792 1585 alienis
811 1524 994 1586 bonis
1019 1541 1237 1587 manus
1258 1526 1499 1587 adferre
1534 1533 1854 1603 coguntur.
1924 1528 2033 1602 Ita,
2065 1545 2252 1605 quum

175 1607 648 1670 benevolentiae
681 1609 1132 1685 comparandae
1163 1626 1355 1670 causa
1387 1609 1648 1671 benefici
1683 1626 1826 1672 esse
1856 1612 2071 1686 velint,
2126 1629 2253 1672 non

179 1701 347 1753 tanta
394 1692 600 1753 studia
641 1693 1065 1769 adsequuntur
1108 1710 1352 1769 eorum,
1385 1693 1608 1770 quibus
1648 1694 1979 1767 dederunt,
2025 1709 2255 1774 quanta

178 1775 321 1838 odia
376 1791 622 1857 eorum,
680 1775 900 1854 quibus
947 1778 1327 1838 ademerunt.
1416 1779 1517 1838 55.
1576 1779 1765 1855 Quam
1821 1779 1901 1838 ob
1954 1796 2083 1839 rem
2138 1795 2254 1839 nec

177 1861 260 1922 ita
289 1860 634 1922 claudenda
669 1877 770 1923 res
803 1868 899 1922 est
936 1859 1244 1923 familiaris
1262 1908 1282 1937 ,⁴
1333 1869 1402 1923 ut
1438 1879 1574 1923 eam
1610 1859 1957 1937 benignitas
2011 1863 2253 1940 aperire

177 1962 303 2008 non
334 1944 564 2021 possit,
610 1960 726 2005 nec
754 1944 837 2006 ita
868 1947 1233 2020 reseranda,
1281 1954 1351 2007 ut
1390 1953 1599 2022 pateat
1643 1944 1950 2006 omnibus.
2026 1945 2251 2006 Modus

178 2029 572 2101 adhibeatur,
626 2027 805 2106 isque
846 2030 1146 2090 referatur
1190 2030 1271 2089 ad
1327 2029 1667 2089 facultates.
1737 2026 1994 2089 Omnino
2048 2027 2254 2088 memi-

178 2113 350 2174 nisse
375 2112 673 2174 debemus
697 2112 777 2187 id,
815 2112 982 2189 quod
1005 2128 1042 2172 a
1065 2111 1296 2175 nostris
1321 2111 1672 2174 hominibus
1696 2109 2061 2192 saepissime
2080 2128 2254 2173 usur-

178 2206 391 2274 patum
432 2196 552 2258 iam
600 2195 658 2256 in
713 2195 1026 2275 proverbii
1071 2195 1582 2258 consuetudinem
1622 2195 1790 2257 venit
1833 2195 2250 2273 ‘largitionem

178 2283 437 2342 fundum
491 2295 613 2342 non
672 2277 955 2341 habere.’
1042 2279 1280 2342 Etenim
1330 2280 1465 2357 quis
1529 2288 1741 2361 potest
1803 2281 2024 2342 modus
2090 2296 2253 2350 esse,

180 2382 367 2442 quum
402 2371 463 2426 et
497 2363 660 2425 idem
691 2363 797 2442 qui
823 2361 1202 2426 consuerunt
1240 2370 1302 2425 et
1338 2363 1498 2426 idem
1542 2364 1693 2427 illud
1734 2364 1833 2424 alii
1860 2364 2255 2425 desiderent?

176 2449 336 2510 XVI.
399 2447 655 2510 Omnino
713 2449 837 2510 duo
888 2454 1033 2509 sunt
1079 2447 1310 2526 genera
1361 2450 1666 2523 largorum
1686 2492 1700 2516 ‚
1767 2464 2032 2523 quorum
2082 2444 2254 2508 alteri

180 2532 453 2611 prodigi,
503 2530 672 2593 alteri
713 2530 1026 2593 liberales:
1082 2529 1357 2610 prodigi,
1404 2529 1507 2607 qui
1547 2530 1745 2608 epulis
1796 2538 1857 2591 et
1902 2529 2255 2594 visceratio-

180 2616 359 2678 nibus
402 2623 465 2677 et
505 2615 908 2692 gladiatorum
951 2614 1338 2689 muneribus,
1398 2615 1685 2675 ludorum
1732 2612 2253 2687 venationumque

176 2707 482 2778 apparatu
529 2698 826 2777 pecunias
872 2699 1250 2774 profundunt
1290 2698 1351 2759 in
1384 2715 1491 2760 eas
1535 2713 1669 2771 res,
1726 2712 1980 2774 quarum
2029 2711 2255 2757 memo-

177 2786 329 2846 riam
366 2791 472 2846 aut
510 2784 764 2845 brevem
795 2789 899 2843 aut
923 2783 1151 2851 nullam
1178 2782 1425 2845 omnino
1463 2781 1586 2844 sint
1614 2778 1914 2856 relicturi,
1960 2780 2061 2846 56.
2110 2781 2253 2842 libe·

175 2871 340 2930 rales
380 2874 614 2942 autem,
656 2866 761 2944 qui
796 2865 925 2927 suis
956 2866 1343 2928 facultatibus
1378 2874 1485 2928 aut
1518 2872 1736 2944 captos
1768 2883 1806 2926 a
1833 2865 2251 2942 praedonibus

179 2951 488 3014 redimunt
515 2958 621 3013 aut
653 2967 761 3013 aes
791 2949 1054 3012 alienum
1097 2948 1442 3028 suscipiunt
1478 2949 1813 3011 amicorum
1854 2957 1962 3012 aut
2001 2950 2062 3011 in
2107 2949 2254 3009 filia·

179 3054 316 3098 rum
362 3034 773 3097 collocatione
815 3033 1108 3095 adiuvant
1148 3041 1257 3095 aut
1308 3033 1683 3111 opitulantur
1723 3036 1824 3095 vel
1869 3033 1930 3094 in
1969 3050 2037 3095 re
2072 3048 2257 3108 quae·

181 3120 377 3181 renda
405 3122 507 3181 vel
548 3120 849 3215 augenda.
923 3120 1136 3194 Itaque
1179 3117 1369 3179 miror
1407 3117 1555 3195 quid
1608 3116 1670 3178 in
1716 3125 1982 3182 mentem
2022 3112 2259 3176 venerit

182 3202 658 3281 Theophrasto
641 3220 701 3262 in
734 3220 811 3264 eo
852 3202 1038 3277 libro,
1074 3218 1259 3279 quem
1292 3202 1407 3262 ‘de
1435 3199 1692 3263 divitiis'
1728 3199 2003 3274 scripsit:
2046 3198 2106 3259 in
2136 3214 2257 3273 quo

182 3290 376 3349 multa
416 3288 765 3364 praeclare,
827 3285 976 3348 illud
1019 3285 1309 3347 absurde.
1397 3285 1507 3346 Est
1548 3284 1708 3344 enim
1756 3285 1981 3340 multus
2023 3279 2083 3338 in
2135 3282 2260 3337 lau-

185 3372 393 3432 danda
442 3370 892 3449 magnificentia
942 3377 1004 3431 et
1053 3366 1455 3447 apparatione
1500 3363 1887 3499 populargugn
1940 3371 2257 3418 munerum
