2381 3723
75 90 198 152 172
552 84 884 146 LAEnus
919 84 1019 146 DE
1049 84 1393 146 ΑΜιοιΤιΑ
1433 85 1662 146 musa
1937 59 1952 62 ⁴
2076 103 2144 153 56

204 240 392 299 XXV,
438 238 538 297 91.
581 237 662 297 Ut
701 236 882 311 igitur
919 244 979 296 et
1022 252 1277 297 monere
1318 242 1379 295 et
1418 232 1647 296 moneri
1697 235 2011 313 proprium
2050 243 2149 296 est

81 337 266 384 verae
298 319 680 380 amicitiae‘et
706 321 960 380 alterum
985 318 1173 380 libere
1198 320 1428 392 facere,
1462 335 1586 379 non
1610 333 1858 393 aspere,
1891 326 2148 379 aiterum

81 404 383 483 patienter
415 402 728 478 accipere,
765 419 889 464 non
922 409 1366 479 repugnanter,
1398 403 1489 463 sic
1516 401 1865 462 habendum
1898 409 1993 463 est
2020 404 2151 463 nul·

80 491 203 549 lam
241 487 300 547 in
351 485 626 546 amicitiis
668 493 903 561 pestem
952 502 1093 547 esse
1143 484 1431 546 maiorem
1485 502 1665 561 quam
1720 484 2149 558 adulationem,

80 569 462 642 blanditiam,
506 568 1024 629 adsentationem:
1069 569 1347 645 quamvis
1384 568 1543 629 enim
1572 569 1772 629 multis
1804 568 2149 629 nominibus

82 662 180 716 est
229 655 350 715 hoc
413 652 621 713 vitium
680 654 1014 714 notandum
1074 653 1293 713 levium
1356 652 1665 714 hominum
1732 659 1917 727 atque
1985 653 2149 713 falla-

84 738 275 810 cium,
317 737 395 796 ad
424 738 800 797 voluntatem
831 736 1208 813 loquentium
1244 738 1474 810 omnia,
1520 734 1666 795 nihil
1700 735 1778 794 ad
1810 734 2147 796 veritatem.

82 820 183 882 92.
240 820 436 894 Quum
479 828 682 879 autem
735 819 999 880 omnium
1048 836 1250 880 rerum
1304 818 1605 881 simulatio
1661 817 1878 889 vitiosa
1942 831 2038 879 est
2065 852 2147 863 —-

86 903 237 966 tollit
291 903 450 964 enim
503 902 789 963 iudicium
831 903 960 963 veri
1010 902 1198 977 idque
1246 903 1546 963 adulterat
1572 937 1655 948 —
1682 910 1808 962 tum
1852 900 2147 962 amicitiae

83 997 386 1064 repugnat
427 986 721 1047 maxime:
781 988 944 1047 delet
992 986 1147 1047 enim
1178 986 1525 1060 veritatem,
1579 985 1714 1048 sine
1756 1001 1899 1060 qua,
1926 1001 2144 1046 nomen

83 1069 384 1131 amicitiae
429 1071 637 1130 valere
681 1087 805 1131 non
849 1077 1075 1146 potest.
1153 1070 1303 1129 Nam
1354 1087 1540 1145 quum
1591 1067 1892 1129 amicitiae
1936 1066 2028 1128 vis
2072 1071 2149 1128 sit

80 1153 140 1213 in
174 1171 282 1226 eo,
335 1161 404 1214 ut
447 1171 604 1214 unus
652 1153 826 1229 quasi
869 1152 1107 1214 animus
1150 1153 1256 1212 fiat
1286 1169 1362 1213 ex
1407 1153 1711 1229 pluribus,
1765 1151 1884 1228 qui
1913 1150 1974 1211 id
2018 1151 2148 1212 lieri

84 1238 334 1314 poterit,
368 1237 422 1298 si
452 1254 530 1297 ne
559 1237 616 1297 in
653 1254 774 1298 uno
810 1236 1053 1313 quidem
1085 1252 1336 1312 quoque
1367 1254 1524 1298 unus
1555 1235 1792 1297 animus
1821 1234 1935 1295 erit
1964 1235 2148 1294 idem·

85 1338 207 1396 que
232 1337 510 1396 semper,
543 1321 657 1381 sed
679 1320 917 1394 variuS,
942 1318 1407 1393 commutabilis,
1436 1319 1750 1396 multiplex
1766 1305 1950 1379 il93.
1995 1316 2149 1393 Quid

81 1404 240 1464 enim
273 1410 483 1478 potest
530 1419 672 1464 esse
716 1410 838 1463 tam
871 1401 1165 1475 flexibile,
1225 1409 1345 1463 tam
1393 1403 1634 1464 devium
1685 1418 1865 1477 quam
1911 1401 2147 1462 animus

83 1487 247 1559 eiuS,
294 1486 398 1562 qui
433 1487 511 1545 ad
540 1486 789 1546 alterius
822 1502 942 1546 non
984 1486 1167 1548 modo
1198 1502 1450 1548 sensum
1482 1504 1554 1547 ac
1586 1488 1992 1557 voluntatem,
2036 1485 2147 1545 sed

84 1569 263 1629 etiam
295 1570 528 1629 vultum
559 1577 743 1644 atque
779 1576 991 1630 nutum
1024 1569 1435 1631 convertitur?

250 1693 442 1767 Neyat
479 1696 637 1768 quis,
693 1711 842 1769 neyo
858 1716 877 1753 .·
933 1698 1043 1769 ait,
1087 1698 1183 1756 aio
1197 1717 1217 1755 .·
1266 1704 1558 1771 postremo
1600 1698 1889 1769 imperat-2·
1931 1704 2148 1769 eaomet

1597 1780 1743 1838 mihi

255 1863 462 1923 Omnia
492 1863 828 1934 adsentari,

81 1995 149 2046 ut
176 1986 260 2047 ait
287 1987 447 2048 idem
476 1986 822 2061 Terentius,
875 1989 989 2049 sed
1028 1986 1128 2048 ille
1156 1986 1219 2048 in
1250 1986 1587 2049 Gnathonis
1629 2000 1930 2063 persona,
1980 1984 2145 2059 quod

82 2069 257 2131 amici
286 2086 483 2146 genus
515 2072 806 2132 adhibere
831 2070 1078 2133 omnino
1108 2070 1371 2132 levitatis
1402 2079 1515 2132 est.
1603 2069 1705 2130 94.
1746 2068 1918 2129 Multi
1947 2066 2148 2128 'autem

83 2153 465 2214 Gnathonum
508 2153 736 2215 similes
765 2171 951 2230 quum
985 2153 1106 2215 sint
1133 2156 1307 2227 loco,
1351 2156 1623 2227 fortuna,
1673 2154 1833 2213 fama
1875 2150 2149 2228 superio·

83 2252 214 2309 res,
269 2236 486 2297 horum
512 2244 610 2298 est
638 2237 980 2299 adsentatio
1018 2240 1305 2312 molesta,
1358 2253 1542 2312 quum
1582 2237 1660 2297 ad
1688 2235 2015 2297 vanitatem
2049 2249 2147 2294 ac-

83 2319 273 2379 cessit
303 2318 656 2380 auctoritas.
745 2320 847 2381 95.
890 2321 1143 2382 Secerni
1172 2328 1373 2381 autem
1396 2322 1657 2381 blandus
1680 2319 1916 2380 amicus
1939 2335 1974 2377 a
1996 2334 2147 2378 vero

82 2408 143 2460 et
183 2400 518 2463 internosci
551 2409 672 2464 tam
713 2410 922 2480 potest
967 2404 1232 2464 adhibita
1262 2403 1568 2480 diligentia
1604 2420 1784 2479 quam
1831 2400 2035 2463 omnia
2065 2403 2150 2462 fu·

84 2491 220 2543 cata
263 2493 325 2544 et
369 2484 650 2546 simulata
696 2503 734 2546 a
773 2485 1030 2549 sinceris
1066 2495 1251 2563 atque
1292 2489 1474 2550 veris.
1550 2486 1801 2559 Contio,
1866 2500 2025 2560 quae
2072 2500 2152 2544 ex

81 2566 550 2653 imperitissimis
576 2578 834 2644 constat,
867 2580 1063 2632 tamen
1089 2571 1361 2632 iudicare
1382 2573 1545 2633 solet
1567 2570 1714 2647 quid
1735 2569 1974 2631 intersit
1995 2567 2153 2628 inter

83 2654 474 2730 popularem,
525 2653 588 2715 id
618 2662 742 2729 est,
797 2657 1253 2715 adsentatorem
1278 2663 1340 2715 et
1380 2657 1577 2716 levem
1622 2654 1849 2724 civem,
1906 2654 1976 2713 et'
1997 2651 2153 2711 inter

83 2734 493 2811 constanterri,
530 2738 594 2799 id
630 2747 755 2812 est,
800 2756 1089 2800 severum
1124 2745 1186 2798 et
1215 2754 1484 2814 gravem.
1573 2737 1673 2798 96.
1722 2737 1953 2812 Quibus
1983 2736 2150 2794 blan-

83 2820 244 2880 ditiis
280 2822 342 2880 C.
374 2822 652 2897 Papirius
693 2839 889 2900 nuper
930 2820 1223 2882 influebat
1252 2822 1311 2881 in
1354 2838 1536 2883 aures
1572 2820 1911 2892 contioniS,
1963 2833 2148 2895 quum

83 2904 269 2962 ferret
299 2906 491 2979 legem
519 2906 597 2966 de
626 2906 880 2967 tribunis
913 2905 1110 2982 plebis
1133 2905 1511 2967 reficiendis!
1557 2903 1976 2966 Dissuasimus
1999 2917 2149 2962 nos:

82 2987 197 3046 sed
229 2987 371 3047 nihil
413 2989 490 3047 de
536 3005 661 3059 me,
721 2991 797 3050 de
829 2988 1120 3065 Scipione
1156 2988 1351 3049 dicam
1391 2987 1692 3049 libentius.
1767 2989 2005 3063 Quanta
2046 2981 2150 3055 illi,

81 3070 142 3129 di
168 3069 578 3132 immortales!
634 3071 742 3132 ruit
770 3071 1073 3152 gravitas,
1129 3080 1356 3149 quanta
1395 3072 1452 3132 in
1506 3071 1785 3134 oratione
1828 3068 2188 3131 maiestasi·

84 3160 149 3211 ut
176 3155 351 3215 facile
382 3156 599 3215 ducem
632 3155 842 3231 populi
872 3155 1161 3229 Romani,
1203 3173 1327 3217 non
1362 3155 1643 3217 comitem
1687 3153 1950 3215 diceres.
2024 3149 2150 3211 Sed

80 3235 359 3296 adfuistis
418 3244 478 3297 et
530 3245 626 3298 est
675 3237 733 3297 in
787 3239 1067 3300 manibus
1127 3239 1342 3301 oratio.
1431 3241 1643 3316 Itaque
1684 3240 1783 3299 lex
1836 3230 2156 3315 popularis

80 3315 391 3389 suffragiis
440 3319 651 3394 populi
692 3320 1010 3394 repudiata
1052 3330 1164 3382 est.
1231 3325 1462 3399 Atque,
1514 3330 1583 3385 ut
1622 3324 1700 3383 ad
1740 3339 1839 3382 me
1883 3319 2147 3382 redeam.

339 3566 369 3584 h..
