2381 3723
165 127 282 191 128
494 128 717 213 ‘CATO
752 129 1002 189 MAIOR
1035 130 1136 188 DE
1172 128 1618 189 SENECTUTE
1651 126 1877 185 LIBER
2171 139 2239 192 12

164 291 291 353 tur,
338 297 524 356 quum
568 278 838 340 humeris
884 281 1217 340 sustineret
1249 280 1473 340 bovem
1516 278 1743 339 vivum.
1811 279 2025 340 Utrum
2055 275 2239 352 igitur

164 366 273 425 has
319 362 600 439 corporis
652 379 729 424 an
773 363 1160 439 Pythagorae
1209 362 1317 423 tibi
1366 362 1539 423 malis
1585 361 1746 423 vires
1797 360 2032 436 ingenii
2067 360 2240 425 darii

167 447 441 522 Denique
465 446 585 508 isto
605 447 772 508 bono
797 454 1000 520 utare,
1032 447 1178 506 dum
1205 445 1384 520 adsit,
1418 463 1605 522 quum
1630 445 1806 518 absit,
1836 462 1914 507 ne
1938 443 2242 521 requiras,

165 530 280 592 nisi
311 532 468 591 forte
508 531 940 592 adolescentes
982 528 1333 605 pueritiam,
1389 531 1658 605 paullum
1690 536 1891 591 aetate
1920 527 2243 604 progressi

163 613 641 674 adolescentiam
674 613 902 674 debent
939 612 1276 689 requirere.
1362 615 1592 675 Cursus
1635 620 1731 674 est
1773 620 1981 675 certus
2021 612 2243 676 aetatis

164 704 227 758 et
255 713 377 758 una
405 696 507 756 via
541 704 795 758 naturae
827 714 1023 773 eaque
1055 698 1315 773 simplex
1356 713 1595 773 suaque
1627 695 1850 772 cuique
1885 696 2047 772 parti
2080 702 2242 760 aeta-

165 781 241 842 tis
273 779 722 856 tempestivitas
750 788 847 843 est
876 782 1049 853 data,
1089 787 1156 842 ut
1185 790 1249 841 et
1277 781 1593 843 infirmitas
1625 797 1958 856 puerorum
1989 786 2053 843 et
2082 780 2243 843 fero·-

166 864 317 925 citas
346 863 635 925 iuvenum
671 871 733 924 et
759 865 1031 940 gravitas
1055 864 1175 925 iam
1201 863 1539 927 constantis
1571 863 1789 926 aetatis
1820 872 1882 924 et
1901 861 2247 927 senectutis

166 947 478 1009 maturitas
519 950 796 1010 naturale
832 949 1123 1024 quiddam
1172 949 1396 1009 habeat
1427 949 1596 1024 quod
1647 965 1764 1010 suo
1797 957 2076 1023 tempore
2102 962 2244 1022 per-

166 1031 286 1107 cipi
333 1031 574 1092 debeat.
664 1031 766 1094 34.
807 1032 1045 1111 Audire
1083 1041 1143 1093 te
1176 1032 1470 1106 arbitror,
1525 1031 1764 1106 Scipio,
1818 1033 2053 1106 hospes
2093 1037 2243 1095 tuus

165 1115 363 1176 avitus
395 1115 724 1178 Masinissa
771 1133 930 1191 quae
973 1115 1156 1178 faciat
1198 1116 1386 1178 hodie
1422 1117 1753 1192 nonaginta
1790 1122 1975 1179 natus
2003 1130 2242 1176 annos:

166 1216 353 1275 quum
411 1198 733 1276 ingressus
784 1199 899 1261 iter
947 1200 1212 1278 pedibus
1258 1199 1362 1273 sit,
1427 1199 1488 1260 in
1539 1216 1765 1275 equum
1813 1198 2060 1262 omnino
2112 1214 2238 1265 non

165 1284 534 1355 ascendere,
593 1302 779 1367 quum
829 1300 1023 1359 equo,
1083 1301 1160 1345 ex
1214 1301 1378 1358 equo
1429 1301 1552 1346 non
1606 1283 2018 1355 descendere,
2070 1283 2240 1345 nullo

164 1365 388 1439 imbre,
441 1369 609 1428 nullo
647 1367 876 1443 frigore
916 1367 1138 1429 adduci
1174 1375 1246 1428 ut
1290 1366 1490 1443 capite
1525 1374 1744 1443 operto
1770 1366 1886 1439 sit,
1938 1382 2243 1429 summam

166 1467 310 1511 esse
336 1449 398 1509 in
430 1466 505 1510 eo
543 1449 824 1526 corporis
858 1451 1223 1522 siccitatem,
1287 1450 1493 1529 itaque
1537 1450 1741 1513 omnia
1782 1449 2044 1525 exsequi
2073 1449 2243 1525 regis

167 1532 370 1594 officia
410 1539 472 1592 et
504 1549 776 1593 munera.
849 1534 1061 1596 Potest
1103 1533 1288 1609 igitur
1329 1533 1685 1596 exercitatio
1738 1541 1802 1597 et
1838 1532 2245 1609 temperantia

168 1615 345 1685 etiam
375 1615 433 1675 in
470 1623 791 1678 senectute
823 1623 1198 1677 conservare
1229 1617 1458 1693 aliquid
1493 1617 1730 1695 pristini
1758 1616 2021 1680 roboris·

291 1700 393 1759 XI.
440 1701 528 1760 Ne
566 1699 688 1760 sint
719 1699 778 1760 in
810 1707 1132 1763 senectute
1178 1701 1363 1763 vires.
1437 1703 1538 1763 Ne
1570 1703 1960 1777 postulantur
1990 1699 2243 1777 quidem

171 1782 329 1843 vires
360 1799 397 1843 a
429 1790 766 1844 senectute.
839 1785 1001 1859 Ergo
1051 1792 1113 1845 et
1141 1783 1381 1861 legibus
1421 1794 1482 1846 et
1520 1784 1811 1849 institutis
1840 1791 2023 1846 vacat
2067 1792 2243 1851 aetas

167 1875 380 1929 nostra
409 1867 764 1930 muneribus
795 1867 901 1943 iis,
960 1886 1119 1944 quae
1150 1886 1275 1931 non
1319 1877 1588 1947 possunt
1619 1869 1753 1931 sine
1798 1868 2029 1934 viribus
2060 1868 2242 1934 susti-

168 1951 316 2013 neri.
390 1954 606 2029 Itaque
635 1969 761 2015 non
792 1953 980 2015 modo
1018 1954 1184 2029 quod
1225 1971 1348 2016 non
1381 1971 1750 2031 possumus,
1804 1954 1918 2016 sed
1946 1970 2027 2015 ne
2052 1969 2248 2029 quan·

168 2044 290 2097 'um
320 2054 657 2113 possumus
691 2037 937 2113 quidem
980 2037 1277 2113 cogimur.
1365 2036 1465 2099 35.
1513 2039 1596 2102 At
1637 2037 1806 2102 multi
1844 2036 1928 2104 ita
1957 2044 2104 2102 sunt
2135 2037 2245 2104 im-

167 2118 365 2180 becilli
417 2137 632 2195 senes,
691 2128 759 2181 ut
815 2124 1045 2186 nullum
1098 2119 1285 2184 officii
1335 2130 1441 2184 aut
1491 2121 1740 2186 omnino
1798 2121 1962 2186 vitae
2017 2137 2246 2186 munus

169 2203 427 2277 exsequi
480 2203 741 2278 possint.
828 2206 912 2265 At
961 2205 1022 2265 id
1076 2204 1322 2281 quidem
1369 2222 1492 2267 non
1534 2205 1853 2283 proprium
1904 2204 2246 2272 senectutis

167 2285 375 2346 vitium
406 2292 502 2346 est
569 2287 681 2347 sed
712 2303 1037 2349 commune
1067 2289 1455 2352 valetudinis.
1533 2291 1723 2365 Quam
1767 2289 1878 2350 fuit
1901 2288 2246 2354 imbecillus

165 2369 229 2428 P.
263 2334 531 2463 africani
556 2368 750 2443 filius,
800 2370 853 2432 is
885 2372 988 2447 qui
1018 2378 1078 2433 te
1108 2373 1455 2449 adoptavit,
1506 2390 1689 2449 quam
1722 2372 1890 2437 tenui
1931 2379 2037 2438 aut
2077 2373 2248 2436 nulla

166 2457 371 2526 potius
413 2452 792 2515 valetudine!
867 2455 1047 2530 Quod
1077 2456 1138 2517 ni
1178 2455 1260 2517 ita
1291 2456 1538 2530 fuisset,
1591 2460 1844 2522 alterum
1880 2456 2028 2522 illud
2058 2455 2247 2522 exsti-

168 2533 344 2596 tisset
402 2537 604 2597 lumen
661 2536 953 2600 civitatis:
1029 2540 1108 2600 ad
1162 2547 1479 2615 paternam
1542 2540 1703 2602 enim
1758 2539 2246 2617 magnitudinem

163 2616 346 2679 animi
400 2620 680 2682 doctrina
728 2621 980 2685 uberior
1028 2631 1404 2685 accesserat.
1479 2623 1633 2700 Quid
1678 2623 1893 2686 mirum
1945 2623 2128 2700 igitur
2178 2623 2243 2686 in

165 2703 447 2778 senibuS,
486 2705 538 2766 si
568 2705 790 2767 infirmi
821 2713 966 2770 sunt
994 2706 1357 2783 aliquando,
1392 2723 1580 2784 quum
1608 2707 1670 2768 id
1701 2725 1780 2769 ne
1806 2709 2243 2772 adolescentes

167 2787 411 2860 quidem
471 2789 747 2866 effugere
799 2789 1085 2866 possint?
1154 2790 1621 2866 Resistendum,
1680 2792 1844 2856 Laeli
1899 2799 1961 2854 et
2008 2790 2241 2867 Scipio,

164 2870 466 2930 senectuti
511 2880 637 2946 est,
704 2873 964 2950 eiusque
1022 2872 1165 2935 vitia
1221 2873 1530 2951 diligentia
1560 2876 2025 2953 compensanda
2066 2882 2240 2942 sunt:

163 2955 557 3030 pugnandum
600 2964 909 3033 tamquam
960 2965 1173 3020 contra
1213 2960 1493 3021 morbum
1546 2959 1637 3023 sic
1692 2968 1906 3024 contra
1957 2967 2241 3026 senectu⁶

166 3044 315 3099 tem:
406 3037 506 3099 36.
553 3038 838 3102 habenda
874 3042 1029 3104 ratio
1072 3042 1472 3118 valetudinis,
1524 3045 1819 3108 utendum
1857 3042 2240 3108 exercitatio·

163 3120 339 3182 nibus
371 3120 660 3198 modiciS,
705 3131 939 3187 tantum
973 3124 1090 3187 cibi
1123 3135 1185 3188 et
1212 3126 1481 3203 potionis
1514 3127 1956 3203 adhibendum,
2000 3134 2070 3189 ut
2100 3127 2240 3188 refi-

163 3201 398 3264 ciantur
456 3204 649 3281 vires,
711 3224 837 3269 non
892 3209 1331 3288 opprimantur.
1420 3213 1545 3273 Nec
1605 3229 1755 3274 vero
1813 3210 2060 3288 corpori
2120 3209 2238 3273 soli

163 3284 651 3351 subveniendum
693 3297 819 3365 est,
879 3295 993 3354 sed
1034 3295 1222 3356 menti
1271 3303 1457 3370 atque
1513 3294 1714 3357 animo
1777 3298 1965 3357 multo
2017 3292 2235 3370 magis.

164 3365 307 3423 Nam
338 3364 492 3426 haec
518 3388 798 3449 quoque,
830 3373 947 3435 nisi
974 3383 1284 3453 tamquam
1327 3378 1532 3442 lumini
1566 3381 1769 3442 oleum
1798 3378 2085 3451 instillas,
2129 3393 2239 3440 ex-
