2381 3723
237 131 335 183 101
1013 119 1511 181 FRAGMENTA.
2180 120 2299 182 291

234 270 382 389 [lirotrtt
404 271 708 405 {ocabulum
756 269 1033 324 Schneider
1073 269 1248 336 Progr.
1301 272 1348 322 1.
1394 269 1597 337 (1841.)
1636 287 1688 337 p.
1742 273 1823 323 14.
1870 272 1939 322 ad
1983 271 2304 322 Hortensium

230 355 284 389 re
310 355 336 388 e
389 378 401 392 .

631 458 704 510 V.
736 455 1143 509 CONSOLATIO
1173 457 1263 508 DE
1298 457 1509 510 LUCTU
1545 457 1900 512 MINUENDO.

338 571 529 642 [Tullia
584 575 757 640 paullo
801 583 945 640 post,
1005 591 1156 639 quam
1206 593 1321 627 cum
1369 578 1456 628 Cn.
1506 576 1735 629 Cornelio
1783 576 1995 626 Lentulo
2045 573 2307 624 Dolabella

231 644 506 694 divortium
536 642 681 708 fecit,
718 645 752 695 i.
791 659 853 697 e.·
878 658 1053 694 mense
1082 645 1353 696 Februario
1386 646 1506 696 anni
1542 660 1593 712 ρ.
1621 662 1674 695 ιι.
1710 661 1754 694 c.
1786 645 1906 697 709.
1946 643 2160 695 Caesare
2197 657 2303 692 cos.

228 728 272 761 s.
312 711 537 778 collega,
571 713 765 763 Romae
810 714 864 762 in
902 715 1061 777 patris
1092 714 1249 765 domo
1286 712 1377 780 (cf.
1418 715 1521 767 Cic.
1560 714 1626 764 ad
1664 714 1785 764 fam.
1826 713 1913 763 lib.
1950 712 2033 764 vt.
2071 726 2153 776 ep.
2193 709 2303 775 18.)

231 794 297 831 ex
318 789 468 845 partu
493 789 691 831 mortua
716 789 811 832 est.
885 781 1060 832 Cicero
1089 783 1264 848 igitur,
1289 790 1371 842 nt,
1406 797 1553 846 quem
1580 799 1609 832 e
1633 782 1770 832 filiae
1797 782 1939 831 obitu
1968 778 2298 846 percipiebat,

106 852 118 861 “
228 848 461 903 dolorem
498 848 716 911 levaret,
764 865 795 899 a
836 849 1165 915 philosophia
1220 851 1465 902 solacium
1509 859 1681 917 petere
1732 850 1945 903 studuit.
2015 849 2088 899 Ea
2141 854 2305 897 mente

229 917 628 969 consolationem
665 919 739 968 de
786 918 968 969 luctu
1026 920 1371 972 minuendo
1417 921 1652 986 scripsit,
1711 933 2018 983 quamquam
2065 916 2306 982 Augusti-

227 1000 324 1035 nus
355 986 568 1037 multum
598 1002 713 1037 eum
745 985 906 1037 fuisse
942 986 1097 1037 refert
1128 988 1179 1037 in
1212 987 1550 1039 lamentandis
1579 989 1712 1039 vitae
1733 987 1956 1037 miseriis
1979 984 2068 1050 (de
2094 986 2192 1038 civ,
2222 983 2303 1033 dei

227 1055 320 1107 lib.
358 1055 496 1106 XIX.
526 1070 638 1121 cap.
659 1059 710 1106 4.
746 1055 806 1107 Τ.
845 1055 910 1105 V.
950 1071 1005 1121 ρ.
1047 1055 1243 1121 1147.).
1315 1057 1577 1107 Praeterea
1616 1072 1729 1106 eum
1767 1056 1950 1104 librum
1983 1053 2153 1119 paullo
2191 1057 2303 1101 ante

228 1123 603 1187 Disputationes
644 1123 954 1174 haculanaa
983 1122 1173 1174 editum
1212 1139 1324 1175 esse
1358 1128 1447 1176 vix
1482 1134 1559 1177 est
1593 1126 1727 1190 quod
1760 1121 1967 1189 dicam]
2041 1154 2044 1157 -

358 1242 413 1302 1.
457 1243 706 1320 [Cicero]
750 1260 928 1318 quum
968 1245 1030 1303 in
1066 1247 1365 1322 principio
1407 1245 1814 1306 consolationis
1865 1257 2011 1301 suae
2061 1240 2306 1299 dixisset

230 1325 595 1387 'uendorum
625 1328 925 1387 scelerum
951 1342 1139 1388 causa
1163 1326 1337 1387 nasci
1366 1327 1668 1388 homines.
1724 1340 2142 1408 [Lactantius
2177 1337 2282 1386 last

232 1407 318 1461 lib.
359 1410 445 1461 111.
484 1425 596 1474 cap.
642 1409 720 1462 18.
757 1411 807 1473 S.
850 1408 932 1460 18.
969 1409 987 1473 ]

356 1488 414 1549 2.
459 1487 614 1551 Hin'c
639 1497 780 1551 nata
809 1499 905 1552 est
931 1489 1138 1567 inepta
1166 1491 1267 1551 illa
1301 1490 1628 1565 sententia,
1670 1493 1828 1553 hanc
1851 1506 1994 1551 esse
2027 1493 2301 1560 mortem,

233 1588 418 1647 quam
450 1590 565 1634 nos
593 1574 777 1635 vitam
809 1581 1128 1650 putemus,
1163 1575 1321 1635 illam
1352 1575 1569 1647 vitam,
1608 1592 1790 1651 quam
1826 1591 1942 1635 nos
1974 1589 2084 1648 pro
2108 1578 2305 1632 morte

230 1656 583 1717 timeamus:
617 1655 699 1717 ita
721 1658 982 1733 primum
1011 1657 1243 1718 bonum
1274 1676 1417 1720 esse
1450 1676 1570 1720 non
1603 1658 1806 1733 nasci,
1851 1652 2187 1718 secundum
2225 1654 2304 1715 ci·

232 1738 357 1800 tius
401 1739 571 1801 mori.
631 1741 799 1814 Quae
838 1747 908 1801 ut
949 1740 1197 1802 maioris
1230 1741 1310 1803 sit
1349 1741 1759 1815 auctoritatis,
1796 1740 2002 1801 Sileno
2039 1737 2306 1798 attribui-

230 1831 350 1884 tur·
416 1836 521 1905 [cf.
547 1827 767 1892 Cicero
790 1837 1000 1894 Tuscul.
1029 1839 1174 1906 Disp.
1208 1840 1298 1894 lib.
1329 1842 1369 1893 1.
1399 1857 1511 1908 cap.
1545 1838 1630 1892 48.
1654 1843 1703 1903 S.
1735 1840 1834 1891 114
1857 1854 1935 1901 sq.
1976 1835 2303 1887 Plutarch.

235 1924 290 1971 in
321 1921 521 1973 Consul.
559 1923 624 1972 ad
656 1924 982 1988 Apollonium
1014 1939 1129 1989 cap.
1168 1923 1282 1989 22]
1357 1909 1567 1970 Cicero
1608 1910 1698 1969 sic
1739 1909 1797 1968 in
1836 1903 2303 1966 Consolatione:

230 1991 365 2051 Non
423 1989 595 2050 nasci
649 1992 829 2068 longe
885 1991 1179 2067 optimum
1241 2008 1355 2052 nec
1399 1992 1459 2052 in
1518 1991 1634 2051 hos
1688 1990 1984 2067 scopulos
2033 1986 2305 2047 incidere

232 2072 424 2148 vitae,
455 2071 798 2149 proximum
833 2082 1067 2148 autem,
1102 2073 1155 2134 si
1188 2084 1372 2135 natus
1401 2075 1517 2147 siS,
1554 2092 1737 2149 quam
1775 2073 2033 2149 primum
2068 2069 2221 2136 mori
2248 2078 2308 2129 et

228 2167 540 2232 tamquam
582 2172 660 2216 ex
703 2157 987 2218 incendio
1042 2157 1318 2234 effugere
1372 2157 1725 2219 violentiam
1780 2159 2079 2218 fortunae.
2165 2167 2307 2234 [La-

229 2242 519 2290 ctantius
554 2239 642 2289 lib.
683 2241 772 2294 111.
806 2257 920 2308 cap.
962 2239 1044 2292 19.
1083 2244 1132 2304 S.
1175 2240 1282 2306 14.]

328 2404 342 2418 .
361 2322 419 2383 3.
467 2322 592 2418 Sed
621 2324 843 2414 nescio,
869 2323 1005 2400 quis
1037 2341 1153 2386 nos
1185 2331 1393 2386 teneat
1422 2341 1594 2386 error
1624 2333 1729 2385 aut
1756 2319 2115 2384 miserabilis
2137 2303 2304 2395 igffo-

229 2412 385 2467 ratlo
420 2422 565 2466 vert.
659 2420 822 2488 [Idem
858 2422 982 2477 ibid.
1021 2438 1135 2488 cap.
1179 2425 1263 2478 14.
1303 2424 1348 2486 S.
1390 2425 1476 2475 20.
1507 2423 1572 2473 cf.
1612 2424 1736 2474 ibid.
1773 2422 1857 2471 111.
1898 2420 1989 2482 18,
2026 2418 2138 2486 18,]

360 2523 419 2581 4.
460 2521 821 2584 Animorum
857 2526 1020 2584 nulla
1058 2524 1118 2583 in
1162 2523 1344 2584 terris
1376 2523 1548 2597 origo
1581 2522 1838 2584 inveniri
1869 2528 2095 2598 potest.
2154 2515 2304 2579 Nihil

229 2601 392 2664 enim
439 2611 539 2664 cst
571 2604 637 2665 in
677 2606 893 2668 animis
941 2607 1194 2667 mixtum
1239 2615 1427 2682 atque
1472 2612 1829 2667 concretum
1871 2611 1979 2664 aut
2017 2603 2186 2678 quod
2231 2616 2308 2660 ex

228 2694 399 2746 terra
415 2694 625 2749 natum
644 2697 835 2764 atque
857 2690 1067 2751 fictum
1090 2707 1235 2751 esse
1260 2691 1557 2762 videatur,
1584 2688 1728 2749 nihil
1750 2703 1827 2747 ne
1858 2692 1964 2746 aut
1991 2685 2305 2745 humidum

231 2768 481 2843 quidem
511 2779 618 2832 aut
646 2772 850 2834 flabile
881 2780 986 2833 aut
1014 2773 1282 2849 igneum.
1345 2773 1454 2833 His
1477 2772 1645 2866 gnim
1676 2770 1735 2829 in
1767 2768 1998 2830 naturis
2033 2767 2176 2827 nihil
2219 2765 2307 2828 in-

230 2860 334 2913 est
373 2856 538 2930 quod
573 2855 691 2915 vim
735 2857 1095 2931 memoriae,
1141 2857 1392 2928 mentis,
1430 2853 1816 2931 cogitationis
1849 2853 2099 2925 habeat,
2138 2848 2305 2926 quod

230 2943 298 2996 et
326 2937 658 3012 praeterita
696 2945 907 2999 teneat
935 2946 996 3000 et
1038 2942 1240 3000 sutura
1279 2939 1601 3015 provideat
1642 2944 1703 2997 et
1742 2935 2067 3013 complecti
2108 2933 2308 3011 possit

227 3021 610 3094 praesentia:
657 3038 818 3098 quae
864 3025 999 3084 sola
1045 3022 1252 3083 divina
1296 3030 1441 3084 sunt
1483 3038 1598 3082 nec
1632 3019 1978 3081 invenietur
2019 3032 2304 3092 umquam

229 3103 399 3163 unde
432 3105 512 3165 ad
541 3105 850 3167 hominem
883 3105 1094 3166 venire
1130 3105 1381 3183 possint
1412 3105 1527 3165 nisi
1559 3121 1595 3165 a
1636 3105 1776 3165 deo.
1840 3098 2178 3175 Singularis
2210 3107 2306 3159 cst

230 3185 418 3261 igitur
452 3189 750 3263 quaedam
780 3196 996 3250 natura
1027 3196 1212 3265 atque
1246 3189 1337 3250 vis
1367 3188 1548 3249 animi
1586 3186 1863 3249 seiuncta
1892 3186 1970 3244 ab
1997 3182 2092 3244 his
2121 3182 2302 3244 usita-

231 3270 313 3329 tis
332 3269 621 3348 notisque
644 3272 894 3334 naturis.
937 3273 1028 3332 Ita
1054 3272 1347 3346 quidquid
1369 3279 1469 3333 cst
1493 3270 1673 3345 illud,
1708 3269 1875 3346 quod
1905 3267 2105 3341 sentit,
2139 3265 2299 3341 quod

227 3352 425 3429 sapit,
460 3355 631 3429 quod
663 3355 839 3429 vivit,
876 3356 1043 3431 quod
1077 3354 1272 3431 viget,
1322 3356 1589 3418 caeleste
1632 3361 1693 3414 et
1729 3351 1995 3497 dliginum
2030 3351 2110 3411 ob
2146 3364 2298 3409 eam-
