2381 3723
169 103 297 170 374
578 103 897 165 INCERTI.
911 101 1298 164 AUCTORIS
1333 100 1838 165 CONSOLATIO.
2163 114 2267 170 384

169 256 419 333 saepius
467 252 857 330 contingunt,
918 270 993 314 eo
1036 252 1365 330 propiores
1421 253 1769 317 hominibus
1801 256 2077 331 putandi
2119 265 2265 320 sunt

169 340 472 416 quasique
510 338 569 399 in
614 338 753 413 ipsa
790 337 1054 400 humana
1096 337 1543 400 naturainnati
1575 347 1762 414 atque
1792 338 1955 404 insiti
1982 340 2262 418 ideoque

169 424 368 486 levius
400 422 652 484 serendi.
715 420 829 497 Qui
854 419 1018 484 enim
1050 421 1360 483 hominem
1388 438 1459 483 se
1477 438 1625 484 esse
1649 423 1932 498 agnoscit
1961 424 2240 487 hominis

171 525 292 584 que
323 524 545 568 nomen
579 504 695 567 sibi
725 505 1025 579 vindicat,
1063 521 1172 566 cur
1203 522 1309 580 ea,
1343 522 1503 582 quae
1534 504 1797 568 hominis
1822 508 2094 570 maxime
2119 527 2259 585 pro·

169 593 299 668 pria
337 599 511 665 sunt,
556 605 848 652 recusare
891 605 964 651 ac
1002 588 1276 651 reiicere*
1293 591 1559 652 audeat?
1616 592 1795 667 Quod
1836 591 2018 653 simul
2069 601 2147 655 ut
2179 596 2259 655 fe·

170 676 359 737 cisset
389 683 450 735 et
478 673 836 749 imprudens
870 681 932 734 et
966 673 1226 735 iniustus
1257 674 1473 736 merito
1509 675 1853 736 haberetur.
1940 675 2001 737 6.
2048 679 2257 754 Atque

168 759 265 819 hic
294 760 472 820 locus
505 773 542 817 a
569 757 996 832 Theophrasto
1031 756 1276 834 egregie
1324 765 1619 820 tractatus
1651 766 1713 820 et
1755 760 2106 835 perpolitus
2144 768 2253 834 est,

168 843 437 919 itemque
468 859 505 903 a
545 843 923 915 Xenocrate,
971 859 1233 917 quorum
1263 849 1527 919 uterque
1569 859 1715 916 eoS‚
1753 842 1858 919 qui
1888 860 2254 907 communes

170 943 357 989 casus
396 933 719 999 recusant,
765 926 1211 1001 imprudentiae
1254 934 1442 1003 atque
1486 926 1814 989 iniustitiae
1850 929 2252 990 condemnat:

168 1014 320 1073 alter
349 1011 527 1073 etiam
571 1011 665 1072 dis
696 1009 847 1086 ipsis
888 1011 1190 1072 adversos
1237 1028 1362 1071 non
1404 1010 1642 1072 dubitat
1678 1013 2012 1087 appeltam.
2074 1013 2254 1088 Quod
2371 1059 2381 1082 .

169 1096 349 1158 ctiam
394 1096 643 1171 gravius
682 1094 912 1155 crimen
957 1100 1053 1156 est
1091 1110 1164 1156 ac
1196 1095 1300 1156 vix
1341 1094 1402 1156 in
1443 1094 1691 1157 homine
1727 1096 2076 1158 tolerabile:
2134 1098 2251 1172 qui,

171 1197 359 1257 quum
394 1180 605 1242 omnia.
622 1178 723 1240 dis
767 1178 1211 1242 immortalibus
1240 1185 1498 1253 accepta
1531 1181 1762 1241 referre
1795 1180 2054 1252 debeat,
2100 1197 2252 1256 quo·

169 1282 304 1327 rum
336 1280 456 1341 ope
488 1264 664 1337 vivit,
707 1261 1007 1338 intelligit,
1055 1262 1208 1339 agit,
1254 1262 1306 1326 si
1342 1280 1558 1325 eorum
1591 1264 1891 1325 voluntati
1928 1272 2253 1340 repugnet,

171 1366 308 1412 cum
338 1348 433 1411 dis
461 1349 782 1425 Gigantum
810 1363 987 1408 more
1016 1347 1246 1409 bellare
1274 1346 1601 1410 videbitur.
1691 1348 1791 1409 111.
1836 1350 1895 1409 7.
1946 1349 2118 1409 Haec
2152 1364 2252 1409 au-

168 1440 289 1495 tem
334 1432 557 1509 perite,
603 1440 671 1493 ut
710 1430 866 1503 dixi,
907 1448 945 1491 a
989 1430 1193 1496 multis
1232 1438 1487 1493 tractata
1520 1440 1682 1493 sunt.
1748 1431 1875 1493 Sed
1899 1448 2033 1507 ,ego
2068 1432 2250 1494 Cran-

170 1525 367 1578 torem
412 1532 674 1591 sequor:
721 1515 896 1575 cuius
938 1513 1058 1591 legi
1109 1515 1358 1577 brevem
1405 1514 1573 1578 iilum
1628 1514 1902 1591 quidem,
1947 1516 2063 1577 scd
2108 1531 2250 1575 vere

171 1616 423 1661 aureum
474 1606 565 1671 et,
612 1606 679 1659 ut
717 1598 1006 1661 Panaetio
1042 1598 1299 1675 placuit,
1338 1600 1419 1659 ad
1448 1599 1704 1661 verbum
1738 1600 2144 1661 ediscendum
2174 1601 2248 1659 de

171 1685 337 1745 luctu
369 1682 617 1756 librum,
651 1698 775 1757 quo
818 1688 1000 1744 acute
1034 1682 1390 1745 ,universam
1423 1682 1655 1746 doloris
1691 1682 2054 1745 medicinam
2084 1699 2246 1744 com-

171 1769 392 1845 plexus
426 1774 542 1829 est.
603 1766 727 1828 Sed
768 1766 1355 1830 human-‘acuamus
1387 1766 1781 1830 incommoda
1808 1766 1892 1828 ita
1929 1766 2250 1843 diligenter

173 1859 234 1915 et
273 1859 559 1914 accurate
598 1852 944 1930 expressit,
980 1856 1052 1912 ut
1086 1848 1263 1927 quasi
1296 1851 1666 1914 mendorum
1715 1854 2019 1916 scelerum
2063 1867 2251 1914 causa

173 1936 346 1999 nasci
388 1936 667 1999 homines
709 1944 770 1998 et
807 1936 869 1998 in
908 1937 1071 1997 hanc
1111 1937 1308 1997 lucem
1348 1935 1588 2011 ingnedi
1629 1936 1836 2013 possis
1882 1952 2250 2012 agnoscere.

166 2018 232 2082 8.
266 2021 398 2083 Fac
426 2020 584 2082 enim
628 2019 799 2083 nasci
820 2020 1137 2082 hominem
1174 2019 1329 2081 settin
1374 2021 1573 2082 lucem
1618 2019 1746 2082 edi:
1787 2020 2079 2083 continuo
2109 2036 2253 2081 sen·

170 2105 288 2168 ties
324 2123 446 2167 nou
489 2122 693 2166 nerum
734 2107 1138 2167 huiuanarum
1174 2104 1488 2166 dominum
1525 2112 1589 2168 et
1619 2105 2102 2181 gubernatorem
2143 2120 2253 2163 ex-

173 2197 371 2251 ortum
389 2237 405 2264 ,
427 2190 551 2250 sed
580 2189 788 2249 verius
820 2188 1198 2250 miseriarum
1222 2204 1467 2250 servum
1492 2197 1675 2264 atque
1691 2187 2253 2251 &commodorum

169 2274 318 2334 Nam
344 2272 665 2334 ..infantiam
702 2278 768 2332 et
809 2272 1125 2346 pueritiam
1169 2274 1445 2348 vagituS,
1491 2271 1802 2346 lacrimae,
1845 2271 2251 2343 imbecillitas

172 2358 374 2417 nullus
402 2373 522 2417 :nec
550 2354 808 2417 rationis
840 2371 960 2415 mec
993 2354 1273 2431 corporis
1305 2374 1488 2431 usus,
1521 2357 1772 2419 dolores
1801 2356 2253 2430 molestiaeque

174 2456 358 2516 quam
391 2438 683 2515 plurimae
715 2441 1183 2515 amplectuntur.
1247 2441 1750 2502 Adolescentiam
1784 2441 1975 2501 andor
2003 2439 2250 2515 quidam

168 2522 398 2600 excipit
446 2523 665 2585 aetatis
704 2540 824 2584 nec
877 2523 1238 2602 prudentiae
1284 2541 1401 2586 nec
1445 2523 1652 2586 iudicii
1699 2540 1989 2601 compos,
2047 2539 2254 2584 rerum

171 2607 402 2671 utilium
433 2624 507 2670 ac
547 2608 941 2671 laudabilium
972 2607 1377 2684 contemptio,
1426 2607 1755 2685 voluptatis
1785 2616 1852 2670 et
1887 2622 2086 2684 saepe
2131 2614 2257 2667 tur·

171 2692 467 2770 pitudinis‘
493 2693 817 2771 appetitio,
864 2693 991 2755 veri
1020 2692 1168 2754 boni
1205 2691 1541 2769 ignoratio,
1577 2693 1635 2754 in
1669 2709 1849 2769 pares
1879 2690 2145 2762 ferocia,
2193 2690 2255 2750 in

172 2778 531 2854 superiores
562 2778 882 2855 superbia,
921 2776 979 2839 in
1012 2777 1256 2838 infimos
1288 2777 1667 2854 adrogantia.
1754 2777 1815 2840 9.
1860 2774 2074 2838 Exhis
2108 2790 2256 2836 con·

172 2860 514 2933 tentiones,
557 2864 754 2936 rixae,
800 2861 1235 2935 contumeliae,
1282 2861 1581 2924 adsiduus
1629 2860 1894 2938 denique
1943 2857 2257 2921 molestiu-

173 2961 306 3006 rum
339 2961 684 3009 concursus
725 2945 994 3020 exsistit,
1041 2962 1118 3007 ex
1154 2945 1341 3007 rebus
1367 2945 1653 3009 ‘honestis
1688 2943 2058 3020 contemptis
2102 2941 2257 3002 inse·

172 3028 369 3092 licitas
400 3039 462 3093 ct
489 3029 731 3093 infamia
750 3077 765 3105 ,
796 3049 875 3092 ex
908 3028 1188 3106 turpibus
1217 3029 1466 3092 curiose
1495 3029 1767 3106 adreptis
1792 3036 1858 3090 et
1885 3026 2253 3104 conquisitis

172 3115 409 3188 luctuS,
462 3115 685 3190 morbi,
741 3122 1102 3192 penpetuum
1159 3115 1426 3191 denique
1477 3114 1576 3176 sui
1625 3114 1821 3190 ipsius
1873 3111 2113 3185 odium,
2176 3125 2254 3171 ex

175 3198 421 3271 cognita
459 3216 664 3260 rerum
707 3198 967 3274 turpium
1020 3200 1307 3260 mercede
1343 3198 1707 3261 conflatum.
1801 3198 1897 3260 10.
1942 3195 2123 3257 Adde
2165 3194 2252 3254 in-

175 3294 361 3340 sanas
380 3282 780 3354 pecuniarum
803 3282 1184 3356 largitione-S,
1215 3285 1445 3343 nullam
1478 3281 1665 3344 futuri
1690 3280 1987 3358 temporis
2019 3294 2250 3349 curam,

176 3372 300 3417 non
338 3361 613 3436 inopiae,
664 3381 783 3424 non
815 3364 1182 3439 liberorum,
1226 3384 1350 3428 non
1375 3365 1626 3441 uxoriS,
1660 3383 1783 3428 non
1831 3371 2250 3443 posterorum,
