2381 3723
114 110 197 172 90
242 136 246 140 ·
927 108 1026 168 DE
1060 105 1379 167 OFFICIIS

115 259 481 322 faciendum.
570 260 671 320 IX.
719 257 819 320 38.
881 256 1064 318 Hinc
1105 259 1207 318 ille
1248 258 1457 335 Gyges
1499 254 1808 317 inducitur
1845 272 1884 315 a
1916 256 2195 327 Platone,

117 343 251 420 qui,
314 360 503 420 quum
549 350 709 403 terra
748 341 1145 403 discessisset
1182 341 1420 417 magnis
1464 339 1831 416 quibusdam
1875 336 2198 410 imbribuS,

116 425 437 489 descendit
477 426 539 499 in
573 425 741 487 illum
780 425 1007 487 hiatum
1048 429 1434 498 aeneumque
1464 440 1721 499 equum,
1766 431 1832 484 ut
1875 425 2085 483 ferunt
2118 423 2200 481 fa·

115 514 328 585 bulae,
359 509 815 582 animadvertit,
863 509 1035 571 cuius
1065 509 1124 569 in
1156 509 1447 570 lateribus
1480 509 1648 569 fores
1678 513 1920 568 essent:
1971 505 2202 581 quibus

116 595 344 670 apertis
392 610 619 671 corpus
662 592 926 654 hominis
980 592 1202 654 mortui
1245 592 1397 653 vidit
1439 590 1858 668 magnitudine
1907 588 2204 651 inusitata

117 680 489 752 anulumque
518 693 772 738 aureum
802 677 860 738 in
887 677 1095 752 digito,
1130 693 1309 751 quem
1343 683 1410 736 ut
1431 674 1713 748 detraxit,
1744 672 1883 752 ipse
1903 672 2204 735 induit—

118 769 250 823 erat
279 767 479 822 autem
508 759 716 836 regius
751 768 967 837 pastor
995 794 1098 834 -—,
1142 766 1269 820 tum
1301 759 1363 820 in
1395 757 1718 821 concilium
1764 775 1834 819 sc
1877 766 2200 834 pastorum

115 844 371 920 recepit.
452 843 539 905 lbi
565 862 751 919 quum
785 846 985 922 palam
1015 843 1148 906 eius
1179 843 1345 904 anuli
1378 843 1457 903 ad
1487 845 1750 919 palmam
1784 848 2203 913 converterat,

116 947 154 990 a
182 931 347 990 nullo
382 927 740 1001 videbatur,
785 930 922 1005 ipse
956 935 1158 989 autem
1204 925 1408 988 omnia
1444 927 1724 987 videbat:
1773 924 1936 986 idem
1976 941 2202 986 rursus

116 1013 467 1087 videbatur,
522 1030 711 1088 quum
753 1011 813 1072 in
856 1015 1057 1074 locum
1104 1013 1352 1072 anulum
1397 1011 1748 1071 inverterat.
1826 1011 2042 1085 Itaque
2083 1009 2204 1069 hac

114 1095 580 1173 opportunitate
614 1096 780 1157 anuli
820 1113 975 1158 usus
1009 1095 1262 1171 reginae
1295 1102 1575 1171 stuprum
1609 1093 1810 1155 intulit
1849 1107 2051 1168 eaque
2097 1093 2202 1153 ad-

117 1180 332 1241 iutrice
359 1196 570 1257 regem
606 1181 922 1242 dominum
952 1176 1283 1253 interemit,
1338 1178 1583 1240 sustulit
1614 1193 1775 1253 quos
1821 1179 2073 1238 obstare
2107 1194 2202 1236 ar-

119 1264 482 1337 bitrabatur,
554 1279 673 1325 nec
723 1262 781 1324 in
832 1263 928 1326 his
987 1280 1122 1325 eum
1187 1262 1558 1324 facinoribus
1615 1260 1939 1337 quisquam
2000 1259 2204 1337 potuit

117 1348 351 1409 videre.
430 1348 533 1409 Sic
559 1356 815 1423 repente
848 1348 1013 1409 anuli
1040 1345 1344 1408 beneficio
1391 1363 1504 1406 rex
1531 1352 1786 1406 exortus
1816 1353 1910 1406 est
1942 1344 2201 1420 Lydiae.

117 1433 296 1492 Hunc
323 1431 506 1506 igitur
533 1429 738 1505 ipsum
767 1434 1015 1491 anulum
1045 1430 1101 1490 si
1130 1431 1356 1499 habeat
1396 1429 1674 1506 sapiens,
1726 1428 1872 1489 nihil
1902 1431 2042 1504 plus
2082 1427 2203 1490 sibi

115 1514 303 1574 ‘licere
354 1520 525 1588 putet
572 1527 833 1590 peccare
882 1531 1066 1589 quam
1109 1515 1163 1574 si
1207 1530 1332 1575 non
1377 1514 1649 1574 haberet.
1727 1513 2006 1575 Honesta
2038 1512 2202 1572 enim

116 1596 298 1657 bonis
340 1596 521 1669 viris,
574 1611 696 1657 non
741 1599 984 1657 occulta
1029 1603 1426 1673 quaeruntur.
1516 1597 1617 1658 39.
1661 1599 1868 1672 Atque
1907 1597 2200 1658 hocloco

119 1679 472 1756 philosophi
511 1679 788 1755 quidam,
844 1680 1088 1741 minime
1129 1681 1270 1742 mali
1298 1679 1381 1741 illi
1414 1680 1691 1757 quidem,
1740 1683 1856 1742 sed
1890 1698 2014 1742 non
2048 1680 2202 1741 satis

118 1764 310 1836 acuti,
362 1764 566 1824 fictam
607 1771 669 1825 et
712 1763 1201 1826 commenticiam
1244 1765 1508 1826 fabulam
1565 1767 1863 1840 prolatam
1908 1763 2123 1825 dicunt
2165 1782 2204 1824 a

119 1850 397 1923 Platone,
434 1847 613 1924 quasi
640 1865 794 1910 vero
827 1846 927 1909 ille
956 1855 1062 1911 aut
1092 1851 1317 1911 sactum
1344 1849 1406 1911 id
1444 1867 1588 1912 esse
1619 1857 1725 1910 aut
1753 1848 1889 1910 fieri
1918 1848 2203 1926 potuisse

120 1933 429 1994 defendat.
499 1935 669 1995 Haec
712 1940 812 1995 est
854 1932 949 1994 vis
991 1933 1173 1996 huius
1227 1933 1392 1995 anuli
1445 1943 1507 1995 et
1549 1933 1729 1995 huius
1781 1933 2078 2010 exempli:
2149 1951 2204 1994 ει

118 2034 299 2079 nemo
333 2017 627 2090 scituruS,
680 2035 862 2079 nemo
894 2035 973 2078 ne
1008 2017 1439 2095 suspicaturus
1477 2017 1721 2094 quidem
1753 2019 1849 2089 sit,
1884 2034 2072 2092 quum
2099 2017 2202 2077 ali-

115 2101 266 2177 quid
317 2101 691 2175 divitiarum,
749 2104 1094 2179 potentiae,
1152 2100 1618 2174 dominationiS‚
1687 2100 1955 2162 libidinis
2010 2116 2202 2162 causa

117 2184 368 2255 feceris,
403 2184 456 2243 si
485 2184 547 2243 id
582 2184 677 2245 dis
707 2185 1182 2261 hominibusque
1214 2189 1479 2247 futurum
1515 2185 1596 2246 sit
1625 2200 1873 2260 semper
1901 2184 2202 2261 ignotum,

113 2266 287 2328 sisne
322 2268 637 2328 facturus?
706 2269 943 2343 Negant
970 2269 1031 2329 id
1062 2270 1193 2330 fieri
1227 2286 1449 2346 posse:
1499 2285 1866 2345 quamquam
1899 2275 2109 2345 potest
2140 2267 2204 2328 id

115 2349 386 2425 quidem.
477 2349 601 2411 Sed
650 2367 911 2425 quaero,
958 2355 1124 2428 quod
1178 2361 1403 2429 negant
1457 2370 1683 2429 posse,
1740 2351 1803 2412 id
1855 2352 1908 2413 si
1962 2360 2202 2429 posset,

115 2432 408 2508 quidnam
475 2435 787 2496 facerent?
865 2436 1145 2513 Urguent
1194 2436 1425 2498 rustice
1476 2453 1646 2498 sane.
1733 2438 1972 2512 Negant
2038 2436 2201 2497 enim

114 2533 311 2593 posse
343 2526 408 2577 et
437 2516 495 2577 in
522 2534 597 2578 eo
629 2525 939 2595 perstant,
973 2520 1094 2581 hoc
1128 2522 1383 2582 verbum
1409 2520 1557 2596 quid
1589 2523 1789 2581 valcat
1811 2537 1936 2581 non
1967 2520 2200 2581 vident.

116 2601 315 2675 Quum
348 2600 505 2662 enim
540 2601 924 2678 quaerimus„
974 2603 1027 2665 si
1060 2604 1308 2680 possint
1341 2606 1571 2675 celare,
1619 2604 1765 2680 quid
1803 2603 2023 2665 facturi
2059 2604 2201 2679 sint,

114 2703 241 2748 non
297 2687 651 2761 quaerimus
704 2687 1030 2764 possintne
1085 2690 1314 2762 celare,
1373 2690 1487 2749 sed
1525 2697 1834 2763 tamquam
1892 2695 2203 2749 tormenta

117 2770 422 2843 quaedam
454 2770 849 2844 adhibemus,
875 2779 971 2844 ut,
1017 2773 1067 2832 si
1095 2771 1534 2848 responderint
1566 2789 1637 2833 se
1670 2770 2029 2848 impunitate
2057 2789 2203 2847 pro-

117 2852 323 2927 posita
362 2855 635 2916 facturos
677 2855 846 2930 quod
888 2855 1204 2932 expediat,
1256 2854 1648 2918 facinorosos
1689 2872 1761 2917 se
1793 2871 1938 2917 esse
1970 2857 2202 2916 fatean-

115 2946 239 2998 tur:
287 2936 339 2997 si
370 2945 629 3013 negent,
663 2938 867 3000 omnia
904 2940 1103 3016 turpia
1131 2956 1247 3016 per
1287 2956 1358 3001 se
1388 2938 1525 3017 ipsa
1556 2939 1844 3016 fugienda
1873 2955 2018 3001 esse
2056 2956 2202 3000 con-

109 3023 360 3082 cedant.
436 3020 560 3081 Sed
587 3020 707 3081 iam
735 3024 817 3083 ad
855 3018 1680 3099 propositum'revertamur.

237 3106 313 3166 X.
359 3105 461 3166 40.
550 3105 834 3167 Incidunt
865 3109 1091 3168 multae
1125 3123 1318 3184 saepe
1350 3123 1605 3181 causae,
1645 3124 1806 3183 quae
1830 3108 2203 3169 conturbent

113 3187 354 3249 animos
389 3187 663 3250 utilitatis
701 3189 941 3265 specie,
983 3206 1137 3265 non,
1185 3208 1375 3266 quum
1405 3191 1527 3254 hoc
1567 3191 1965 3265 deliberetur,
2017 3190 2200 3252 relin-

117 3271 448 3344 quendane
504 3272 586 3332 sit
634 3273 933 3333 honestas
980 3281 1240 3349 propter
1283 3273 1554 3335 utilitatis
1607 3274 2084 3351 magnitudinem
2114 3308 2199 3319 —

118 3368 260 3412 narn
310 3350 371 3411 id
418 3353 666 3428 quidem
717 3354 1066 3430 improbum
1106 3366 1203 3418 est
1233 3390 1344 3431 —,
1401 3360 1515 3420 sed
1552 3359 1732 3434 illud,
1790 3357 2071 3438 possitne
2113 3358 2197 3431 id,

207 3583 384 3607 A—
