2381 3723
153 121 281 185 416
450 210 458 215 -
577 123 878 184 INCERTl
913 122 1301 183 AUCTORIS
1335 122 1810 184 CONSOLATIO
2142 136 2244 192 226

155 291 287 335 rum
321 273 483 347 sitiS,
523 290 707 349 opum
739 289 813 333 ac
843 272 1188 335 divitiarum
1220 275 1481 337 adsidua
1509 273 1864 351 procuratio
1892 276 2045 351 quid
2080 277 2246 339 aliud

152 357 384 419 indicat
425 356 543 419 nisi
588 356 860 433 cogitare
906 357 1214 419 hominem
1256 358 1319 418 in
1363 366 1685 435 posterum
1724 376 1840 420 nec
1882 361 2115 422 eodem
2144 379 2248 423 ve·

154 441 373 505 scendi
419 441 795 516 vivendique
837 441 1073 516 studio,
1120 459 1244 518 quo
1291 450 1568 504 caeteras
1601 443 1943 505 animantes
1976 444 2132 505 duci
2161 445 2247 506 vi-

154 528 405 599 demuS,
461 526 796 586 humanum
845 527 1112 586 animum
1158 527 1457 588 detineri?
1544 527 1670 588 Sed
1708 528 1864 589 haec
1902 527 2247 589 abiectiora

152 617 341 686 atque
371 609 695 670 humiliora
723 625 840 669 nec
868 610 1012 671 ullis
1041 609 1160 671 nisi
1189 626 1340 672 sane
1371 611 1651 687 angustis
1680 618 1938 672 naturae
1960 612 2244 673 terminis

153 692 638 768 circumscripta.
731 694 869 753 159.
926 693 1081 768 Quid
1122 694 1225 753 illa
1255 694 1315 754 in
1355 694 1566 771 primis
1595 696 1811 771 gravia
1840 701 2029 771 atque
2060 714 2243 773 prae-
2331 723 2332 732 ¹

151 777 376 839 stantia
416 792 535 836 nec
573 775 679 837 ulli
723 778 906 853 plane
944 778 1005 838 in
1051 777 1232 839 terris
1274 778 1522 855 degenti
1565 779 1681 841 nisi
1727 779 1846 841 soli
1873 779 2114 840 homini
2143 780 2243 841 tri·

148 862 299 922 buta
322 868 353 920 ‘3
416 861 967 937 contemplatorem
1009 877 1155 922 esse
1208 860 1414 938 ipsum
1470 863 1624 923 caeli
1664 879 1999 940 rerumque
2043 866 2241 925 caele·
2331 925 2332 944 ἶ

151 945 364 1019 stium,
411 944 528 1006 frui
562 961 919 1020 magnarum
964 944 1676 1023 obscurissimarumque
1716 964 1923 1007 rerum
1955 948 2240 1023 scientia,

151 1046 313 1106 quae
359 1031 455 1090 vel
499 1030 579 1089 ad
620 1029 1001 1092 excolendos
1045 1029 1125 1089 ad
1158 1029 1569 1107 integritatem
1599 1039 1787 1107 atque
1818 1031 2239 1092 innocentiam

149 1130 358 1176 mores
401 1115 498 1173 vel
547 1114 625 1175 ad
660 1114 1140 1192 comparandam
1173 1114 1322 1176 solis
1353 1122 1789 1191 astrorumque
1819 1115 2241 1191 cognitionem

145 1200 251 1258 vel
292 1199 373 1258 ad
415 1199 829 1259 exercendam
874 1198 934 1258 in
967 1197 1187 1260 abditis
1219 1198 1631 1276 obscurisque
1660 1200 1848 1261 rebus
1877 1200 2241 1262 memoriam

148 1290 543 1358 mentemque
607 1282 970 1358 pertineant.
1078 1282 1313 1343 XLVII.
1378 1283 1517 1345 160.
1616 1286 1833 1346 Nonne
1891 1284 2048 1344 haec
2098 1284 2243 1361 ipsa

145 1372 319 1428 tanta
363 1381 437 1426 ac
488 1366 631 1427 talia
674 1366 944 1428 divinum
1000 1383 1143 1428 esse
1193 1367 1457 1428 animum
1518 1369 1855 1430 ostendunt
1908 1383 2026 1428 nec
2076 1367 2239 1430 illius

145 1457 425 1511 naturam
465 1450 714 1511 aliunde
747 1467 930 1525 quam
962 1466 997 1510 e
1037 1452 1210 1511 caelo
1238 1450 1563 1513 delibatam
1595 1468 1669 1513 ac
1697 1452 2067 1513 deductam?
2136 1455 2239 1514 An

146 1550 513 1607 censemuS,
558 1533 613 1595 si
652 1551 778 1594 una
811 1548 950 1595 cum
985 1534 1354 1608 corporibus
1387 1533 1570 1596 animi
1602 1534 1951 1608 interirent,
1995 1543 2104 1597 aut
2133 1553 2237 1597 sa·

144 1616 568 1693 pientissimos
608 1616 890 1677 homines
932 1624 1055 1678 tam
1092 1633 1296 1694 aequo
1329 1618 1535 1681 animo
1569 1619 1723 1682 mori
1752 1636 1947 1696 posse
1975 1627 2083 1681 aut
2108 1626 2232 1681 tam

147 1700 361 1777 iniquo
408 1702 720 1776 planeque
761 1699 951 1762 invito
987 1702 1215 1763 stultos
1247 1710 1310 1763 et
1338 1704 1604 1767 fatuos?
1673 1704 1990 1765 Socratem
2029 1705 2234 1764 ferunt

148 1783 332 1846 morti
395 1782 745 1860 proximum
797 1784 877 1845 de
931 1784 1171 1860 piorum
1225 1785 1677 1848 immortalitate
1727 1788 2036 1864 beataque
2092 1786 2228 1858 vita,

149 1887 310 1947 quae
363 1876 627 1932 mortem
677 1868 1110 1945 consequitur,
1169 1870 1592 1945 disputavisse
1619 1919 1634 1947 ‚
1688 1871 1900 1948 itaque
1944 1873 2107 1933 laeto
2161 1887 2231 1931 ac

144 1954 359 2016 libenti
401 1955 602 2016 animo
645 1955 827 2014 letale
867 1952 1018 2016 illud
1059 1957 1354 2030 poculum
1392 1955 1713 2029 hausisse,
1773 1955 1953 2031 quasi
1997 1972 2126 2017 non
2155 1956 2232 2016 ad

144 2045 437 2112 mortem,
469 2039 583 2100 sed
611 2038 693 2098 ad
714 2054 973 2113 regnum
997 2047 1184 2114 atque
1208 2039 1530 2115 imperium
1553 2046 1903 2100 vocaretur.
1975 2038 2118 2100 161.
2155 2042 2233 2098 At

144 2138 295 2183 vero
315 2170 330 2194 ,
379 2138 643 2196 quorum
674 2120 914 2182 animus
947 2121 1006 2182 in
1042 2128 1208 2182 terra
1241 2123 1485 2183 defixus
1516 2123 1757 2198 haeret,
1804 2123 1908 2198 qui
1937 2122 2086 2183 nihil
2119 2121 2234 2184 uisi

144 2207 404 2266 mortale
433 2211 867 2280 terrenumque
899 2205 1198 2281 cogitant,
1245 2223 1357 2268 eos
1382 2209 1567 2282 plane
1596 2214 2017 2283 repugnantes
2047 2214 2234 2282 atque

142 2288 376 2350 invitos
433 2305 468 2348 e
515 2288 641 2348 vita
682 2286 1004 2348 discedere
1054 2288 1359 2351 videmus.
1461 2290 1588 2351 Nec
1638 2288 1976 2363 immerito,
2042 2306 2234 2365 quum

144 2372 491 2434 animorum
551 2369 973 2432 aeternitatem
1034 2373 1294 2448 propius
1345 2373 1464 2434 iam
1515 2373 1826 2436 intuentes
1879 2373 2237 2435 crucientur

144 2456 361 2516 mirum
391 2455 452 2515 in
484 2455 767 2527 modum,
811 2454 990 2529 quasi
1022 2454 1330 2532 flagitiose
1360 2465 1558 2519 actam
1590 2458 1776 2519 vitam
1810 2473 2020 2532 poena
2049 2457 2236 2519 etiam

145 2540 226 2600 sit
273 2536 633 2599 immortalis
677 2546 1111 2602 consecutura.
1208 2545 1417 2616 Atque
1458 2542 1608 2603 illud
1652 2541 1834 2602 etiam
1875 2577 1964 2587 -—
2008 2559 2045 2603 o
2085 2543 2237 2603 stul·

143 2631 269 2685 tum
297 2622 638 2696 hominem,
683 2622 906 2685 dixerit
933 2623 1183 2701 aliquiS,
1225 2633 1288 2685 et
1316 2633 1572 2688 naturae
1600 2642 1753 2688 suae
1784 2624 2032 2702 penitus
2063 2626 2236 2701 igna-

141 2717 309 2769 rum!
356 2742 442 2754 —-
498 2707 724 2769 nemini
765 2710 1101 2769 obscurum
1148 2724 1294 2772 esse
1323 2716 1565 2785 potest,
1611 2726 1691 2770 ex
1721 2709 1875 2791 ipsis
1909 2710 2097 2771 etiam
2135 2727 2235 2771 sa-

144 2792 264 2854 cris
307 2791 822 2866 caerimoniisque
851 2792 1145 2854 maiorum
1177 2801 1487 2854 aeternam
1523 2793 1787 2855 hominis
1819 2793 2005 2854 vitam
2054 2793 2237 2855 facile

143 2875 443 2952 cognosci
478 2883 667 2951 atque
694 2875 946 2952 intelligi
975 2893 1190 2952 posse.
1267 2879 1483 2952 Neque
1512 2877 1673 2938 enim
1700 2877 1784 2938 illi
1812 2887 1922 2938 aut
1948 2884 2236 2940 mortuos

141 2967 312 3022 tanto
344 2960 583 3022 honore
612 2959 950 3022 coluissent
978 2967 1084 3021 aut
1110 2967 1237 3020 tam
1265 2963 1489 3023 multas
1520 2969 1769 3037 tamque
1790 2961 1996 3023 varias
2026 2963 2234 3038 sepul-

144 3060 392 3106 crorum
425 3043 831 3106 caerimonias
855 3043 1124 3120 posteris
1150 3044 1579 3120 tradidissent,
1610 3045 1730 3107 nisi
1754 3045 2069 3122 cognitum
2091 3061 2232 3120 per·

143 3135 554 3203 spectumque
582 3127 946 3190 habuissent
974 3126 1182 3204 vigere
1212 3129 1481 3190 animum
1509 3129 1568 3190 in
1604 3137 1803 3192 morte
1832 3146 1978 3202 nec,
2019 3145 2229 3205 quam·

143 3226 328 3281 quam
373 3227 600 3287 corpus
645 3211 916 3283 occidat,
959 3210 1270 3273 hominem
1308 3213 1512 3289 ipsum
1547 3213 1790 3291 penitus
1820 3229 2225 3274 evanescere.

148 3289 286 3348 162.
341 3293 556 3363 Itaque
596 3293 890 3353 statuisse
924 3293 1214 3355 videntur
1247 3303 1506 3357 mortem
1549 3299 1748 3375 ipsam
1784 3312 1909 3357 non
1941 3313 2090 3358 esse
2117 3295 2227 3355 hu·
2331 3352 2332 3365 ,

143 3385 358 3428 manae
402 3371 560 3429 vitae
601 3374 1034 3436 confectricem
1076 3394 1195 3440 nec
1246 3395 1322 3438 ex
1370 3396 1445 3440 ea
1489 3380 1669 3457 sequi
1710 3380 2051 3454 interitum,
2112 3377 2232 3440 sed
