2381 3723
107 100 232 163 276
896 98 1400 159 FRAGMENTA.
2118 108 2195 163 86

110 250 505 313 revocatione
544 258 1003 325 converterent,
1050 258 1118 311 ut
1148 250 1269 310 hoc
1302 267 1483 312 omne
1518 249 1768 323 animal,
1818 251 1984 326 quod
2020 250 2193 311 vide·

111 353 279 409 mus,
321 341 492 395 esset
525 332 605 393 illi
634 333 909 406 animali,
960 333 1127 408 quod
1157 334 1486 406 sentimus,
1536 335 1615 393 ad
1645 333 2018 395 aeternitatis
2061 334 2194 395 imi·

108 419 404 480 tationem
434 417 821 478 simillimum.
909 418 983 477 X.
1027 418 1104 478 Et
1135 424 1378 478 caetera
1417 415 1660 493 quidem
1697 435 1890 493 usque
1930 419 2007 478 ad
2042 424 2185 478 tem·

111 501 283 579 poris
313 509 512 563 ortum
555 518 858 576 expressa
903 501 979 560 ab
1024 500 1170 574 illis,
1227 518 1384 577 quae
1418 500 1789 574 imitabatur,
1844 501 2191 574 effinxerat,

112 585 226 647 sed
259 586 403 660 quia
443 586 715 646 nondum
763 601 944 645 omne
989 584 1211 645 animal
1255 585 1314 645 in
1358 585 1588 646 mundo
1631 584 1795 646 intus
1836 585 2189 658 incluserat,

113 686 192 730 ex
223 684 297 729 ea
335 676 508 744 parte
552 668 878 729 deficiebat
915 669 993 728 ad
1026 668 1410 745 propositum
1445 670 1761 744 exemplar
1790 666 2067 744 imaginis
2109 667 2189 728 si-

112 751 409 812 militudo.
487 752 649 827 Quot
689 752 874 828 igitur
903 760 964 813 et
997 753 1211 827 quales
1254 752 1596 813 animalium
1649 754 1877 814 formas
1910 769 2084 812 mens
2125 751 2188 812 in

112 835 386 912 speciem
426 853 628 896 rerum
660 836 905 897 intuens
937 843 1183 913 poterat
1213 853 1498 909 cernere,
1553 834 1806 897 totidem
1847 844 1910 899 et
1940 838 2093 896 tales
2125 835 2186 896 in

112 921 235 982 hoc
259 921 488 980 mundo
521 937 732 982 secum
766 919 1055 996 cogitavit
1083 920 1396 996 effingere.
1479 922 1667 980 Erant
1695 925 1896 980 autem
1921 919 2188 978 animan-

111 1004 261 1066 tium
285 1020 514 1079 genera
538 1010 848 1083 quattuor,
887 1020 1146 1079 quorum
1172 1020 1357 1066 unum
1388 1002 1659 1065 divinum
1683 1011 1867 1078 atque
1901 1005 2188 1075 caeleste,

113 1088 368 1149 alterum
400 1087 800 1164 pennigerum
832 1096 893 1148 et
926 1086 1184 1161 aerium,
1239 1087 1482 1148 tertium
1517 1087 1846 1166 [aquatile],
1896 1093 2188 1146 terrestre

116 1180 418 1247 quartum.
491 1172 745 1233 Divinae
779 1171 1165 1233 animationis
1209 1170 1471 1232 maxime
1502 1171 1770 1248 speciem
1810 1170 2071 1230 faciebat
2113 1184 2191 1229 ex

113 1255 287 1331 igne,
337 1254 421 1316 ita
449 1263 520 1317 ut
547 1255 1084 1331 splendidissimus
1130 1262 1301 1317 esset
1340 1261 1402 1316 et
1430 1263 1686 1331 aspectu
1721 1252 2188 1331 pulcherrimus,

116 1340 439 1415 Quumque
482 1339 739 1401 similem
783 1338 1194 1400 universitatis
1234 1346 1490 1400 naturae
1547 1339 1795 1399 efficere
1839 1339 2052 1410 vellet,
2111 1336 2186 1396 ad

115 1422 556 1484 volubilitatem
598 1422 953 1484 rotundavit
990 1422 1404 1498 comitemque
1449 1439 1585 1484 eum
1627 1421 1961 1499 sapientiae
2005 1419 2188 1496 quam

117 1506 384 1582 optimae
436 1505 656 1567 mentis
697 1505 902 1566 effecit
951 1504 1304 1581 circumque
1347 1523 1528 1567 omne
1581 1508 1812 1567 caelum
1854 1503 2191 1580 aequaliter

117 1588 454 1661 distribuit,
512 1596 581 1649 ut
634 1590 797 1650 hunc
846 1589 961 1649 hac
1005 1589 1299 1650 varietate
1358 1590 1707 1651 distinctum
1759 1590 1919 1649 bene
1973 1585 2190 1648 Graeci

114 1667 402 1751 κόσμον,
434 1688 551 1732 nos
583 1673 888 1733 lucentem
918 1673 1212 1733 mundum
1239 1672 1715 1735 nominaremus.
1787 1671 1966 1733 Dedit
1988 1677 2189 1731 autem

119 1754 339 1816 divinis
393 1756 517 1816 duo
575 1772 806 1832 genera
854 1761 1089 1829 motuS,
1150 1774 1337 1818 unum
1394 1759 1558 1833 quod
1620 1772 1870 1832 semper
1919 1761 2090 1815 esset
2130 1752 2187 1812 in

118 1841 339 1902 eodem
370 1855 568 1915 aeque
604 1846 666 1901 et
697 1839 858 1901 idem
892 1839 953 1902 in
983 1838 1268 1903 omnibus
1301 1847 1484 1919 atque
1511 1859 1631 1903 uno
1665 1841 1849 1903 modo
1874 1840 2189 1908 celeraret,

118 1928 372 1986 alterum
405 1926 575 2002 quod
610 1925 669 1985 in
712 1924 971 1987 anticam
1011 1932 1246 2001 partem
1290 1943 1327 1986 a
1363 1924 1771 1987 conversione
1813 1923 2089 1984 eiusdem
2133 1927 2194 1980 et

119 2008 329 2071 similis
366 2011 717 2085 pelleretur.
786 2009 1081 2086 Quinque
1126 2016 1328 2070 autem
1371 2008 1623 2085 reliquis
1667 2007 1931 2069 motibus
1982 2004 2191 2065 orbem

119 2109 258 2153 eum
296 2108 440 2153 esse
471 2092 663 2154 voluit
694 2100 1042 2169 expertem,
1089 2092 1458 2153 immobilem
1490 2099 1550 2153 et
1579 2098 1862 2153 stantem.
1932 2090 2022 2149 Ex
2069 2102 2191 2163 quo

117 2190 346 2251 genere
375 2191 450 2236 ea
480 2182 625 2237 sunt
653 2175 886 2250 sidera,
928 2193 1087 2250 quae
1113 2176 1302 2237 infixa
1336 2179 1505 2238 caelo
1532 2193 1652 2237 non
1685 2180 2010 2235 moventur
2031 2171 2192 2241 1000,

120 2275 279 2335 quae
321 2266 465 2319 sunt
505 2258 830 2318 animantia
874 2276 1072 2335 eaque
1104 2260 1310 2321 divina
1341 2261 1421 2321 ob
1460 2276 1723 2335 eamque
1772 2273 2020 2318 causam
2065 2252 2192 2314 suis

121 2341 375 2402 sedibus
428 2341 751 2402 inhaerent
792 2348 855 2401 et
893 2347 1196 2418 perpetuo
1246 2352 1510 2404 manent,
1584 2343 1753 2418 Quae
1796 2348 1998 2401 autem
2042 2353 2196 2411 vaga

120 2430 182 2483 et
208 2422 479 2484 mutabili
509 2423 816 2486 erratione
855 2425 1169 2500 labuntur,
1222 2426 1303 2487 ita
1345 2433 1637 2502 generata
1678 2431 1851 2498 sunt,
1901 2430 1968 2484 ut
2005 2436 2195 2497 supra

120 2505 404 2568 diximus,
474 2509 601 2569 Iam
641 2523 790 2571 vero
825 2517 1076 2583 terram,
1113 2510 1384 2571 altricem
1409 2517 1716 2583 nostram,
1750 2524 1909 2585 quae
1939 2503 2195 2567 traiecto

120 2608 238 2653 axe
281 2590 649 2666 sustinetur,
704 2593 822 2654 diei
860 2593 1189 2668 noctisque
1225 2594 1598 2655 effectricem
1644 2594 2047 2666 eamdemque
2098 2603 2198 2647 cu·

120 2676 365 2738 stodem
400 2676 889 2755 antiquissimam
935 2678 1193 2738 deorum
1247 2678 1515 2739 omnium
1551 2677 1744 2739 voluit
1775 2691 1916 2737 esse
1961 2688 2198 2744 eorum,

122 2761 228 2835 qui
268 2761 426 2822 intra
462 2763 697 2823 caelum
747 2761 1162 2838 gignerentur.
1228 2760 1556 2823 Flexiones
1589 2769 1789 2822 autem
1837 2760 2095 2819 deorum
2138 2760 2202 2814 et

121 2843 280 2904 inter
324 2842 501 2920 ipsos
557 2845 714 2908 deos
759 2844 1206 2907 concursiones
1249 2861 1534 2922 quaeque
1577 2845 1636 2905 in
1685 2843 1938 2905 orbibus
1983 2853 2199 2901 eorum

123 2926 570 2989 conversiones
600 2928 1193 3005 antecessionesque
1236 2929 1555 3003 eveniant,
1590 2942 1903 3005 quumque
1932 2923 2095 2984 inter
2129 2937 2201 2982 se

122 3027 320 3086 paene
372 3010 759 3087 contingant,
819 3029 1033 3074 eorum
1076 3011 1178 3090 qui
1221 3030 1421 3090 prope
1481 3014 1849 3090 copulentur
1894 3003 2201 3069 contraria

119 3095 374 3170 regione
405 3103 465 3157 et
505 3112 669 3173 pone
701 3114 860 3174 quos
896 3103 1002 3157 aut
1029 3105 1168 3159 ante
1214 3096 1496 3159 labantur
1532 3096 1880 3172 quibusque
1913 3087 2199 3167 tempori-

120 3178 240 3236 bus
270 3193 308 3237 a
336 3187 553 3240 nostro
586 3187 842 3254 aspectu
885 3180 1251 3242 oblitescant
1283 3197 1626 3256 rursusque
1663 3177 1885 3240 emersi
1923 3188 2201 3237 errorem

123 3256 419 3319 incutiant
465 3261 719 3323 rationis
763 3262 1148 3339 expertibus,
1203 3265 1257 3325 si
1296 3263 1503 3324 verbis
1534 3262 1845 3340 explicare
1886 3272 2198 3328 conemur,

125 3337 292 3397 nullo
326 3342 531 3412 posito
559 3344 676 3405 sub
708 3343 903 3427 oeulis
928 3346 1257 3409 simulacro
1288 3362 1497 3408 earum
1529 3362 1734 3408 rerum
1758 3347 1986 3407 frustra
2005 3338 2201 3404 susei-

198 3587 339 3601 Ab..
