2381 3723
106 139 228 201 266
664 160 675 169 ·
886 137 1389 199 FRAGMENTA.
2103 150 2182 207 76

227 288 329 348 24.
372 289 595 362 [Quum
635 287 790 348 alius
824 288 1069 363 adleget
1110 289 1240 364 agri
1273 290 1566 350 culturam
1612 289 1976 352 laudabilem
2013 295 2186 368 apud

106 390 319 436 omnes
350 372 591 443 haberi,
626 373 860 432 fructus
894 381 1090 432 terrae
1113 372 1427 449 simplices
1457 389 1601 435 esse
1630 373 1878 450 triploS‚
1911 377 2051 449 plus
2075 375 2186 451 qui

105 456 523 529 seminaverit,
560 472 696 517 eum
728 454 1143 531 probatiorem
1179 457 1346 529 fore,
1375 455 1696 517 uberiores
1738 457 1970 518 reditus
2003 457 2185 520 indu-

105 542 289 603 striae
319 556 441 600 non
467 540 763 611 fraudari,
799 537 1227 615 negligentiam
1259 540 1453 616 magis
1489 546 1552 600 et
1578 539 1869 601 incuriam
1904 541 2065 602 ruris
2096 542 2187 602 in-

106 624 248 685 culti
288 622 676 705 reprehendi.
749 635 908 704 [Haec
950 639 1185 693 AmbroS.
1228 641 1290 690 de
1326 636 1521 690 Officiis
1571 641 1669 698 111,
1718 640 1769 693 6.
1801 642 1863 694 2.
1901 641 2185 692 editoribus

102 707 441 758 Benedictinis
478 706 712 756 Tulliana
739 707 852 755 visa
875 705 1112 770 Orelliue,
1133 723 1439 772 quamquam
1458 722 1560 758 non
1593 709 1903 774 adsentiens,
1935 708 2183 778 dimidiu]

625 843 701 895 11.
735 842 1167 911 PROTAGORAS
1206 845 1296 895 Ex
1331 843 1656 898 PLATONE.

216 942 414 1013 ¹[Hunc
447 944 694 1009 dialogum
737 960 834 1010 quo
876 953 1092 1008 tempore
1130 946 1310 997 Cicero
1344 947 1532 996 Latine
1575 949 1935 1008 buter-precatus
1979 949 2051 997 'sit
2086 963 2187 997 non

101 1017 258 1079 mayis
301 1021 534 1064 constare
568 1014 645 1064 ait
675 1013 896 1065 Nobbius
942 1031 1085 1080 quam
1119 1016 1320 1079 quando
1364 1014 1629 1065 Aeschinis
1662 1017 1713 1065 in
1751 1014 2102 1078 Ctesiphontem
2137 1025 2188 1066 et

100 1082 439 1134 Demosthenis
476 1096 577 1145 pro
619 1082 932 1145 Ctesiphonte
967 1085 1223 1134 orationes
1267 1090 1342 1145 et,
1397 1084 1530 1148 quod
1576 1083 1653 1132 his
1680 1085 1960 1146 praemisit,
2004 1099 2185 1146 prooe-

102 1155 242 1202 mium
279 1152 343 1201 de
376 1153 553 1214 optimo
591 1166 779 1215 qenere
820 1160 1090 1202 oratorum.
1162 1151 1272 1202 Sed
1313 1156 1363 1202 si
1393 1151 1769 1214 tat'netilianwn
1819 1153 2060 1216 videmus,
2101 1154 2189 1217 qui

101 1221 187 1270 lib.
224 1219 295 1270 X.
331 1234 446 1283 cap.
483 1222 533 1271 5.
571 1222 621 1283 S.
660 1223 712 1270 2.
744 1218 896 1270 dicit:
942 1220 1046 1270 ‘la
1078 1216 1334 1284 (Graeca)
1357 1229 1555 1270 vertere
1578 1236 1673 1270 sua
1694 1222 1805 1283 ipse
1821 1235 2044 1284 persona
2071 1223 2186 1284 fre-

102 1291 413 1354 quentissime
429 1288 708 1353 praecipit:
748 1291 865 1352 quin
895 1291 1040 1339 etiam
1068 1289 1225 1339 libros
1257 1289 1486 1339 Platonis
1521 1296 1669 1354 atque
1701 1288 2043 1353 Xenophontis
2076 1290 2187 1339 edi-

103 1360 180 1408 dit
228 1358 320 1408 hoc
365 1373 554 1423 yenere
602 1359 930 1417 translatos',
992 1359 1187 1408 videtur
1239 1357 1416 1408 Cicero
1462 1358 1756 1409 adolescens
1804 1356 1928 1408 haec
1993 1372 2188 1423 quoque

101 1430 416 1478 transtulisse
459 1430 510 1476 in
553 1440 822 1476 sermonem
860 1420 1137 1490 Latinum]

181 1521 190 1528 ·
232 1515 287 1572 1.
333 1525 546 1592 [Plato
582 1527 786 1592 Protag.
824 1525 964 1592 init]
1052 1509 1208 1587 Quid
1234 1518 1328 1585 tu,
1359 1513 1522 1573 unde
1552 1513 1797 1573 tandem
1826 1527 2111 1587 appareS‚
2145 1529 2183 1572 o

105 1595 402 1656 Socrate?
438 1602 501 1654 at
541 1593 603 1653 id
641 1595 883 1671 quidem
922 1611 1045 1655 non
1086 1593 1334 1656 dubium
1377 1602 1474 1656 est
1511 1595 1653 1672 quin
1701 1580 1778 1656 ab
1826 1594 2186 1655 Alcibiade?

105 1677 178 1744 [P
194 1679 280 1727 ris
296 1679 439 1727 c-ian
456 1692 524 1727 us
551 1678 641 1729 lib.
679 1680 769 1729 VI.
807 1693 918 1744 cap.
966 1679 1045 1730 11.
1077 1681 1126 1743 S.
1165 1677 1253 1728 63.
1290 1694 1342 1744 p.
1383 1680 1484 1729 247
1524 1695 1604 1743 sq.
1637 1677 1833 1744 Herm]

230 1761 288 1822 2.
335 1777 550 1844 [Plato
589 1779 790 1845 Protag.
830 1793 884 1844 p.
927 1760 1049 1831 356.
1095 1781 1159 1830 A.
1199 1782 1279 1831 ed.
1320 1779 1523 1847 steph]
1549 1765 1747 1846 ‚Quae
1771 1761 1951 1838 igitur
1976 1768 2186 1838 potest

105 1864 247 1909 esse
277 1845 604 1924 indignitas
644 1848 977 1925 voluptatis
1008 1849 1084 1909 ad
1119 1848 1495 1923 molestiam,
1528 1846 1645 1909 nisi
1674 1846 1734 1908 in
1769 1844 2185 1922 magnitudine

104 1941 206 1992 aut
245 1932 623 2008 longitudine
655 1931 906 1994 alterius
945 1933 1140 1994 utrius
1182 1934 1428 2009 posita?
1518 1947 1934 2014 [Priscianus
1977 1945 2063 1996 lib.
2114 1945 2181 1995 v.

105 2030 219 2080 cap.
265 2018 340 2066 12.
381 2018 429 2079 S.
469 2017 554 2068 64.
591 2032 643 2083 p.
685 2017 799 2069 182.
840 2015 1028 2081 Hertz.]

226 2099 284 2160 3.
336 2115 552 2181 [Plato
589 2116 792 2182 Protag.
830 2131 882 2182 p.
920 2114 1039 2168 357.
1073 2114 1158 2183 13.]
1246 2105 1419 2163 Nunc
1449 2120 1486 2162 a
1518 2101 1726 2176 vobis,
1773 2117 1810 2163 o
1843 2102 2182 2174 Protagora

103 2188 167 2242 et
195 2182 478 2257 Socrate,
514 2185 761 2258 postulo
796 2191 864 2244 ut
900 2184 979 2245 de
1009 2183 1128 2246 isto
1160 2185 1519 2248 concedatis
1549 2187 1702 2246 alter
1731 2182 1905 2245 alteri
1935 2190 1997 2243 et
2025 2181 2183 2241 inter

104 2283 218 2328 vos
245 2267 323 2326 de
342 2266 602 2326 huiusce
633 2265 800 2326 modi
819 2266 1008 2327 rebus
1035 2267 1602 2342 controversemini,
1635 2285 1772 2329 non,
1789 2265 2177 2327 concertelis.

104 2346 516 2413 [Priscianus
551 2348 638 2402 lib.
676 2349 789 2401 VII.
830 2364 944 2414 cap.
986 2351 1039 2405 7.
1077 2353 1126 2414 s.
1162 2350 1274 2418 35.]

229 2437 288 2492 4.
339 2431 757 2493 confirmandi
786 2448 1017 2508 genera
1048 2438 1408 2513 compluria.
1495 2451 1827 2516 [Donatus
1875 2452 1926 2501 iu
1978 2451 2177 2499 Terent.

104 2515 304 2567 Phorm.
344 2525 442 2567 act.
482 2516 569 2566 IV.
609 2532 682 2568 sc.
722 2515 776 2569 3.
815 2531 865 2568 ν.
901 2515 975 2580 6.]

672 2653 775 2705 111.
812 2650 1096 2704 TIMAEUS
1133 2652 1218 2703 DE
1252 2652 1602 2706 UNIVERSO.

239 2752 412 2820 [Hune
442 2755 674 2805 Platonis
706 2754 880 2806 librum
916 2755 1090 2805 Cicero
1124 2762 1297 2805 aetate
1332 2757 1430 2806 iam
1464 2762 1737 2818 provectus
1774 2752 1957 2804 Latine
2000 2759 2079 2803 est
2109 2753 2182 2801 in-

105 2829 429 2884 terpretatus.
501 2821 676 2886 Ipsum
721 2824 846 2872 enim
883 2824 1182 2886 prooemium
1217 2823 1452 2874 declarat
1500 2839 1605 2874 eum
1638 2825 1874 2884 seriptum
1920 2836 2035 2871 esse
2067 2826 2188 2884 post

102 2890 432 2954 Academica,
475 2906 607 2955 quae
657 2890 881 2942 Caesare
910 2890 1019 2944 IV.
1068 2906 1172 2942 cos.
1208 2893 1316 2941 sine
1361 2892 1474 2945 coll.
1512 2907 1556 2942 s.
1594 2907 1641 2941 a.
1688 2891 1751 2943 U.
1794 2889 1912 2940 710.
1951 2890 2186 2952 confecta

101 2973 213 3009 esse
253 2965 460 3008 constat.
532 2958 791 3009 Caeterum
842 2960 956 3022 ipse
1006 2961 1200 3025 quidem
1238 2960 1413 3011 cicero
1462 2960 1636 3010 libr-tan
1677 2958 1911 3009 Platonis
1955 2959 2186 3019 exemplo

109 3026 378 3086 Piniaenm,
410 3029 632 3077 seriores
667 3035 827 3078 autem
855 3030 1170 3093 grammatici
1194 3029 1257 3078 de
1292 3029 1616 3079 universitate
1649 3030 1729 3077 vel
1760 3026 1827 3076 de
1846 3028 2078 3076 aniverso
2110 3027 2185 3074 in·

99 3097 367 3158 scripsisse
401 3096 655 3148 dicantur.
729 3094 963 3161 NOBB.]

222 3213 267 3271 I.
312 3213 501 3273 Multa
531 3220 675 3274 sunt
702 3213 946 3288 anobis
983 3214 1127 3275 etin
1161 3212 1551 3274 Academicis
1582 3211 1936 3288 conscripta
1964 3217 2184 3271 contra

108 3290 400 3367 physicos
433 3300 494 3355 et
527 3311 718 3372 saepe
750 3311 887 3356 cum
920 3297 982 3355 P.
1015 3296 1251 3371 Nigidio
1286 3296 1638 3357 Carneadeo
1684 3311 1854 3356 more
1898 3301 1961 3355 et
1993 3292 2181 3354 modo

107 3370 436 3444 disputata.
493 3377 630 3437 Fuit
650 3377 807 3437 enim
844 3377 938 3437 vir
962 3379 1060 3438 ille
1090 3396 1282 3456 quum
1308 3379 1566 3439 caeteris
1598 3377 1830 3438 artibus
1862 3392 2022 3453 quae
2053 3373 2181 3450 qui·
