2381 3723
128 124 239 179 129
902 112 1466 173 POEMATORUM.
2096 115 2230 181 319

263 267 538 343 Quorum
569 267 724 325 alter
756 273 1014 340 tangens
1045 265 1374 340 Aquilonis
1405 266 1660 328 vertitur
1689 283 1871 329 auras
1890 266 1916 340 ,“

125 351 254 412 Ora
285 356 507 427 petens
539 348 924 410 Geminorum
957 347 1242 409 illustria:
1291 356 1410 409 tum
1442 366 1639 424 genus
1671 352 1893 411 ardens

121 437 196 495 In
232 451 380 496 sese
415 427 687 494 retinens
719 432 984 508 Aurigae
1016 441 1223 507 portat
1251 440 1598 509 utrumque.
1935 442 2087 512 (255)
2119 447 2228 502 500

122 519 312 580 Hunc
344 535 491 579 sura
519 520 696 577 laeva
727 518 992 577 Perseus
1027 517 1412 591 humeroque
1452 517 1697 580 sinistro

124 602 381 679 Tangit:
411 610 474 662 at
499 601 902 662 Andromeda
931 600 1028 660 hic
1052 600 1280 663 ,dextra
1312 601 1390 661 de
1420 609 1595 677 parte
1625 611 1894 677 tenetur,

128 687 249 747 Cui
266 703 480 746 manus
503 686 591 746 ad
614 685 877 745 Boream
891 730 905 757 ,
930 685 1158 745 cubitus
1177 688 1282 745 cm·
1302 692 1531 760 spectat
1556 689 1644 747 ad
1668 689 1947 750 Austrum
1962 737 1976 764 ,

126 769 525 847 Imponitque
554 769 749 845 pedes
782 767 1060 842 duplices
1090 768 1337 842 Equus:
1369 776 1431 829 et
1458 768 1637 831 simul
1667 774 1815 834 Ales

125 853 313 916 Ponit
341 855 476 914 avis
509 860 696 929 caput
726 859 789 913 et
821 851 1043 912 clinato
1080 868 1346 928 corpore
1375 860 1614 928 tergum
1920 874 1924 878 ·
2114 868 2218 921 505

124 936 560 1014 Anguitenens
587 935 854 998 humeris
889 934 1244 997 connititur:
1274 935 1376 996 illa
1403 939 1703 1000 recedens
2065 944 2216 1014 (260)

123 1024 427 1082 Austrum
460 1019 862 1096 consequitur
892 1018 1173 1080 devitans
1208 1037 1473 1096 corpore
1500 1020 1713 1099 Virgo.

126 1109 216 1166 At
244 1123 394 1167 vero
428 1113 624 1167 totum
660 1103 924 1180 spatium
955 1104 1305 1165 convestiet
1330 1104 1497 1166 orbis

127 1190 375 1265 Magnu’
406 1190 532 1251 Leo
570 1196 632 1250 et
660 1190 825 1249 claro
866 1189 1182 1249 collucens
1211 1188 1437 1249 lumine
1468 1188 1727 1263 Cancer,
2218 1252 2222 1256 ,

128 1275 198 1334 ln
233 1290 357 1350 quo
390 1273 740 1335 consistens
773 1271 1077 1333 convertit
1107 1273 1472 1334 curriculum
1506 1272 1615 1335 Sol
2114 1287 2216 1339 510

125 1357 460 1431 AestivuS,
491 1356 696 1418 medio
729 1356 1113 1431 distinguens
1151 1373 1417 1433 corpore
1450 1374 1688 1419 cursus.
2062 1364 2215 1433 (265)

126 1441 244 1502 Hic
278 1449 442 1503 totus
475 1440 714 1502 medius
751 1440 916 1501 circo
949 1440 1370 1517 distinguitur:
1410 1440 1526 1502 iste

126 1522 489 1587 Pectoribus
520 1524 740 1586 validis
771 1533 956 1600 atque
986 1527 1125 1586 alvo
1159 1524 1440 1601 possidet
1471 1525 1703 1586 orbem.

128 1611 309 1670 Hunc
341 1617 481 1670 octo
515 1608 575 1669 in
610 1615 817 1684 partes
850 1607 1111 1669 divisum
1143 1625 1408 1670 noscere
1439 1608 1667 1669 circum

132 1693 198 1753 Si
230 1700 446 1767 potes,
478 1691 755 1753 invenies
792 1708 1023 1766 supero
1057 1693 1585 1776 convertierfiorbe
2114 1704 2216 1758 515

132 1776 415 1852 Quinque
445 1776 580 1853 pari
608 1775 809 1854 spatio
829 1823 844 1849 ,
877 1782 1085 1852 partes
1115 1775 1228 1837 tris
1260 1793 1405 1838 esse
1436 1776 1713 1852 relictas,
2061 1784 2217 1852 (270)

130 1863 443 1937 Tempore
478 1869 784 1923 nocturno
820 1877 977 1936 quas
1006 1861 1104 1922 vis
1139 1861 1380 1921 inferna
1411 1861 1778 1936 frequentat.

132 1988 1743 2007 0000000000000000

126 2114 308 2174 Alter
335 2114 412 2174 ab
443 2111 694 2175 infernis
728 2112 941 2174 Austri
966 2110 1346 2173 convertitur
1372 2110 1560 2173 auris.

256 2196 642 2259 Distribuens
672 2198 941 2259 medium
973 2196 1188 2259 subter
1217 2201 1389 2257 secat
1415 2194 1514 2257 hic
1547 2193 2013 2272 Capricornum,

132 2284 343 2357 Atque
376 2281 571 2358 pedes
600 2279 867 2357 gelidum
898 2281 1098 2343 rivum
1131 2280 1442 2341 fundentis
1479 2278 1741 2357 Aquari,
2117 2288 2222 2341 520

134 2366 617 2441 Caeruleamque
649 2367 815 2427 ferae
843 2366 1100 2426 caudam
1132 2363 1401 2426 Pistricis
1433 2371 1496 2425 et
1528 2363 1693 2425 illum
2067 2366 2220 2437 (275)

131 2449 492 2524 Fulgentem
521 2451 855 2525 Leporem,
885 2449 1030 2510 inde
1061 2450 1259 2526 pedes
1292 2447 1469 2509 Canis
1502 2456 1565 2510 et
1594 2448 1771 2509 simul
1803 2450 2066 2527 amplam

133 2533 490 2609 Argolicam
521 2535 745 2595 retinet
776 2534 996 2595 crebro
1033 2549 1170 2594 cum
1201 2531 1428 2593 lumine
1459 2534 1721 2592 Navem:

134 2618 461 2694 Tergaque
493 2617 778 2679 Centauri
809 2625 996 2693 atque
1026 2618 1225 2692 Nepai
1249 2621 1457 2693 portat
1488 2628 1777 2675 acumen:

133 2701 282 2761 Inde
313 2701 600 2778 Sagittari
631 2703 901 2763 defixum
936 2697 1477 2777 possidetarcum.
2120 2706 2222 2759 525

133 2785 340 2859 Hunc,
374 2802 411 2845 a
441 2785 764 2848 clarisonis
796 2786 961 2847 auris
992 2783 1324 2861 Aquilonis
1353 2782 1434 2842 ad
1462 2785 1758 2843 Austrum
2068 2784 2221 2855 (280)

138 2869 410 2930 Cedens:
443 2878 826 2946 postremum
856 2868 1052 2945 tangit
1082 2876 1221 2930 rota
1253 2866 1487 2929 fervida
1517 2864 1714 2927 Solis:

134 2952 372 3014 Exinde
404 2953 463 3015 in
498 2971 763 3031 superas
792 2952 1050 3016 brumali
1078 2960 1359 3029 tempore
1385 2951 1587 3011 flexus

138 3037 218 3098 Se
252 3037 470 3115 recipit
498 3041 723 3100 sedes:
757 3038 898 3100 huic
931 3036 1066 3099 orbi
1100 3036 1374 3113 quinque
1407 3034 1667 3095 tributae

127 3123 483 3183 Nocturnae
514 3129 723 3198 partes
743 3172 757 3195 ,
793 3138 1020 3199 supera
1049 3129 1176 3183 tres
1210 3122 1348 3181 luce
1381 3118 1682 3179 dicantur.
2121 3122 2224 3177 530

253 3207 467 3267 Hosce
497 3206 654 3267 inter
683 3207 942 3268 mediam
979 3212 1215 3282 partem
1247 3203 1510 3265 retinere
1540 3201 1782 3262 videtur
2069 3203 2222 3272 (285)

130 3290 399 3365 TantuS,
439 3300 702 3366 quantus
735 3292 880 3366 erit,
917 3291 1233 3351 collucens
1265 3290 1597 3348 Lacteus
1633 3283 1873 3346 orbis,

128 3375 197 3434 ln
228 3391 355 3451 quo
391 3376 726 3437 autumnali
759 3381 946 3451 atque
975 3372 1197 3435 iterum
1233 3373 1332 3433 sol
1363 3370 1586 3433 lumine
1621 3385 1813 3431 verno
