2381 3723
196 107 326 173 380
609 106 915 168 INCERTI
944 106 1331 169 AUCTORIS
1361 105 1857 168 CONSOLATIO.
2210 119 2315 173 190

200 258 437 334 miseri,
472 259 766 320 morimur
790 256 988 332 beati,
1025 258 1164 334 quis
1199 256 1260 318 in
1301 258 1459 318 hanc
1497 258 1697 318 lucem
1739 257 1840 318 edi
1867 258 2057 334 velit,
2095 269 2176 323 ut
2205 261 2310 322 mi·

199 343 378 405 seriis
424 342 846 419 opprimatur?
878 342 1028 417 ¹quis
1066 357 1192 402 non
1230 340 1438 416 potius
1481 340 1666 415 mori,
1706 349 1777 403 ut
1818 342 2071 403 beatam
2111 345 2307 406 vitam

197 426 517 503 acquirat?
561 433 650 499 et,
696 425 750 487 si
779 426 902 487 hoc
932 424 1243 487 nobismet
1278 424 1465 500 ipsis,
1497 432 1565 486 ut
1594 424 1921 501 optimum,
1961 429 2302 501 vellemuS,

199 527 310 571 cur
337 509 545 571 liberis
571 517 632 569 et
654 508 962 571 adfinibus
992 509 1349 570 diversum?
1388 513 1487 568 An
1516 509 1733 570 melius
1760 508 1939 571 nobis
1971 528 2175 586 quam
2205 512 2301 584 iis,
2377 545 2381 596 Ι

200 610 359 670 quos
381 609 619 654 summe
643 592 948 667 diligimus
966 640 980 665 ,
1017 610 1162 655 esse
1182 592 1471 667 velimus,
1501 599 1607 653 aut
1635 592 1842 670 potius
1863 594 2049 654 beate
2089 596 2298 667 nobiS,
2379 599 2381 616 '

195 677 419 739 misere
443 676 597 752 ipsis
621 684 684 736 et
711 674 1074 738 infeliciter?
1109 678 1245 737 Hoc
1270 683 1436 737 certe
1461 677 1625 737 nullo
1651 677 1859 738 modo.
1949 676 2057 738 34.
2095 680 2293 754 Quam

196 760 276 819 ob
327 775 457 820 rem
507 754 770 820 amanda
822 775 992 821 mors
1045 776 1294 836 semper
1344 759 1662 834 omnibuS,
1716 759 2052 822 carissimis
2104 763 2290 824 etiam

198 844 487 920 optanda.
541 845 666 918 Ac,
697 842 752 905 si
783 844 1008 919 quibus
1033 843 1186 905 mori
1210 850 1488 920 praestat
1508 842 1954 919 quamvivere,
1985 844 2062 905 iis
2114 862 2286 921 prae·

197 928 403 1004 cipue,
448 944 609 1002 quos
653 935 714 989 et
747 935 885 994 acta
924 944 1062 990 cum
1089 925 1314 992 virtute
1353 927 1475 988 vita
1505 929 1709 990 claros
1745 927 1953 989 effecit
1996 933 2061 988 et
2091 946 2283 999 mors,

196 1011 347 1074 satis
381 1010 667 1073 diuturna
701 1011 826 1073 vita
856 1013 1246 1089 perfunctos,
1277 1010 1557 1074 molestia
1589 1012 1858 1072 adficere
1887 1027 2014 1072 non
2052 1020 2280 1088 potest.

196 1096 298 1158 35.
341 1095 523 1158 Nasci
558 1112 706 1157 vero
740 1113 866 1158 non
895 1094 1166 1171 intelligo
1196 1093 1419 1171 quibus
1446 1093 1754 1171 expediat.
1842 1096 1992 1156 Nam
2019 1094 2081 1155 in
2109 1112 2283 1157 aeru-

197 1196 371 1241 mnas
424 1178 833 1256 miseriasque
882 1178 1297 1254 ingredientes
1351 1178 1501 1254 quid
1549 1185 1819 1255 gratum,
1886 1178 2039 1254 quid
2089 1178 2283 1239 hilare

196 1262 572 1340 aspicimus?
618 1280 740 1339 qua
773 1280 842 1324 re
873 1263 1079 1340 potius
1109 1279 1234 1324 non
1260 1262 1672 1324 offendimur?
1718 1262 1887 1338 quod
1920 1261 2165 1339 primus
2188 1263 2283 1326 ille

197 1347 581 1409 nascentium
618 1345 937 1409 infantium
967 1345 1213 1424 vagitus
1245 1354 1308 1407 et
1341 1346 1602 1408 eiulatus
1632 1347 1785 1407 satis
1818 1347 2113 1408 declarat.
2164 1345 2282 1408 Tri·

194 1430 380 1493 butus
416 1430 576 1492 enim
619 1432 834 1493 estab
869 1429 1101 1507 optima
1142 1438 1395 1507 parente
1423 1437 1877 1506 natura,rquae
1919 1430 2069 1491 nihil
2100 1430 2283 1491 inane

195 1516 357 1575 solet
398 1515 623 1575 efferre
670 1530 744 1575 ac
785 1515 991 1590 potius
1039 1515 1117 1576 iis
1163 1515 1383 1587 rebuS,
1437 1530 1592 1591 quas
1644 1514 1862 1587 efficit,
1915 1515 2283 1576 admiranda

196 1613 445 1673 semper
495 1597 622 1657 edit
666 1599 764 1658 vel
801 1598 1044 1675 pietatis
1098 1600 1198 1659 vel
1238 1597 1502 1659 iustitiae
1542 1599 1642 1658 vel
1682 1596 2048 1674 prudentiae
2092 1598 2283 1659 docu-

194 1687 416 1741 menta.
504 1679 606 1742 36.
653 1682 747 1742 Ex
778 1699 903 1757 quo
936 1682 1187 1758 intelligi
1229 1681 1380 1743 licet*
1401 1699 1525 1743 non
1566 1680 2283 1758 nasciflongeoptimum

195 1781 339 1826 esse
384 1781 499 1825 nec
537 1763 599 1826 in
635 1766 751 1827 hos
792 1769 1090 1844 scopulos
1129 1765 1400 1827 incidere
1442 1765 1632 1838 vitae,
1667 1763 2017 1842 proximum
2052 1773 2281 1837 autem,

195 1849 249 1910 si
287 1856 470 1912 natus
500 1848 636 1925 sis,
679 1868 862 1926 quam
908 1850 1169 1927 primum
1217 1848 1372 1913 mori
1406 1855 1474 1911 et
1509 1856 1821 1925 tamquam
1868 1866 1947 1910 ex
1987 1847 2281 1912 incendio

195 1934 473 2010 effugere
516 1936 817 1996 fortunae.
888 1934 1084 1997 ¹Sileni
1112 1951 1274 2010 quae
1306 1936 1499 1996 fertur
1527 1934 1758 2007 fabula,
1802 1933 1856 1995 si
1886 1933 2282 2009 gravioribus

195 2017 430 2078 ludicra
457 2017 765 2079 interdum
795 2018 1138 2081 admiscere
1167 2017 1376 2093 liceat,
1410 2017 1572 2080 idem
1600 2018 2144 2081 certeconfirmat:
2178 2017 2284 2092 qui

195 2107 414 2177 captus
456 2118 494 2161 a
536 2102 704 2163 Mida
743 2102 1099 2167 missionem
1149 2102 1430 2166 doctrina
1470 2100 1748 2163 redemit.
1818 2101 2045 2163 Docuit
2071 2109 2281 2169 autem

192 2201 402 2260 regem
436 2200 770 2259 numquam
803 2187 975 2247 nasci
1005 2186 1301 2263 optimum
1344 2203 1522 2259 esse,
1564 2186 1680 2248 sed
1713 2184 2085 2249 celeritatem
2105 2201 2280 2251 ,mor-

195 2267 271 2329 tis
301 2266 589 2344 proxime
615 2268 934 2329 accedere.
995 2271 1287 2346 Idemque
1316 2268 1623 2346 Euripidis
1646 2267 2020 2342 testimonio,
2052 2273 2282 2344 poetae

193 2350 663 2426 sapientissimi,
708 2353 1169 2426 comprobatur.
1260 2351 1363 2413 37.
1387 2352 1537 2416 'Sed
1576 2355 1832 2415 Crantor
1871 2359 2091 2414 noster
2119 2349 2281 2430 patri

193 2432 298 2493 filii
339 2439 598 2493 mortem
641 2434 982 2509 aegerrime
1025 2435 1245 2497 ferenti
1273 2452 1646 2513 responsum
1681 2437 1766 2499 ait
1794 2437 2003 2497 datum
2037 2452 2188 2497 esse
2219 2437 2279 2495 iu

193 2515 698 2594 psychomantio‚
739 2516 862 2579 filio
896 2536 1011 2582 suo
1058 2521 1728 2596 benebeatequeesse
1751 2518 2087 2594 utiliusque
2121 2521 2279 2579 futu·

192 2610 326 2662 rum
379 2598 602 2675 fuisse,
648 2600 703 2663 si
750 2601 930 2664 etiam
979 2611 1155 2681 pater
1193 2603 1326 2681 pari
1366 2603 1603 2666 ratione
1644 2604 1783 2665 ratis
1834 2601 2279 2664 concessisset.

192 2685 385 2758 Quam
416 2686 497 2746 ob
528 2702 687 2760 rem,
721 2685 777 2748 si
809 2688 1089 2750 dolorum
1133 2687 1318 2748 finem
1349 2704 1530 2748 mors
1570 2688 1802 2760 adfert,
1845 2686 1900 2749 si
1940 2685 2280 2747 securioris

192 2774 254 2828 et
284 2767 554 2830 melioris
589 2769 820 2832 initium
861 2770 1053 2846 vitae,
1096 2769 1150 2832 si
1194 2772 1399 2838 futura
1427 2772 1588 2831 mala
1620 2770 1870 2843 avertit,
1911 2769 1966 2830 si
1997 2770 2282 2830 medetur

192 2851 655 2927 praesentibus,
688 2853 743 2915 si
770 2871 888 2916 nos
918 2871 996 2915 ex
1028 2853 1305 2930 plurimis
1329 2855 1428 2914 vel
1457 2855 1815 2916 morborum
1836 2855 1935 2913 vel
1966 2851 2280 2915 molestia-

191 2951 325 2996 rum
364 2937 461 2996 vel
495 2937 895 2999 acerbitatum
940 2937 1231 3014 periculis
1264 2937 1500 3014 educit,
1527 2954 1653 2999 cur
1677 2954 1830 3007 ‚eam
1868 2943 2038 2997 tanto
2087 2950 2279 3010 opere

190 3033 495 3086 accusare,
517 3026 625 3083 aut
646 3021 927 3085 dolorem
955 3037 1035 3082 ex
1064 3037 1139 3082 ea
1167 3021 1448 3083 derivare
1481 3021 1736 3083 velimus
1754 3068 1769 3095 ,
1802 3037 1882 3087 ex
1912 3036 2034 3095 qua
2066 3017 2276 3096 potius

191 3103 679 3165 consolationem
713 3120 788 3169 ac
832 3103 1117 3166 laetitiam
1155 3104 1401 3169 haurire
1446 3107 1540 3166 fas
1571 3106 1777 3177 esset?
1814 3102 1942 3164 Nisi
1987 3101 2069 3174 si,
2109 3100 2274 3178 quod

187 3193 451 3247 mortem
481 3187 915 3263 subsequitur,
961 3205 1079 3250 nos
1116 3191 1391 3251 ‘fortasse
1421 3188 1721 3251 sollicitos
1747 3188 1950 3255 habet.
2040 3183 2142 3247 38.
2187 3187 2272 3246 De

191 3282 312 3337 quo
348 3266 495 3327 libet
522 3286 723 3342 pauca
751 3270 988 3342 dicere,
1008 3289 1099 3331 <ne
1132 3272 1232 3332 hic
1273 3289 1435 3333 unus
1481 3273 1561 3331 ad
1602 3270 1942 3333 molestiam
1969 3270 2274 3332 dolorem·

191 3361 313 3417 que
343 3350 631 3408 alendum
662 3353 924 3425 angulus
957 3352 1508 3430 relinquatursqui
1533 3356 1814 3431 profecto
1846 3351 2273 3429 insipientibus
