2381 3723
149 129 301 192 ‘400
597 131 898 233 lncER‘n
928 132 1319 195 AUcToffls
1354 132 1835 195 consoLAno
2179 151 2273 203 κιο
2343 127 2344 206 4

174 283 301 361 psit
350 283 485 345 sine
527 285 746 345 dolore
789 282 1062 359 cogitare
1111 283 1347 359 potuit?
1407 302 1592 361 quum
1633 285 2002 361 praesertim
2044 288 2185 353 hoc
2221 293 2270 352 in
2343 289 2344 292 ’

173 368 276 428 illa
316 368 668 429 laudatione
698 375 760 428 et
793 366 1077 428 admirari
1112 375 1174 428 et
1216 368 1643 444 obstipescere
1686 372 2040 447 soleamuS,
2110 378 2270 451 quod

176 470 330 526 non,
391 459 459 512 ut
500 451 629 526 alii,
686 453 765 512 de
811 457 1198 513 caeterorum
1248 451 1601 513 sortitudIne
1636 453 1938 530 disputat,
1984 464 2057 517 ut
2096 475 2272 520 suum
2343 455 2344 462 ’

175 535 311 611 ipse
353 536 634 598 dolorem
676 534 931 596 aliorum
975 537 1261 612 exemplo
1294 535 1556 609 minuat,
1604 538 1716 598 sed
1750 538 1812 598 in
1843 538 1972 600 filio
2004 541 2270 604 haerens

173 619 334 680 illius
366 619 631 680 maxime
658 617 913 681 virtutes
943 619 1356 696 propriasque
1388 618 1637 695 laudes,
1674 638 1836 697 quae
1858 624 1960 683 vel
1992 626 2269 687 acerbio-

173 720 305 764 rem
348 702 598 763 efficere
640 702 876 764 doloris
921 720 1173 765 sensum
1215 711 1529 779 poterant,
1573 703 1932 781 longissimo
1979 725 2269 770 sermone

176 786 590 862 persequitur.

299 866 719 939 XXV111.9‚8.
806 869 987 944 Quod
1010 869 1338 946 singularis
1362 869 1602 933 virtutis
1627 875 1977 948 exemplum
2005 873 2266 938 fortasse

172 953 409 1016 Horatii
437 953 677 1015 Pulvilli
721 955 963 1015 laudem
997 971 1219 1031 magna
1251 972 1331 1015 ex
1362 963 1537 1032 parte
1569 955 1925 1018 deminuere
1954 957 2262 1021 videatur:
2343 987 2344 992 κ

178 1055 360 1115 quem
404 1045 610 1099 tamen
655 1054 957 1099 summum
1003 1037 1206 1099 virum
1253 1038 1494 1100 silentio
1530 1038 1863 1115 praeterire
1892 1043 2078 1104 nefas
2110 1041 2260 1104 duci·
2343 1033 2344 1052 ²

177 1139 347 1195 muS,
393 1140 579 1199 quum
611 1122 671 1182 in
701 1138 777 1183 eo
810 1121 980 1199 ipso,
1025 1123 1195 1198 quod
1227 1122 1332 1183 filii
1359 1130 1620 1184 mortem
1645 1123 2029 1200 aequissimo
2057 1143 2133 1188 ac
2156 1129 2260 1188 for·

176 1205 414 1268 tissimo
447 1206 650 1267 animo
677 1205 825 1278 tulit,
869 1205 1049 1266 etiarn
1078 1205 1214 1267 Iovi
1239 1205 1472 1283 optimo
1504 1207 1801 1282 maximo,
1842 1208 2023 1271 cuius
2057 1212 2261 1271 aedem

176 1289 532 1365 dedicabat,
568 1289 984 1367 gratissimum
1012 1288 1239 1351 fecisse
1262 1290 1564 1352 videatur.
1621 1292 1770 1352 Nam
1798 1292 2085 1366 pontifex
2114 1293 2259 1355 inter

176 1374 565 1437 sollemnium
623 1375 958 1437 verborum
1019 1374 1539 1451 nuncupationem
1593 1382 1837 1451 postem
1886 1383 2151 1451 tenens,
2209 1385 2262 1437 ut

176 1460 369 1521 filium
409 1465 718 1520 mortuum
751 1456 1014 1530 audivit,
1059 1474 1265 1534 neque
1296 1475 1539 1519 manum
1572 1476 1608 1517 a
1639 1466 1820 1536 poste
1851 1461 2151 1534 removit,
2197 1476 2263 1520 ne

176 1560 357 1606 sacra
401 1542 740 1615 dirimeret,
790 1558 907 1603 nec
937 1542 1171 1602 vultum
1204 1558 1241 1601 a
1271 1544 1505 1619 populo
1540 1542 1790 1615 avertit,
1832 1560 1909 1604 ne
1942 1561 2134 1606 suum
2170 1562 2264 1620 po-

179 1627 297 1687 tius
343 1627 624 1686 dolorem
655 1642 839 1702 quam
881 1625 1096 1702 populi
1129 1624 1445 1687 utilitatem
1477 1642 1551 1687 ac
1586 1628 1846 1688 salutem
1879 1627 2162 1703 cogitare
2191 1626 2266 1687 vi·
2343 1701 2344 1710 ἵ

178 1712 453 1771 deretur.
541 1708 826 1771 99.1am
862 1709 1006 1807 quid
1039 1711 1104 1770 L.
1128 1711 1339 1772 Paullo
1374 1709 1707 1787 insigniuS,
1750 1709 1897 1786 quid
1925 1710 2267 1772 illustrius?

179 1794 283 1873 qui
324 1793 486 1855 filios
536 1793 923 1872 paucissimis
977 1793 1197 1855 diebus
1246 1796 1406 1856 duos
1457 1794 1540 1855 ita
1582 1793 1877 1873 perdidit,
1931 1802 2005 1856 ut
2035 1796 2262 1856 nullum
2343 1809 2344 1828 ³

181 1896 378 1958 paene
422 1879 658 1941 doloris
704 1881 909 1956 paullo
951 1877 1154 1940 acrius
1194 1878 1482 1940 indicium
1527 1878 1815 1954 ediderit,
1863 1896 1936 1940 ac
1971 1879 2184 1955 potius
2211 1880 2264 1938 in

179 1983 254 2026 ea
285 1963 602 2037 contione,
654 1981 840 2040 quam
872 1963 950 2024 de
979 1963 1165 2024 rebus
1203 1980 1241 2022 a
1274 1980 1344 2024 se
1373 1963 1565 2040 gestis
1596 1965 1676 2025 ad
1705 1965 2008 2042 populum
2035 1962 2261 2032 habuit,

180 2052 442 2110 laetatus
487 2055 610 2123 est,
666 2045 968 2125 quidquid
1019 2048 1251 2122 populo
1289 2048 1571 2109 Romano
1620 2047 1962 2109 immineret
2003 2045 2263 2117 adversi,

177 2140 376 2194 totum
421 2131 485 2192 id
525 2131 587 2192 in
634 2149 705 2193 se
742 2132 943 2208 ipsum
987 2147 1023 2190 a
1065 2129 1160 2191 dis
1200 2130 1646 2194 immortalibus
1688 2148 1832 2193 esse
1875 2147 2261 2192 conversum.

186 2217 325 2278 100.
383 2217 529 2276 Cum
573 2215 846 2290 Sulpicio
893 2231 1044 2276 vero
1090 2214 1264 2276 Gallo
1303 2214 1441 2291 quis
1472 2222 1659 2291 neget
1686 2223 1890 2275 actum
1922 2231 2068 2276 esse
2097 2229 2261 2290 prae·

183 2298 563 2362 clarissime?
625 2298 799 2359 cuius
842 2297 1288 2372 innocentiam,
1345 2299 1736 2377 sapientiam,
1787 2299 2105 2359 militarem
2153 2295 2260 2356 vir·

186 2392 375 2445 tutem
400 2381 580 2443 etiam
602 2380 860 2456 insignis
879 2380 941 2441 in
967 2381 1138 2443 obitu
1161 2382 1268 2443 filii
1292 2382 1585 2447 fortitudo
1611 2381 2025 2444 illustraverit.
2078 2382 2260 2456 Quem
2343 2384 2344 2397 ¹

180 2475 251 2528 ut
277 2482 612 2542 numquam
643 2465 863 2526 lubens
893 2465 1144 2526 tacitum
1177 2465 1540 2540 dimiserim,
1577 2466 1668 2529 sic
1698 2467 1774 2526 ad
1806 2468 2098 2527 Catonem
2131 2481 2260 2540 pro·
2343 2536 2344 2547 χ

186 2567 410 2628 perans
452 2551 764 2610 exsultare
802 2549 1045 2612 videtur
1074 2550 1314 2612 animus
1346 2557 1407 2612 et
1443 2553 1619 2628 quasi
1645 2550 1708 2612 in
1747 2557 1988 2628 portum
2027 2566 2105 2610 ex
2134 2548 2260 2609 hor·

182 2636 318 2698 rida
362 2641 732 2711 tempestate
777 2636 1017 2697 delatus
1062 2634 1123 2696 in
1165 2634 1601 2711 sapientissimi
1643 2633 1759 2695 viri
1805 2633 2055 2695 nomine
2088 2641 2260 2705 atque
2343 2662 2344 2665 =

184 2721 471 2795 exemplo
506 2718 973 2796 conquiescere.
1062 2719 1278 2795 Neque
1302 2718 1459 2780 enim
1484 2717 1701 2782 maiori
1722 2717 1864 2778 mihi
1888 2711 2261 2777 admirationi

185 2821 331 2869 esse
367 2805 571 2866 solent
597 2803 918 2865 clarissimi
947 2802 1213 2865 hominis
1245 2819 1347 2864 res
1374 2810 1588 2879 gestae
1610 2818 1685 2863 ac
1708 2800 1903 2862 virtus
1923 2816 2049 2861 non
2072 2800 2261 2861 solum

182 2889 245 2950 in
295 2890 436 2948 luce
486 2888 749 2962 patriae,
813 2889 927 2949 sed
971 2886 1150 2949 etiam
1198 2886 1261 2947 in
1307 2902 1648 2963 congressu
1692 2884 1965 2946 hostium
2009 2881 2258 2958 cognita,

188 2989 372 3051 quarn
428 2971 540 3032 fuit
586 2971 688 3032 illa
738 2972 797 3033 in
851 2970 957 3032 filii
1010 2979 1209 3033 morte
1258 2970 1561 3048 praetoris
1612 2968 1918 3045 designati
1963 2968 2023 3027 in
2080 2964 2259 3026 oculis
2343 3000 2344 3015 ι

188 3054 459 3120 omnium
486 3055 704 3117 civium
731 3055 1024 3118 fortitudo
1051 3057 1379 3117 declarata.
1451 3054 1589 3114 101.
1626 3057 1837 3129 Atque
1857 3053 2078 3114 horum
2102 3063 2259 3124 egre·

188 3141 288 3216 gia
334 3140 396 3202 in
443 3139 798 3202 domesticis
829 3140 1090 3202 miseriis
1133 3150 1317 3216 atque
1358 3138 1665 3200 aerumnis
1712 3136 1987 3198 facinora
2020 3133 2122 3210 qui
2155 3134 2259 3192 for·

189 3226 332 3284 titer
374 3223 436 3284 in
483 3223 725 3285 civitate
770 3231 983 3285 nostra
1038 3223 1248 3285 imitati
1299 3222 1421 3285 sint
1459 3239 1774 3298 casusque
1822 3222 2103 3282 fortunae
2140 3229 2242 3290 gra

189 3305 481 3366 vissimos
534 3307 976 3383 patientissime
1018 3307 1268 3368 tulerint
1311 3324 1433 3368 non
1476 3307 1722 3367 difficile
1769 3303 1952 3366 fuerit
1998 3298 2260 3364 oratione

194 3388 539 3463 complecti.
626 3390 776 3450 Nam
813 3397 874 3449 et
905 3391 972 3462 Q.
995 3391 1263 3451 Marcius
1295 3391 1461 3465 ReX,
1503 3406 1688 3466 quum
1720 3390 1966 3451 unicum
2001 3397 2261 3447 summae
