2381 3723
119 71 238 134 196
327 70 611 132 ORATlo
637 71 739 130 DE
760 70 961 129 PACE
986 70 1041 128 A
1068 67 1342 128 CASSIO
1368 67 1597 127 DloNE
1624 65 1995 126 SERVATA
2146 78 2181 132 6

118 244 328 325 γεται,
353 219 461 282 καὶ
491 213 678 283 ἄλλοι
700 239 769 281 τε
793 213 898 280 ἐπ’
928 211 1156 291 ἄλλοις
1181 212 1255 278 τὸ
1282 210 1490 279 κακὸν
1513 211 1845 294 προφάσει
1868 216 2183 296 τιμωρίας

115 308 250 368 τῶν
282 302 384 368 αεὶ
413 300 939 384 ἐλαττουμένων,
995 293 1218 381 ὥσπερ
1249 323 1313 363 τι
1346 300 1631 381 ἔννομον
1671 294 1780 360 καὶ
1826 294 2183 378 ἐγκύκλιον

117 393 416 471 πρᾶγμα,
480 381 1012 466 ἀνταμυνόμενοι
1078 382 1489 465 διαδέχονται
1539 379 1649 444 καὶ
1692 375 1884 445 αὐτοὶ
1930 377 2053 462 μὲν
2095 375 2184 456 ὥς

119 470 380 536 ἕκαστοι
423 464 957 548 ἀπαλλάσσουσι,
1015 462 1088 530 τὸ
1121 464 1194 530 δὲ
1232 464 1313 547 δὴ
1345 463 1579 530 κοινὸν
1609 464 1674 542 ἐξ
1708 460 1999 541 ἅπαντος
2027 461 2186 547 τρόὲ

119 577 252 620 που
303 557 726 637 φθείρουσιν.
815 555 972 615 V111.
1024 551 1119 614 18.
1190 548 1288 613 Ἢ
1327 544 1451 631 οὐχ
1500 544 1731 631 ὁρᾶτε,
1799 544 2013 611 πόσον
2061 546 2186 630 μὲν

118 637 364 722 χρόνον
396 638 967 719 κατατετρίμμεθα
988 636 1432 716 πολεμοῦντες
1455 627 1797 715 ἀλλήλοις,
1825 627 1953 696 ὅσα
1978 629 2051 696 δὲ
2076 629 2187 695 καὶ

121 719 227 790 οἶα
264 722 340 785 έν
388 715 569 807 αὐτῷ
618 718 1091 801 πεπόνθαμεν;
1145 720 1357 781 καίτοι
1407 718 1476 779 τί
1512 713 1757 780 τούτου
1800 710 2187 800 δεινότερόν

121 807 292 888 ἐστι,
337 802 447 869 καὶ
476 800 922 908 δεδράκαμεν;
978 801 1088 865 καὶ
1128 804 1225 878 τίς
1256 796 1748 884 ἀνταριθμῆσαι
1792 796 2067 864 δύναιτο
2109 795 2183 863 τὸ

121 894 378 973 πλῆθος
406 892 540 954 τῶν
569 909 958 972 χρημάτων,
987 879 1031 949 ὁὶ
1060 881 1219 962 τούς
1240 907 1310 951 τε
1338 882 1725 967 συμμάχους
1754 879 2188 967 περιδύοντες

122 975 232 1040 καὶ
283 969 443 1050 τούς
487 966 697 1048 θεούς
734 971 1223 1054 περισυλῶντες
1260 966 1369 1034 καὶ
1411 969 1680 1073 προσέτι
1731 965 1840 1043 καὶ
1884 962 2076 1031 αὐτοὶ
2121 966 2187 1044 ἐξ

124 1049 222 1126 ὦν
259 1052 387 1123 ούκ
429 1061 690 1139 εἴχομεν
736 1052 1264 1137 συνεσφέροντες
1300 1047 1404 1117 ἐπ’
1452 1051 1762 1135 αλλήλοις
1809 1046 2190 1133 δεδαπανή-

123 1150 333 1226 μεθα;
407 1144 502 1216 τίς
553 1134 627 1203 τὸ
686 1142 946 1221 πλῆθος
999 1140 1135 1201 τῶν
1187 1131 1459 1220 ἀνδρῶν
1520 1140 1658 1201 τοῖν
1720 1129 2188 1219 ἀπολωλότων,

125 1221 247 1309 οὐχ
295 1221 397 1290 ὅτι
447 1227 584 1288 τῶν
634 1217 886 1306 ἀλλων,
947 1220 1086 1285 ἐπεὶ
1135 1220 1334 1287 τοῦτό
1384 1215 1448 1303 γ’
1496 1215 1935 1305 ἀνεξεύρετόν
1985 1218 2186 1303 ἐστιν,

125 1304 290 1376 ἀλλὰ
321 1307 430 1374 καὶ
455 1311 589 1372 τῶν
624 1305 878 1370 ἱππέων
908 1305 1016 1370 καὶ
1036 1309 1173 1369 τῶν
1204 1307 1627 1389 βουλευτῶν,
1666 1294 1763 1369 m‘v
1794 1295 1888 1380 εἷς
1917 1301 2190 1379 ἕκαστος

125 1392 236 1457 καὶ
265 1396 485 1457 πᾶσαν
519 1389 641 1472 τὴν
672 1387 866 1454 πόλιν
891 1389 964 1453 ἐν
992 1399 1128 1466 τοῖς
1155 1384 1451 1465 ὀθνείοις
1482 1389 1791 1472 πολέμοις
1828 1391 2038 1452 σῶσαι
2081 1387 2190 1452 καὶ

127 1480 255 1553 ζῶν
306 1474 417 1540 καὶ
466 1468 834 1538 ἀποθανών
881 1469 1197 1551 έδύνατο;
1256 1471 1451 1538 πόσοι
1499 1469 1622 1556 μὲν
1667 1468 1792 1556 γὰρ
1844 1468 2188 1554 Κούρτιοι,

128 1555 323 1623 πόσοι
350 1557 422 1622 δὲ
444 1556 698 1663 Δέκιοι,
730 1553 997 1641 Φάβιοι,
1024 1554 1346 1640 Γράκχοι,
1375 1555 1785 1641 Μάρκελλοι,
1817 1558 2191 1657 Σκιπίωνες

125 1640 568 1725 τεθνήκασιυ;
615 1653 698 1706 ου
728 1636 819 1723 μὰ
859 1635 975 1706 Δί’
1017 1635 1141 1723 οὐχ
1176 1642 1290 1705 ἵνα
1336 1645 1674 1716 Σαυνίτας
1711 1633 1753 1723 ἢ
1786 1642 2116 1714 Λατίνους

113 1722 374 1811 Ἴβηρας
416 1717 459 1807 ἢ
500 1726 1003 1808 Καρχηδονίους
1046 1720 1463 1808 ἀμύνωνται,
1516 1718 1662 1790 ἀλλ’
1698 1726 1810 1790 ἵνα
1852 1721 1962 1788 καὶ
2003 1662 2191 1787 αύτοῖ

128 1805 698 1893 προσαπόλωνται.
792 1812 888 1875 19.
936 1808 1066 1875 Καὶ
1093 1812 1231 1874 τῶν
1267 1806 1390 1895 μὲν
1433 1809 1507 1875 έν
1552 1820 1689 1888 τοῖς
1737 1803 1969 1885 ὅπλοις
2011 1829 2191 1873 τετε-

128 1889 578 2003 λευτηκότων,
633 1897 693 1958 εἰ
732 1892 842 1958 καὶ
884 1888 965 1958 τά
1010 1891 1292 1977 μάλιστα
1332 1893 1441 1958 καὶ
1474 1895 1750 1959 ἐκείνων
1777 1887 2072 1976 ὠδύρετο
2104 1887 2189 1955 ἄν

128 2003 257 2063 τις,
291 1973 440 2044 αλλ’
473 1967 674 2060 ἧττόν
714 2000 788 2059 γε
823 1972 1012 2055 ἄξιόν
1040 1978 1221 2043 ἐστιν
1249 1972 1742 2082 ὀλοφύρασθαι.
1812 1973 1922 2052 ’Ἐς
1950 2000 2020 2041 τε
2065 1971 2190 2060 γὰρ

127 2060 243 2139 τάς
265 2060 472 2146 μάχας
493 2062 845 2128 ἐθελονταί
852 2110 872 2146 ,
916 2067 983 2126 εἴ
997 2085 1072 2144 γε
1093 2061 1448 2139 έθελοντας
1469 2058 1626 2138 τοὺς
1650 2056 2193 2143 ἀναγκασθέντας

130 2144 322 2234 φόβῳ
346 2151 574 2209 καλεῖν
604 2146 735 2227 δεῖ,
779 2137 998 2227 ἦλθον
1033 2143 1142 2209 καὶ
1167 2142 1470 2212 θάνατον
1499 2148 1561 2210 εἰ
1579 2145 1688 2210 καὶ
1727 2139 1996 2228 ἄδικον,
2026 2138 2190 2208 ἀλλά

129 2226 445 2314 ἀνδρεῖόν
486 2251 563 2310 γε
603 2222 1000 2312 ὑπέμειναν,
1055 2231 1129 2292 ἔν
1159 2252 1230 2293 τε
1266 2224 1475 2312 ἀγῶνι
1509 2231 1815 2293 ίσοπαλεῖ
1838 2228 1948 2292 καὶ
1984 2226 2192 2291 ένέλ-

130 2313 271 2377 πίδι
323 2315 446 2377 τοῦ
498 2303 624 2375 κάν
675 2313 1145 2394 περιγενέσθαι
1187 2311 1297 2376 καὶ
1348 2316 1668 2397 κρατῆσαι
1718 2315 1954 2376 ἔπαιον
2002 2305 2194 2374 ἀναι-

127 2393 414 2498 σθήτως.
514 2392 689 2471 Τοὺς
718 2392 792 2459 δὲ
835 2396 909 2460 έν
937 2405 1076 2472 ταῖς
1105 2398 1340 2473 οἰκίαις
1369 2396 1478 2461 καὶ
1519 2397 1593 2461 ἐν
1629 2406 1768 2472 ταῖς
1811 2391 1991 2471 ὁδοῖς
2016 2397 2096 2500 τῇ
2125 2416 2193 2457 τε

127 2482 341 2565 αγορᾷ
373 2482 465 2566 τῷ
498 2501 569 2542 τε
599 2482 1068 2627 0βουλευτηρίῳ
1115 2473 1297 2567 αὐτῷ
1325 2483 1417 2568 τῷ
1456 2502 1528 2544 τε
1569 2481 1967 2545 Καπιτωλίω
2012 2479 2194 2564 αυτῷ

131 2566 389 2647 βιαίως,
434 2557 556 2646 οὐχ
641 2583 780 2640 πως
807 2557 1092 2648 ἄνδρας,
1135 2557 1302 2628 ἀλλά
1324 2563 1434 2628 καὶ
1454 2574 1809 2646 γυναῖκας,
1866 2542 1990 2645 οῧχ
2014 2555 2194 2636 ὅπως

130 2642 571 2731 ἀκμάζοντας,
615 2640 782 2712 ἀλλά
809 2645 918 2711 καὶ
947 2647 1263 2729 γέροντας
1290 2647 1399 2711 καὶ
1428 2650 1698 2731 παῖδας,
1743 2649 2020 2729 οἰκτροῖς
2048 2645 2194 2721 έξο-

131 2730 421 2807 λωλότας
449 2734 588 2807 παῖς
612 2727 698 2796 ἄν
720 2753 819 2807 τις
847 2724 993 2794 κατ’
1029 2725 1219 2807 ἀξίαν
1238 2729 1635 2814 θρηνήσειε;
1699 2733 1801 2794 20.
1850 2728 1959 2794 καὶ
1988 2731 2194 2792 ταῦτα

130 2813 355 2895 μέντοι
377 2817 652 2879 τοιαῦτα
668 2863 686 2896 ,
734 2807 841 2880 οἶα
864 2813 974 2879 καὶ
1003 2805 1127 2878 ὅσα
1149 2808 1295 2878 οὔτ’
1329 2809 1522 2879 αὐτοί
1539 2835 1699 2878 ποτε
1728 2810 1895 2897 πρὸς
1921 2809 2193 2877 πάντων

130 2891 263 2981 ἅμα
275 2900 410 2961 τῶν
432 2900 765 2979 πολεμίων
779 2895 1122 3003 ἐπάθομεν
1143 2892 1302 2962 οὔτε
1323 2897 1618 2974 ἐκείνους
1630 2895 2021 2980 ἐδράσαμεν,
2044 2895 2194 2958 δια-

129 2981 434 3057 τεθέντες
455 2975 808 3065 ἀλλήλους,
844 2976 966 3064 ούχ
988 2996 1155 3045 οσον
1177 2976 1303 3045 οὐκ
1335 2976 1684 3065 ἀχθόμεθα
1718 2974 1866 3045 οὔτ’
1898 2974 2194 3044 ἀπαλλα-

133 3068 336 3146 γῆναί
356 3086 514 3129 ποτε
545 3058 772 3128 ἀὐτῶν
802 3059 1132 3149 ἀνδρικῶς
1162 3064 1513 3148 ἐθέλομεν,
1549 3059 1716 3129 ἀλλά
1744 3062 1853 3128 καὶ
1881 3065 2067 3170 χαίρο
2121 3082 2195 3124 εν

132 3145 240 3210 καὶ
272 3145 659 3229 ἑορτάζομεν
689 3146 796 3211 καὶ
841 3142 1187 3232 εὐεργέτας
1227 3143 1387 3225 τοὺς
1426 3151 1787 3224 ποιοῦντας
1837 3141 2004 3211 αυτά
2091 3167 2195 3208 νο-

133 3226 437 3310 μάζομεν.
501 3233 735 3295 Καίτοι
769 3232 977 3313 ἔγωγε
999 3227 1147 3296 οὐδ’
1175 3227 1612 3313 ἀνθρώπινόν
1633 3255 1783 3296 τινα
1811 3233 1961 3315 βίον
1983 3224 2195 3334 ἡγοῦ-

135 3332 250 3391 μαι
282 3317 521 3376 τοῦτον
549 3308 718 3396 ἡμᾶς
758 3315 1185 3397 βεβιωκέναι,
1239 3310 1407 3380 ἀλλά
1450 3338 1654 3379 τινων
1695 3317 1960 3397 θηρίων
2025 3336 2067 3376 α
2098 3303 2191 3376 δι’
