2381 3723
211 159 322 214 239
789 145 957 204 CAP.
987 153 1053 209 57
1073 179 1145 189 -
1163 153 1250 207 60.
1294 154 1345 215 §-
1368 153 1701 208 noa—212.
2158 146 2285 210 429

212 302 431 361 beluas
473 298 534 359 in
567 298 824 358 deorum
855 312 1170 357 numerum
1203 298 1579 357 referemus?
1650 296 1802 371 Quid
1847 296 1962 357 erit
1989 298 2153 358 aliud
2182 316 2283 359 na·

210 392 412 445 turam
441 383 749 443 invertere
779 387 841 441 et
865 379 984 439 ima
1014 378 1295 451 summis,
1344 397 1580 440 summa
1607 379 1844 441 infimis
1864 389 2285 442 commutare?

209 468 318 543 Et,
369 483 556 543 quum
589 472 814 525 tantam
847 463 906 523 in
949 462 1043 523 his
1074 462 1433 539 imperitiam
1479 464 1946 539 barbariamque
1982 482 2282 540 agnosca-

211 569 350 612 mus
372 598 386 624 ,
432 559 717 612 tamenne
759 547 878 609 ista
906 548 1150 623 penitus
1190 547 1390 608 inania
1422 547 1814 622 pertinaciter
1842 548 2283 610 defendemus?

207 636 568 709 Eademque
591 629 830 693 inscitia
858 648 1118 706 caepas,
1149 630 1320 701 allia,
1354 632 1584 691 fructus
1606 640 1916 705 caeterOS,
1948 631 2051 706 qui
2078 632 2283 693 oriun-

207 726 312 779 tur
334 735 369 778 e
390 726 570 789 terra,
593 716 655 777 in
684 716 940 776 deorum
967 731 1223 775 numero
1247 714 1524 790 reposuit
1544 718 1894 791 Aegyptus.
1944 715 2086 776 209.
2115 717 2283 790 Quae

207 802 373 863 haud
429 800 560 861 scio
615 816 724 861 cur
753 798 1017 875 longiori
1064 797 1339 859 oratione
1391 800 1669 858 refellere
1720 799 1798 859 sit
1840 816 2121 860 necesse.
2191 803 2282 859 In-

209 884 520 947 credibilis
566 889 664 944 est
703 882 858 943 enim
903 899 1117 943 eorum
1150 881 1529 954 absurditas,
1585 888 1654 941 ut
1693 882 1855 942 nulla
1895 900 2037 944 esse
2081 882 2286 959 possit

205 976 319 1030 'aut
352 966 689 1044 pertinacia
721 973 827 1027 aut
868 965 1168 1042 imperitia
1209 972 1374 1025 tanta
1408 982 1563 1040 quae
1595 981 1717 1026 non
1762 964 1877 1025 ista
1916 974 2284 1040 aspernetur

150 1111 159 1120 ,
211 1061 398 1128 atque
427 1050 704 1126 refugiat.
780 1051 1014 1110 Imbres
1043 1057 1276 1121 autem,
1313 1048 1525 1121 nimbi,
1559 1051 1870 1124 procellae
1904 1049 1957 1111 si
1987 1066 2025 1109 a
2052 1052 2281 1110 nostris

214 1144 611 1197 consecratae
641 1141 814 1208 sunt,
857 1133 920 1193 id
951 1131 1385 1208 antiquissimis
1420 1131 1631 1208 populi
1662 1132 1921 1193 Romani
1959 1132 2175 1195 ritibus
2206 1149 2280 1193 ac

213 1216 597 1280 caerimoniis
643 1224 956 1292 receptum
1010 1224 1072 1276 et
1122 1218 1546 1278 confirmatum
1598 1222 1712 1277 est.
1803 1218 1970 1291 Quae
2008 1216 2136 1277 tolli
2180 1225 2284 1276 aut

209 1302 586 1379 perturbari,
619 1318 806 1377 quum
851 1307 913 1361 et
953 1299 1102 1361 satis
1134 1301 1308 1360 firma
1351 1300 1587 1361 ratione
1624 1299 1892 1360 nitantur
1926 1306 1988 1360 et
2015 1317 2132 1360 usu
2163 1300 2280 1359 iam

211 1386 350 1462 ipso
390 1387 752 1447 confirmata
779 1392 839 1445 et
879 1385 1221 1460 approbata
1251 1383 1401 1455 sint,
1456 1384 1590 1444 sine
1623 1384 1857 1443 nefario
1890 1385 2125 1444 scelere
2154 1401 2279 1444 non

209 1475 498 1546 possunt.
587 1468 727 1529 210.
773 1467 1086 1529 Graeciam
1128 1485 1310 1541 vero,
1359 1484 1541 1543 quam
1577 1468 1785 1543 paullo
1824 1475 1967 1527 ante
1997 1466 2283 1527 laudibus

212 1552 603 1621 ornavimus,
645 1552 762 1612 hoc
790 1554 930 1613 loco
956 1568 1080 1613 non
1111 1567 1262 1612 sane
1292 1551 1541 1612 laudare
1568 1567 1936 1626 possumus,
1978 1567 2135 1625 quae
2173 1552 2286 1611 Cu-

211 1636 455 1711 pidines
500 1640 563 1695 et
600 1636 864 1697 Amores
914 1634 1065 1696 satis
1115 1636 1408 1710 audacter
1448 1642 1511 1695 et
1558 1642 1788 1695 temere
1830 1633 1890 1694 in
1942 1633 2282 1711 gymnasiis

209 1718 599 1793 aedibusque
646 1718 904 1794 publicis
959 1717 1354 1780 consecrarit.
1445 1717 1600 1793 Quid
1650 1718 1810 1778 enim
1852 1717 2130 1794 Cupidini
2179 1726 2285 1778 aut

209 1801 541 1863 Amoribus
587 1818 722 1863 cum
764 1800 1146 1880 gymnasiis?
1189 1809 1296 1863 aut
1337 1800 1481 1878 quid
1526 1818 1601 1860 ea
1642 1800 2027 1863 consecratio
2073 1802 2169 1861 vel
2203 1802 2280 1859 ad

218 1885 723 1947 considerandum
771 1889 870 1945 vel
911 1887 990 1945 ad
1034 1885 1388 1945 imitandum
1432 1885 1674 1944 adferre
1707 1884 1901 1960 potuit
1939 1885 2283 1945 honestatis

214 1975 320 2028 aut
368 1968 550 2030 boni?
633 1970 755 2028 LX.
806 1966 944 2027 211.
1030 1967 1186 2027 Nihil
1241 1967 1401 2026 enim
1460 1968 1876 2038 temerarium,
1937 1967 2083 2027 nihil
2137 1967 2281 2028 insi-

210 2051 387 2127 piens
450 2051 510 2112 in
588 2053 847 2112 deorum
917 2051 1386 2112 consecratione
1449 2067 1593 2111 esse
1665 2051 1849 2110 debet
1926 2066 2042 2110 nec
2116 2050 2282 2126 quod

209 2132 394 2195 ullam
437 2137 537 2195 vel
569 2134 939 2196 levissimam
984 2141 1090 2195 aut
1125 2133 1516 2210 turpitudinis
1558 2139 1662 2194 aut
1687 2134 1869 2196 ullius
1899 2133 2146 2195 omnino
2177 2134 2282 2194 im-

207 2218 542 2294 pudentiae
576 2216 996 2294 suspicionem
1039 2220 1293 2278 adferat.
1382 2220 1604 2293 Quales
1651 2216 1848 2278 videri
1879 2224 2147 2294 possunt
2180 2235 2282 2278 eo-

207 2319 343 2362 rum
382 2303 916 2377 consecrationeS,
971 2320 1233 2378 quorum
1276 2302 1338 2362 in
1379 2302 1567 2363 rebus
1605 2301 1896 2378 probitati
1938 2301 2283 2376 pudorique

210 2383 535 2446 contrariis
583 2401 804 2445 numen
856 2402 999 2447 esse
1048 2387 1446 2462 potentiaque
1491 2385 1779 2447 creditur.
1870 2385 1983 2461 Qui
2024 2403 2171 2462 ergo
2202 2386 2283 2445 ad

204 2467 522 2528 hominum
588 2467 776 2528 vitam
846 2472 945 2528 vel
1002 2469 1409 2531 adiuvandam
1477 2472 1575 2529 vel
1635 2471 2040 2531 excolendam
2096 2477 2284 2545 atque

206 2551 625 2612 exornandam
694 2551 927 2628 aliquid
984 2556 1316 2614 attulerunt
1382 2552 1611 2629 quique
1672 2552 1994 2615 virtutibus
2050 2570 2282 2614 rerum-

211 2651 333 2709 que
379 2642 689 2709 gestarum
733 2634 931 2711 gloria
971 2637 1432 2710 praestiterunt,
1492 2653 1606 2696 eos
1650 2653 1831 2697 nemo
1873 2636 2109 2697 dubitet
2150 2636 2283 2697 iure

208 2718 366 2778 deos
416 2718 656 2780 habitos
709 2718 1041 2794 divinoque
1097 2723 1260 2781 cultu
1312 2722 1591 2781 adfectos
1645 2735 1809 2780 esse.
1895 2722 2109 2795 Neque
2161 2736 2281 2795 ego

205 2802 333 2861 ullo
376 2809 557 2878 pacto
605 2805 898 2864 auderem
951 2803 1071 2863 hoc
1120 2803 1350 2879 primus
1394 2804 1676 2879 prodere.
1764 2804 1899 2863 Non
1951 2803 2112 2863 enim
2159 2811 2280 2864 tam

206 2882 522 2960 studiose,
581 2903 741 2961 quae
783 2888 1018 2949 laudari
1053 2895 1345 2963 possunt,
1387 2893 1616 2963 appeto
1662 2903 1847 2962 quam
1880 2885 2283 2948 reformidare

203 2983 282 3028 ea
347 2971 555 3043 soleo„
627 2971 979 3045 exquibus
1043 2971 1242 3047 possit
1302 2971 1530 3046 aliquid
1592 2973 1690 3030 vel
1754 2969 2001 3031 levioris
2063 2974 2283 3047 culpae

201 3053 576 3115 redundare.
667 3053 809 3114 212.
868 3056 1059 3129 Quum
1107 3071 1257 3115 vero
1316 3063 1377 3115 et
1436 3071 1637 3115 mares
1683 3060 1745 3114 et
1796 3054 2055 3114 feminas
2116 3071 2281 3115 com-

199 3137 416 3211 plures
478 3138 536 3198 in
603 3138 860 3199 deorum
924 3155 1178 3200 numero
1228 3155 1371 3199 esse
1432 3139 1753 3198 videamus
1818 3145 1881 3198 et
1941 3155 2154 3199 eorum
2219 3139 2276 3196 in

199 3219 459 3298 urbibus
496 3229 681 3296 atque
709 3222 872 3298 agris
904 3223 1340 3299 augustissima
1373 3225 1596 3299 templa
1633 3239 2028 3295 veneremur,
2056 3223 2279 3282 adsen-

196 3304 425 3365 tiamur
455 3321 668 3366 eorum
697 3305 1050 3382 sapientiae,
1086 3323 1345 3383 quorum
1368 3306 1628 3382 ingeniis
1654 3313 1716 3367 et
1738 3306 2001 3367 inventis
2033 3321 2277 3366 omnem

194 3389 391 3448 vitam
440 3389 680 3465 legibus
727 3401 789 3450 et
830 3389 1122 3451 institutis
1175 3391 1477 3451 excultam
1536 3390 2053 3465 constitutamque
2091 3388 2276 3448 habe·
