2381 3723
124 120 226 181 1⁷7
799 111 963 172 CAP.
994 121 1178 175 3—45.
1223 121 1277 183 s.
1306 122 1536 176 8—14.
2080 114 2204 180 367

121 261 475 335 cumventi,
531 261 590 322 in
632 270 849 325 nostro
895 271 1120 324 eventu
1169 262 1427 326 aliorum
1481 263 1949 327 reminiscentes
2001 283 2203 341 casuS,

117 346 252 407 iure
275 346 335 406 id
362 344 543 406 nobis
571 346 855 407 accidere
877 345 1296 423 nequidquam
1322 364 1740 424 quereremur.
1799 350 1878 410 V.
1915 349 2013 411 12.
2058 351 2205 425 Quis

119 430 281 491 enim
324 437 450 503 est,
503 429 796 504 QuiriteS,
850 430 953 505 qui
993 447 1186 504 nunc,
1222 449 1408 507 quum
1438 430 1819 494 inimicorum
1852 441 2203 495 nostrorum

124 516 247 574 vim
283 520 470 588 atque
502 513 850 576 violentiam
886 514 1247 591 perspiciat,
1288 514 1520 591 quique
1551 522 1832 579 nostrum
1868 516 2069 593 ipsum
2102 534 2205 593 pe·

119 596 629 659 riculosissimum
665 613 879 659 casum
915 606 1348 674 recognoscat,
1387 600 1489 676 qui
1524 618 1648 661 non
1679 600 1795 661 sibi
1824 618 1897 662 ac
1928 601 2059 664 suis
2096 602 2205 661 dif-

119 682 275 742 fidat
311 680 616 743 fortunis?
703 682 835 757 Quo
877 681 1038 741 enim
1079 699 1150 743 se
1188 683 1339 758 satis
1380 691 1575 745 tutum
1610 683 2000 758 arbitrabitur
2028 702 2205 762 prae·

120 764 327 827 sidio?
382 764 642 828 Virtutis
673 772 737 826 et
768 765 1044 840 gloriae?
1100 770 1182 826 At
1212 784 1285 827 ea
1314 784 1431 829 nos
1463 768 1603 844 ipsa
1630 769 1750 830 hoc
1783 776 2061 845 tempore
2094 787 2205 845 op·

119 857 414 925 pugnant.
501 848 887 910 Multitudine
942 848 1321 926 amicorum?
1386 853 1782 926 Aperuerunt
1833 870 1957 913 non
2011 855 2203 914 sortes

121 949 193 994 se
229 949 374 994 esse
404 933 670 1007 amicOS,
707 932 759 994 si
799 931 861 993 in
894 949 1108 994 eorum
1137 937 1448 1011 potestate
1478 942 1691 996 nostra
1729 934 1846 997 sita
1877 938 2046 997 salus
2078 953 2202 996 non

122 1023 238 1078 est.
327 1016 640 1077 paucitate
695 1016 1128 1077 inimieorum?
1216 1022 1297 1096 At
1338 1017 1397 1078 id
1438 1035 1563 1080 non
1606 1018 1666 1078 in
1708 1017 1937 1095 ipsius,
1987 1020 2098 1079 sed
2143 1018 2201 1078 in

121 1100 380 1161 aliorum
416 1102 729 1162 voluntate
771 1100 1040 1176 positum
1090 1110 1210 1244 es*
1290 1101 1439 1161 Nam
1486 1119 1609 1163 non
1658 1103 1809 1164 satis
1854 1109 1952 1163 est
1991 1118 2069 1161 ne
2107 1102 2201 1164 cui

119 1183 400 1246 iniuriam
442 1183 633 1245 facias
679 1183 1038 1259 providere,
1086 1184 1139 1246 si
1206 1201 1383 1246 amen
1428 1192 1575 1246 sunt
1601 1186 1925 1247 voluntarii
1959 1184 2199 1258 inimici,

123 1267 229 1343 qui
260 1267 381 1328 tuis
412 1267 699 1344 praemiis
730 1277 789 1330 te
825 1276 1205 1346 oppugnent.
1274 1268 1368 1329 13.
1413 1273 1620 1344 Atque
1646 1270 1805 1331 adeo
1831 1287 2018 1345 quum
2048 1269 2201 1330 haec

122 1350 329 1413 omnia
359 1350 639 1412 omnibus
671 1360 817 1413 sunt
844 1351 1054 1430 gravia
1082 1359 1270 1429 atque
1299 1352 1524 1414 acerba
1555 1361 1679 1414 tum
1711 1369 1871 1432 vero
1890 1352 2067 1414 nobis
2096 1353 2201 1413 mi-

120 1452 264 1496 sera
307 1441 491 1510 atque
537 1435 948 1509 intoleranda,
996 1453 1259 1511 quorum
1298 1444 1361 1497 et
1401 1435 1603 1497 officia
1636 1437 1698 1498 in
1732 1454 1862 1497 rem
1895 1437 2201 1514 publicam

117 1518 548 1579 recentissima
578 1527 640 1580 et
678 1519 1069 1582 incommoda
1100 1520 1180 1580 ob
1203 1536 1343 1584 rem
1368 1519 1675 1596 publicam
1706 1520 2203 1598 frequentissima

120 1602 183 1662 in
215 1600 439 1662 familia
469 1611 814 1668 versantur.
880 1604 1054 1676 Nunc
1083 1603 1138 1664 si
1170 1604 1384 1664 eadem
1420 1603 1701 1667 condicio
1735 1604 2200 1681 disceptationis

119 1692 538 1763 proponetur,
594 1686 776 1762 aequi
819 1686 1136 1748 auditores
1182 1687 1659 1761 adhibebuntur,
1712 1706 1896 1750 aures
1933 1706 2055 1750 non
2093 1687 2200 1750 ob-

119 1778 302 1829 tusae
343 1768 789 1843 criminatione,
841 1770 956 1831 sed
985 1786 1223 1832 vacuae
1253 1771 1739 1847 praebebuntur,
1787 1772 1890 1848 qui
1922 1780 2067 1833 sunt
2093 1772 2201 1831 ad·

121 1852 322 1925 secuti
363 1871 666 1915 summum
709 1855 964 1930 gradum
1014 1854 1303 1928 honoris,
1358 1855 2043 1932 non‘despoliabuntur
2092 1855 2201 1915 ho-

119 1953 306 1998 nore:
351 1938 455 2013 qui
486 1947 764 2012 sperant,
809 1939 1045 1999 facilius
1078 1946 1140 1999 et
1168 1937 1500 2015 proclivius
1532 1939 1611 1998 ad
1643 1939 1886 2006 laudem
1922 1938 2200 1998 nobilita-

96 2021 197 2082 *tis
243 2021 622 2096 pervenient.
714 2023 905 2096 Quam
950 2023 1207 2083 obrem
1250 2024 1394 2082 nolo
1443 2039 1539 2081 me
1579 2023 1737 2082 duce
1769 2019 2051 2096 supplicii
2082 2037 2199 2081 vos

119 2105 201 2164 ad
252 2105 531 2173 fraudem
582 2106 832 2181 deduci,
888 2113 958 2167 ut
1009 2122 1126 2183 ego
1166 2106 1260 2171 ,ad
1302 2104 1624 2181 pristinum
1667 2111 1892 2165 statum
1928 2103 2200 2164 recidam

119 2205 328 2257 casus.
387 2187 561 2249 Nunc
589 2188 798 2263 igitur,
839 2188 893 2250 si
923 2187 1132 2265 lingua
1153 2197 1251 2250 est
1273 2188 1782 2260 concertandum,
1813 2186 2201 2248 innocentiae

115 2271 343 2349 virtute
377 2273 570 2334 fretus
602 2289 863 2347 supero:
921 2273 975 2334 si
1006 2275 1165 2333 facta
1200 2273 1662 2347 compensanda
1697 2279 1869 2346 sunt,
1922 2273 2199 2332 confera-

120 2372 261 2416 mus
286 2355 690 2431 aequitatem:
738 2356 791 2417 si
815 2355 1146 2417 violentiae
1175 2355 1409 2432 impetu
1432 2356 1861 2434 opprimimur,
1904 2355 2200 2416 decedam

119 2455 235 2514 pro
283 2439 566 2500 omnibus
611 2457 768 2499 unus
812 2439 1135 2501 tribunicio
1179 2439 1395 2511 furori,
1449 2441 1738 2516 quoniam
1782 2440 2055 2502 laborem
2084 2455 2197 2516 pro

119 2520 361 2582 cunctis
407 2524 687 2598 perferre
735 2524 1053 2584 consuevi.
1160 2523 1268 2583 Vl.
1319 2523 1416 2581 14.
1506 2522 1570 2582 Si
1607 2524 1788 2598 igitur
1817 2523 2020 2600 aliquo
2050 2520 2202 2583 tem·

119 2622 277 2682 pore
299 2605 371 2667 iis
391 2606 743 2668 hominibus
768 2606 1185 2677 consuluistis,
1220 2621 1478 2682 quorum
1504 2605 1742 2672 animus
1767 2614 1864 2667 est
1890 2605 2200 2680 religionis

118 2690 350 2764 pietate
383 2690 743 2764 defunctus,
788 2691 1024 2752 debetis
1061 2689 1202 2750 mihi
1235 2705 1486 2769 quoque
1525 2688 1913 2762 prospicere,
1956 2689 2059 2762 qui
2091 2705 2199 2747 nu·

114 2772 265 2835 mini
300 2774 559 2834 deorum
593 2782 1021 2837 consecratum
1053 2781 1284 2836 sartum
1314 2789 1387 2832 ac
1420 2778 1643 2832 tectum
1668 2772 1745 2831 ab
1770 2771 1934 2832 omni
1959 2771 2199 2846 piaculo

117 2857 495 2919 conservavi
539 2866 627 2930 et,
694 2873 807 2918 vos
849 2868 916 2919 ut
959 2865 1152 2918 tutam
1196 2874 1268 2918 ac
1312 2855 1693 2930 tranquillam
1744 2858 2048 2916 fortunam
2081 2862 2202 2915 tra·

113 2939 385 3013 heretiS,
421 2958 561 3002 mea
586 2940 822 3017 perfeci
852 2941 1177 3016 vigilantia.
1267 2940 1415 3000 Nam
1447 2957 1572 3009 me,
1610 2956 1791 3014 quem
1826 2941 2028 3016 paullo
2061 2946 2200 2998 ante

115 3029 370 3087 fortuna
410 3031 695 3086 erexerat
734 3025 812 3084 ad
846 3024 1134 3101 gloriam,
1180 3023 1377 3084 virtus
1414 3023 1627 3084 extulit
1662 3025 1740 3082 ad
1771 3024 2043 3095 laudem,
2088 3038 2199 3098 po·

118 3108 307 3186 pulus
343 3107 546 3170 tribuit
574 3109 907 3183 honorem,
956 3109 1238 3169 eumdem
1269 3106 1494 3167 tribuni
1524 3107 1695 3167 furor
1722 3105 2063 3181 exagitatus
2095 3105 2199 3164 de-

115 3191 275 3271 pulit
335 3193 418 3252 ad
475 3192 898 3255 calamitatem.
1007 3193 1085 3252 Et
1135 3191 1423 3268 quoniam
1477 3188 1988 3251 animadvertistis
2036 3188 2198 3248 illam

117 3275 646 3353 conspirationem
681 3274 1011 3338 conflatam
1041 3275 1122 3336 ita
1153 3291 1298 3337 esse
1327 3275 1675 3336 restinctam
1696 3320 1710 3346 ,
1752 3280 1821 3334 ut
1850 3273 2013 3334 nulla
2041 3271 2198 3332 scin-

119 3359 243 3421 tilla
274 3367 638 3436 compareat
665 3360 958 3434 incendii,
997 3377 1114 3422 vos
1159 3374 1408 3434 quoque
1446 3357 1828 3421 tribuniciam
1862 3356 2075 3444 sedate
2111 3361 2197 3413 te·
