2381 3723
117 151 234 212 102
603 182 608 187 ·
633 162 646 168 “
915 152 1017 211 DE
1054 150 1372 212 OFFlCllS

114 308 321 379 potest
342 303 708 363 adversante
730 309 792 362 et
816 311 1200 378 repugnante
1223 310 1460 364 natura.
1548 302 1679 362 XX.
1725 299 1826 360 79.
1889 301 1975 359 At
2003 296 2184 371 enim,

113 404 298 463 quum
339 402 672 463 permagna
699 384 970 462 praemia
998 393 1308 459 sunt‚›est
1337 401 1526 447 causa
1556 382 1873 461 peccandi.
1961 383 2024 442 C.
2054 382 2183 442 Ma·

114 471 470 545 rius-quum
524 487 561 528 a
609 487 722 546 spe
774 471 1132 531 consulatus
1184 471 1370 546 longe
1425 469 1678 530 abesset
1724 478 1786 528 et
1834 465 1953 526 iam
1994 465 2183 541 septi·

115 571 273 614 inum
313 569 533 613 annum
563 578 566 583 ·
579 559 727 628 post
770 560 1118 628 praeturam
1167 553 1427 615 iaceret·
1449 568 1652 627 neque
1703 549 2002 627 petiturus
2054 567 2184 610 um·

116 654 295 712 quam
348 637 732 697 consulatum
784 634 1124 711 videretur,
1188 638 1258 713 Q.
1310 637 1646 710 Metellum,
1709 633 1884 696 cuius
1940 634 2183 709 legatus

115 727 273 792 erat,
330 736 631 780 summum
674 717 867 779 virum
907 726 978 781 et
1018 719 1243 793 civem,
1305 737 1490 796 quum
1532 720 1611 780 ab
1649 735 1755 791 eo,
1806 717 2184 794 imperatore

115 820 257 875 suo,
314 804 571 864 Romam
617 803 843 865 missus
885 814 1084 878 esset,
1141 805 1307 881 apud
1346 804 1643 881 populum
1680 803 2025 863 Romanum
2071 800 2184 860 cri-

115 887 376 948 minatus
420 893 545 961 est,
600 887 858 949 ‘bellum
898 887 1059 948 illum
1108 888 1365 949 ducere:
1431 886 1484 948 si
1524 904 1597 948 se
1648 886 1965 948 consulem
2004 884 2183 945 fecis·

113 978 282 1043 sent,
336 969 509 1033 brevi
538 978 817 1048 tempore
868 976 984 1034 aut'
1004 970 1212 1032 vivum
1258 978 1364 1032 aut
1392 979 1697 1032 mortuum
1730 968 2078 1045 Iugurtham
2111 984 2183 1029 se

112 1054 168 1115 in
216 1062 584 1131 potestatem
631 1056 842 1132 populi
888 1055 1143 1116 Romani
1187 1057 1626 1117 redacturum.’
1713 1053 1928 1127 Itaque
1980 1052 2180 1113 factus

114 1147 206 1200 est
258 1137 357 1200 ille
409 1139 652 1215 quidem
713 1141 961 1213 consul,
1026 1139 1137 1201 sed
1189 1156 1233 1199 a·
1282 1140 1406 1200 fide
1465 1136 1815 1213 iustitiaque
1871 1135 2181 1209 discessit,

114 1223 216 1298 qui
276 1223 565 1300 optimum
620 1231 683 1285 et
737 1223 1162 1300 gravissimum
1225 1223 1448 1294 civem,
1484 1220 1692 1284 ‘cuius
1745 1223 1983 1296 legatus
2034 1226 2098 1279 et
2145 1235 2183 1278 a

114 1325 235 1382 quo
293 1307 519 1369 missus
581 1315 777 1381 esset,
850 1306 908 1368 in
963 1306 1252 1368 invidiam
1280 1352 1283 1355 -
1307 1309 1462 1368 falso
1527 1304 1776 1367 crimine
1824 1301 2180 1372 adduxerit.

112 1390 210 1451 80.
254 1393 341 1452 Ne
373 1398 587 1452 noster
630 1391 875 1466 quidem
905 1391 1294 1453 Gratidianus
1338 1390 1543 1452 officio
1585 1388 1701 1450 viri
1742 1387 1887 1450 boni
1931 1388 2179 1449 functus

113 1481 208 1534 est
249 1482 401 1545 tum,
457 1491 646 1549 quum
685 1482 932 1548 praetor
971 1481 1142 1536 esset
1182 1474 1631 1550 collegiumque
1679 1478 2027 1549 praetorum
2079 1469 2181 1531 tri-

112 1555 254 1617 buni
312 1555 473 1632 plebi
526 1555 979 1632 adhibuissent,
1036 1567 1116 1619 ut
1162 1575 1265 1619 res
1328 1557 1669 1619 nummaria
1732 1556 1812 1616 de
1866 1553 2179 1616 communi

113 1638 413 1702 sententia
461 1639 966 1703 constitueretur:
1029 1641 1373 1702 iactabatur
1414 1641 1581 1703 enim
1628 1639 2008 1716 temporibus
2061 1637 2177 1698 illis

113 1740 394 1787 nummus
423 1723 543 1798 sic,
608 1731 674 1785 ut
722 1740 901 1786 nemo
958 1733 1178 1801 posset
1237 1726 1398 1787 scire
1453 1726 1601 1801 quid
1650 1725 1922 1785 haberet.
2023 1722 2177 1784 Con·

109 1806 488 1883 scripserunt
541 1807 944 1871 communiter
987 1808 1257 1872 edictum
1301 1826 1438 1872 cum
1486 1824 1687 1886 poena
1725 1815 1909 1884 atque
1950 1804 2175 1868 iudicio

111 1892 712 1971 constitueruntque,
754 1900 823 1954 ut
847 1911 1061 1956 omnes
1104 1892 1332 1956 simul
1314 1912 1376 1955 in
1417 1896 1645 1956 Rostra
1685 1900 1830 1969 post
1863 1889 2176 1952 meridiem

113 1978 532 2039 escenderent.
635 1980 709 2039 Et
762 1978 996 2040 caeteri
1051 1977 1297 2054 quidem
1368 1977 1520 2039 alius
1587 1977 1739 2049 alio,
1808 1974 2038 2036 Marius
2099 1975 2177 2033 ab

111 2061 416 2123 subselliis
466 2061 524 2122 in
575 2064 799 2123 Rostra
845 2073 1012 2124 recta
1055 2061 1277 2138 idque,
1338 2063 1505 2138 quod
1563 2058 1967 2123 communiter
2016 2074 2178 2119 com-

113 2145 373 2219 positum
431 2147 657 2218 suerat,
718 2149 890 2208 solus
950 2144 1154 2207 edixit.
1244 2146 1320 2206 Et
1371 2162 1445 2206 ea
1494 2162 1629 2218 reS,
1683 2144 1738 2205 si
1791 2143 2069 2219 quaeris,
2123 2140 2177 2201 ei

112 2245 331 2304 magno
388 2228 607 2288 honori
664 2228 790 2288 suit.
881 2230 1199 2291 Omnibus·
1228 2227 1378 2289 vicis
1433 2236 1703 2301 statuae,
1765 2228 1997 2288 adeas
2055 2231 2173 2298 ttlS,

112 2311 288 2371 cerei.
379 2310 535 2383 Quid
594 2314 819 2373 multa?
882 2330 1061 2375 nemo
1125 2329 1416 2389 umquam
1481 2310 1845 2374 multitudini
1906 2310 2015 2372 fuit
2077 2325 2173 2370 ca-

113 2395 250 2455 rior.
339 2391 441 2454 81.
487 2395 655 2455 Haec
691 2403 836 2457 sunt
865 2413 1028 2472 quae,
1075 2396 1445 2458 conturbant
1482 2396 1540 2457 in
1577 2394 2018 2457 deliberatIone
2050 2410 2174 2454 non

111 2494 471 2553 numquam,
537 2496 722 2555 quum
773 2478 866 2554 id,
903 2479 990 2541 in
1041 2498 1164 2557 quo
1226 2479 1488 2542 violatur
1536 2480 1844 2556 aequitas,
1904 2493 2029 2538 non
2070 2476 2179 2537 ita

110 2578 422 2638 magnum,
481 2561 627 2624 illud
682 2571 914 2637 autem,
979 2564 1147 2641 quod
1204 2580 1283 2625 ex
1325 2581 1403 2626 eo
1459 2564 1719 2640 paritur,
1777 2577 2177 2640 permagnum

112 2644 379 2720 videtur,
432 2653 501 2708 ut
540 2647 752 2712 Mario·
784 2647 1135 2725 praeripere
1177 2648 1431 2724 collegis
1471 2658 1531 2709 et
1570 2646 1825 2709 tribunis
1863 2644 2026 2722 plebi
2069 2661 2178 2721 po-

113 2732 382 2805 pularem
425 2733 689 2808 gratiam
740 2749 864 2795 non
914 2731 997 2792 ita
1048 2741 1261 2807 turpe,
1331 2733 1651 2794 consulem
1709 2731 1790 2793 ob
1852 2747 1986 2791 eam
2046 2745 2177 2790 rem

111 2813 270 2888 fieri,
333 2816 501 2890 quod
553 2814 669 2877 sibi
721 2824 846 2879 tum
896 2822 1343 2893 proposuerat,
1414 2816 1593 2876 valde
1632 2814 1779 2877 utile
1830 2813 2179 2875 videbatur.

110 2896 234 2958 Sed
276 2897 544 2960 omnium
595 2916 717 2961 una
764 2902 974 2976 regula
1012 2909 1138 2973 est,
1188 2917 1372 2973 quam
1423 2899 1529 2960 tibi
1568 2898 1755 2975 cupio
1808 2914 1951 2960 esse
1991 2896 2179 2958 notis·

110 2980 355 3054 simam,
406 2988 512 3042 aut
537 2981 718 3057 illud,
770 2984 937 3059 quod
972 2983 1122 3044 utile<
1149 2983 1422 3056 videtur,
1478 2991 1656 3059 turpe
1695 2999 1774 3043 ne
1815 2980 1896 3043 sit
1920 2987 2067 3052 aut,
2118 2978 2179 3046 ,si

111 3075 285 3143 turpe
345 3072 467 3139 est,
533 3083 612 3128 ne
670 3067 949 3129 videatur
1006 3063 1151 3128 esse
1209 3066 1376 3129 utile.
1465 3065 1621 3141 Quid
1669 3064 1891 3141 igitur?
1950 3080 2177 3140 possu-

111 3165 328 3211 musne
366 3157 471 3211 aut
509 3148 679 3211 illum
706 3150 963 3212 Marium
1004 3150 1203 3211 virum
1244 3152 1474 3213 bonum
1513 3148 1786 3211 iudicare
1827 3157 1930 3212 aut
1972 3148 2179 3209 hunc?

111 3231 362 3327 Explica
412 3242 597 3308 atque
645 3240 865 3296 excute
909 3233 1367 3309 intelligentiam
1396 3241 1603 3306 tuam,
1654 3242 1721 3295 ut
1760 3232 1971 3294 videas
2016 3246 2180 3307 quae

111 3312 188 3373 sit
235 3312 297 3373 in
348 3331 424 3374 ea
472 3314 785 3391 [species]
835 3317 1042 3378 forma
1074 3325 1136 3377 et
1173 3317 1345 3379 notio
1399 3317 1513 3378 viri
1560 3281 1729 3379 boni.
1800 3315 1977 3377 Cadit
2025 3331 2178 3390 ergo

111 3397 169 3455 in
199 3394 398 3455 virum
441 3398 672 3458 bonum
715 3397 954 3458 mentiri
1000 3401 1391 3462 emolumenti
1437 3400 1533 3462 sui
1577 3417 1797 3474 causa,
1855 3394 2179 3471 criminari,
