2381 3723
127 124 211 187 96
937 121 1042 181 DE
1074 119 1398 182 OFFICIIS

127 275 469 353 gratiosuS,
517 273 864 353 piscatores
895 273 974 333 ad
1005 289 1075 333 se
1107 268 1476 333 convocavit
1505 277 1569 332 et
1605 270 1682 331 ab
1730 266 1804 331 iis
1846 267 2089 346 petivit,
2142 275 2214 331 ut

129 371 268 423 ante
300 376 453 422 suos
485 359 768 421 hortulos
798 355 1099 434 postridie
1140 354 1564 432 piscarentur,
1611 352 1887 429 dixitque
1920 351 2066 428 quid
2095 369 2211 414 eos

129 447 333 507 facere
375 445 579 504 vellet.
648 443 747 502 Ad
796 457 1011 502 cenam
1055 447 1339 517 tempore
1383 439 1550 499 venit
1579 436 1832 500 Canius.
1874 436 2134 514 opipare
2175 454 2212 498 a

125 527 347 606 Pythio
380 534 740 622 apparatum
773 524 1156 597 convivium,
1209 524 1566 602 cymbarum
1594 529 1737 582 ante
1769 523 1986 583 oculos
2013 520 2212 582 multi-

130 613 311 686 tudo,
365 626 478 686 pro
510 627 580 672 se
620 609 885 685 quisque
929 610 1098 686 quod
1135 614 1386 683 ceperat
1433 605 1779 681 adferebat,
1829 612 1970 666 ante
2014 605 2213 681 pedes

127 658 325 773 Pythi'i
357 694 565 771 pisces
595 693 1049 757 abiiciebantur
1139 692 1240 753 59.
1281 692 1431 752 Tum
1464 689 1718 752 Canius:
1775 691 2096 766 ‘Quaeso’
2125 688 2215 750 in-

131 778 290 855 quit,
339 778 521 854 quid
564 784 662 841 est
700 778 849 853 hoc,
899 778 1120 855 Pythi?
1179 783 1498 837 tantumne
1542 774 1843 851 piscium?
1894 780 2215 835 tantumne

130 864 565 941 cymbarum‘l'
636 862 716 923 Et
743 862 874 923 ille:
921 861 1111 937 ‘Quid
1144 861 1440 922 mirum‘l'
1485 859 1712 936 inquit,
1755 858 2088 920 ‘hocloco
2115 866 2218 917 est

132 945 463 1025 Syracusis
499 944 796 1022 quidquid
830 952 929 1007 est
957 944 1247 1023 piscium,
1302 941 1402 1004 hic
1436 943 1714 1019 aquatio,
1769 943 1886 1003 hac
1927 941 2072 1002 villa
2115 939 2219 1003 isti

130 1048 342 1092 carere
382 1048 505 1092 non
537 1037 827 1107 possunt.
833 1035 855 1065 ’
934 1032 1235 1091 Incensus
1268 1027 1492 1089 Canius
1535 1026 1868 1104 cupiditate
1899 1026 2218 1087 contendit

131 1132 167 1175 a
208 1114 428 1193 Pythio
487 1122 554 1177 ut
602 1115 916 1176 venderet.
1007 1115 1275 1175 Gravate
1321 1111 1421 1173 ille
1475 1111 1695 1187 primo.
1771 1108 1925 1184 Quid
1985 1111 2217 1172 multa?

126 1198 431 1277 impetrat.
507 1198 667 1260 Emit
694 1199 881 1260 homo
938 1197 1199 1275 cupidus
1239 1203 1299 1258 et
1336 1197 1624 1271 'locuples
1656 1194 1805 1256 tanti
1854 1195 2066 1270 quanti
2096 1195 2215 1271 Py·

129 1283 291 1344 thius
349 1282 543 1344 voluit
575 1289 664 1342 *et
715 1283 862 1343 emit
911 1281 1270 1343 instructos.
1358 1279 1616 1341 Nomina
1665 1278 1837 1352 facit,
1895 1278 2213 1354 negotium

129 1365 398 1428 conficit.
474 1366 698 1427 Invitat
729 1365 949 1427 Canius
979 1364 1282 1443 postridie
1313 1364 1639 1425 familiares
1672 1380 1853 1437 suos,
1878 1362 2051 1422 venit
2077 1362 2217 1438 ipse

128 1459 393 1523 mature,
428 1452 724 1510 scalmum
755 1450 984 1509 nullum
1023 1449 1212 1509 videt.
1288 1448 1537 1524 Quaerit
1577 1465 1665 1525 ex·
1691 1446 1972 1523 proximo
2005 1445 2212 1508 vicino

128 1552 271 1595 num
325 1532 512 1593 seriae
567 1535 872 1608 quaedam
915 1531 1291 1610 piscatorum
1335 1540 1578 1605 essent,
1635 1533 1804 1608 quod
1848 1546 1960 1592 eos
2006 1532 2214 1592 nullos

127 1618 384 1677 videret.
457 1617 695 1677 ‘Nullae
726 1617 896 1691 quod
929 1615 1120 1677 sciam
1139 1622 1181 1690 ',
1226 1615 1448 1692 inquit,
1493 1617 1641 1677 ‘scd
1673 1615 1767 1677 hic
1798 1613 2025 1690 piscari
2066 1615 2216 1676 nulli

128 1704 351 1762 solent.
426 1702 639 1775 ltaque
688 1698 819 1760 heri
860 1700 1128 1761 mirabar
1171 1699 1317 1776 quid
1364 1699 1739 1761 accidisset?
1828 1699 1929 1760 60.
1975 1698 2216 1760 Stoma·

129 1784 296 1845 chari
349 1784 602 1845 Canius:
659 1784 772 1845 sed
814 1782 963 1859 quid
1018 1786 1288 1846 faceret?
1367 1785 1653 1846 Nondum
1711 1783 1872 1844 enim
1924 1783 2213 1859 Aquilius

129 1872 367 1945 collega
398 1876 460 1931 et
491 1868 799 1930 familiaris
826 1885 1000 1931 meus
1027 1872 1372 1945 protulerat
1400 1870 1481 1930 de
1513 1871 1658 1930 dolo
1694 1870 1853 1936 malo
1883 1870 2211 1929 formulas:

127 1954 187 2014 in
216 1954 440 2030 quibus
463 1953 615 2032 ipsis
639 1970 824 2029 quum
850 1971 930 2015 ex
952 1970 1028 2015 eo
1058 1960 1461 2030 quaereretur
1492 1953 1638 2029 quid
1663 1961 1834 2014 esset
1873 1953 2054 2014 dolus
2090 1968 2213 2012 ma-

128 2040 253 2112 lus,
286 2039 740 2115 respondebat,
775 2055 962 2114 quum
991 2045 1162 2099 esset
1189 2036 1354 2099 aliud
1383 2035 1757 2111 simulatum,
1795 2035 1960 2097 aliud
1984 2043 2210 2097 actum.

126 2123 263 2183 Hoc
303 2122 551 2197 quidem
585 2139 737 2183 sane
773 2124 1107 2196 luculente,
1142 2128 1209 2183 ut
1237 2123 1315 2183 ab
1345 2121 1592 2182 homine
1623 2121 1820 2197 perito
1854 2119 2208 2181 definiendi.

129 2206 289 2280 :Ergo
322 2213 383 2265 et
422 2205 674 2282 Pythius
718 2212 780 2264 et
826 2223 1040 2268 omnes
1084 2206 1249 2267 aliud
1293 2212 1579 2282 agenteS,
1633 2203 1797 2267 aliud
1848 2204 2211 2266 simulantes

126 2287 367 2364 perfidi,
395 2288 673 2363 improbi,
699 2288 1004 2350 malitiosi.
1048 2291 1292 2351 Nullum
1315 2289 1497 2365 igitur
1521 2306 1733 2350 eorum
1759 2291 1982 2350 factum
2004 2295 2213 2365 potest

126 2371 272 2431 utile
308 2388 481 2444 esse,
527 2388 714 2447 quum
757 2371 836 2431 sit
866 2379 957 2433 tot
991 2372 1150 2434 vitiis
1185 2372 1586 2449 inquinatum.

248 2455 383 2515 XV.
430 2455 531 2515 61.
622 2456 799 2530 Quod
836 2456 889 2516 si
917 2456 1244 2532 Aquiliana
1277 2456 1550 2518 definitio
1585 2473 1733 2516 vera
1772 2463 1898 2530 est,
1944 2472 2021 2516 ex
2046 2455 2213 2516 omni

125 2538 249 2598 vita
280 2537 585 2601 simulatio
619 2538 1149 2615 dissimulatioque
1178 2542 1451 2603 tollenda
1482 2549 1596 2602 est.
1662 2542 1751 2600 Ita
1779 2557 1924 2613 nec,
1959 2545 2027 2600 ut
2050 2548 2214 2601 emat

70 2631 77 2637 ’
125 2623 373 2699 melius,
417 2641 531 2685 nec
567 2631 634 2685 ut
662 2625 918 2699 vendat,
954 2624 1289 2700 quidquam
1321 2624 1631 2686 simulabit
1667 2631 1773 2684 aut
1802 2622 2214 2685 dissimulabit

127 2706 223 2767 vir
254 2708 477 2770 bonus,
560 2711 765 2784 Atque
799 2707 916 2770 iste
951 2710 1133 2770 dolus
1166 2711 1363 2770 malus
1400 2714 1461 2768 et
1505 2707 1742 2784 legibus
1776 2715 1908 2768 erat
1940 2706 2209 2768 vindica·

131 2799 260 2864 tus,
313 2798 381 2851 ut
413 2795 601 2853 tutela
644 2794 972 2853 duodecim
1016 2792 1266 2867 tabuIiS‚
1317 2792 1797 2869 circumscriptio
1842 2793 2208 2853 adolescen-

128 2869 273 2934 tium
308 2876 443 2949 lege
472 2875 804 2950 Plaetoria,
855 2883 918 2937 et
951 2875 1085 2936 sine
1116 2879 1254 2953 lege
1283 2873 1555 2951 iudiciis,
1584 2875 1645 2938 in
1678 2875 1899 2952 quibus
1941 2873 2207 2948 additur,

122 2974 202 3017 Ex
230 2974 365 3018 muz
413 2973 598 3018 nom..
687 2962 1086 3036 Reliquorum
1136 2966 1341 3021 autem
1389 2960 1748 3021 iudiciorum
1800 2960 1956 3020 haec
2010 2959 2209 3020 verba

122 3043 384 3102 maxime
409 3044 744 3103 excellunt:
786 3043 846 3104 in
872 3042 1121 3106 arbitrio
1155 3042 1244 3105 rei
1278 3045 1530 3106 uxoriae
1560 3059 1776 3105 umus
1810 3060 2099 3116 Anoums,
2142 3040 2207 3103 in

123 3124 351 3186 fiducia
392 3141 467 3185 ur
510 3142 683 3185 ιΝτΕιι
724 3142 919 3189 Bonos
961 3145 1111 3188 BENE
1150 3145 1357 3191 Acmn.
1444 3128 1599 3204 Quid
1632 3130 1823 3205 ergo?
1863 3134 1971 3189 aut
2012 3128 2073 3189 in
2105 3143 2207 3203 en,

124 3223 279 3273 ouon
311 3225 528 3271 numus
559 3223 847 3283 Amemus,
893 3219 1103 3288 potest
1142 3214 1265 3273 ulla
1307 3229 1452 3288 pars
1488 3211 1698 3274 inesse
1740 3211 2017 3273 fraudis?
2077 3218 2202 3287 aut,

126 3306 312 3362 quum
357 3289 578 3352 dicitur
616 3308 791 3352 mma
819 3308 1012 3355 nonos
1043 3311 1194 3354 BENE
1224 3312 1440 3370 Acmn,
1477 3295 1810 3393 quidquam
1843 3295 1943 3373 agi
1978 3296 2205 3357 dolose

126 3378 229 3432 aut
260 3370 559 3433 malitiose
589 3376 837 3450 potest?
911 3378 1100 3438 Dolus
1133 3385 1339 3439 autem
1369 3380 1610 3441 malus
1594 3399 1653 3441 ιιι
1686 3378 2101 3451 simulatione,
2138 3389 2208 3441 ut
