2381 3723
110 114 238 178 366
551 112 759 173 ANTE
793 111 1014 187 QUAM
1045 110 1226 170 IRET
1254 110 1329 168 IN
1358 108 1751 171 EXSILIUM.
2098 121 2203 177 176

112 283 295 344 quam
342 282 421 328 ex
471 264 913 342 parricidarum
964 264 1245 325 faucibus
1303 261 1558 339 eripuit,
1617 279 1935 325 remanere
1961 310 1976 339 ,
2031 270 2203 325 tecta

114 350 412 425 omnium,
455 351 594 414 fana
626 351 912 423 deorum,
943 348 1297 409 universam
1324 347 1539 408 videre
1571 347 1844 423 periculo
1874 346 2200 408 liberatam

112 452 228 497 suo
261 433 594 496 civitatem:
641 432 824 494 liceat
853 449 931 493 ex
960 433 1076 493 hac
1105 432 1353 493 flamma
1383 434 1661 504 evolare,
1694 431 2059 508 praesertim
2094 432 2201 507 qui

111 519 259 581 illud
284 518 536 594 impium
565 516 915 578 incendium
947 516 1325 593 perditorum
1360 515 1677 577 hominum
1700 514 1962 577 lacrimis
1984 516 2201 593 potius

114 603 263 664 meis
312 617 497 679 quam
542 600 842 678 sanguine
885 609 1099 663 vestro
1142 599 1441 677 restingui
1486 599 1687 661 malui.
1776 601 1989 677 Neque
2033 599 2200 661 enim

113 703 230 763 ego
275 693 451 763 pet0,
512 692 579 745 ut
618 683 760 745 mihi
805 685 963 746 detis
1003 684 1221 758 vitam,
1264 684 1376 745 sed
1425 685 1628 744 datam
1671 691 1918 761 repeto,
1964 693 2031 745 ut
2060 684 2203 744 red-

113 770 290 831 datiS.
378 768 444 830 Si
487 767 844 830 meministis
887 770 1053 845 quod
1088 733 1259 843 ded’i,
1311 784 1424 830 vos
1463 786 1587 829 non
1620 768 1859 830 debetis
1893 766 2198 838 oblivisci,

113 855 224 915 sed
256 853 596 915 retribuere
629 853 796 929 quod
830 853 1088 914 debetis.

235 938 338 997 IV.
392 937 452 999 9.
539 938 706 1012 VOS,
766 955 880 999 vos
925 938 1237 1010 obtestor,
1294 936 1354 997 di
1397 936 1806 1011 immortaleS,
1866 937 1967 1014 qui
2021 952 2200 996 meae

114 1022 298 1085 menti
354 1023 583 1083 lumina
632 1021 1036 1098 praetulistiS,
1092 1038 1281 1096 quum
1324 1037 1701 1083 consensum
1745 1019 2012 1083 exstinxi
2051 1037 2200 1081 con-

110 1105 426 1170 iurationis
487 1122 819 1181 arcemque
866 1103 1036 1166 urbis
1081 1104 1159 1166 ab
1199 1104 1486 1166 incendio
1529 1122 1603 1166 ac
1651 1103 1899 1166 flamma
1938 1102 2201 1165 liberavi

112 1192 466 1266 liberosque
494 1197 743 1252 vestros
775 1207 810 1249 a
838 1189 1071 1265 gremio
1109 1198 1170 1251 et
1201 1192 1528 1266 complexu
1554 1198 1813 1251 matrum
1836 1191 1915 1250 ad
1941 1188 2198 1250 caedem

113 1283 174 1336 et
220 1291 503 1336 cruorem
552 1291 675 1336 non
727 1291 863 1336 sum
911 1291 1138 1351 passus
1186 1274 1475 1335 abstrahi.
1561 1274 1717 1335 Num
1759 1273 1942 1349 igitur
1986 1281 2202 1349 potest

112 1358 244 1420 fieri
273 1376 310 1419 a
341 1358 662 1420 clientibus
693 1366 761 1420 ut
790 1357 1082 1434 recipiar,
1116 1375 1304 1434 quum
1337 1374 1375 1417 a
1404 1358 1627 1434 quibus
1657 1359 1916 1419 debeam
1947 1357 2201 1418 retineri

111 1443 365 1504 reiicere
396 1443 754 1504 instituant?
824 1441 992 1503 Socii
1028 1460 1151 1518 quo
1185 1442 1444 1517 fugient,
1494 1459 1681 1519 quum
1715 1441 1917 1503 aditus
1951 1440 2197 1504 custodi

109 1527 347 1603 patriae
400 1529 767 1602 praeclusus
820 1526 944 1588 sit?
1031 1528 1163 1603 Quo
1225 1528 1414 1588 modo
1468 1544 1617 1602 spes
1671 1525 1887 1588 salutis
1940 1525 2197 1601 reliquis

111 1608 435 1681 residebit,
490 1627 676 1685 quum
724 1609 961 1673 civibus
993 1612 1322 1688 praeclusa
1352 1610 1432 1672 sit
1459 1610 1841 1687 exspectatio
1879 1610 2198 1672 incolumi·

111 1694 248 1755 tatis
279 1700 309 1752 2
390 1693 519 1757 Pax
573 1701 634 1754 et
692 1696 1027 1756 concordia
1085 1695 1396 1757 extraneis
1448 1696 1769 1771 gignetur,
1833 1709 2024 1770 quum
2076 1693 2196 1753 iam

113 1777 467 1840 domesticis
512 1795 634 1839 non
678 1777 973 1856 insideat,
1028 1781 1142 1841 sed
1185 1777 1430 1855 publice
1473 1778 1818 1855 providenti
1861 1778 2198 1854 eripiatur?

116 1863 211 1924 10.
260 1863 410 1924 Nam
456 1863 603 1939 quid
643 1881 760 1940 ego
802 1864 1222 1939 improborum
1259 1866 1416 1925 sacta
1446 1881 1741 1926 renovem
1773 1861 2085 1936 oratione,
2129 1869 2199 1922 ut

111 1947 631 2023 redintegratione
654 1948 813 2009 illius
841 1947 1281 2010 coniurationis
1305 1947 1544 2009 animos
1572 1948 1885 2009 vulnerem
1907 1947 2199 2008 vestros?

112 2030 422 2095 Auxilium
454 2033 532 2092 ab
569 2031 781 2094 alienis
812 2031 1198 2109 efflagitabo,
1242 2049 1430 2108 quum
1464 2032 1635 2093 cives
1667 2039 1916 2093 vestros
1948 2032 2197 2091 desera-

112 2115 234 2176 tis?
321 2114 646 2179 Sociorum
691 2117 974 2179 invocem
1017 2117 1391 2189 subsidium,
1439 2133 1625 2192 quum
1667 2132 1706 2176 a
1747 2115 1984 2177 civibus
2015 2113 2198 2175 inter-

115 2201 353 2260 clusum
395 2200 475 2269 sit
518 2198 937 2277 praesidium?
1024 2201 1217 2276 Quam
1260 2202 1466 2263 colere
1515 2207 1762 2276 gentem
1814 2215 1981 2261 nunc
2029 2196 2199 2257 insti-

115 2290 277 2343 tuam
302 2284 331 2343 ?
382 2291 586 2346 utrum
627 2292 696 2345 ut
738 2293 952 2346 custos
994 2278 1264 2361 accipiar
1308 2302 1384 2347 an
1427 2292 1497 2345 ut
1537 2283 1818 2361 proditor
1860 2282 2200 2344 excludar?

115 2365 179 2427 Si
206 2374 275 2427 ut
307 2375 742 2440 conservator,
782 2375 994 2428 vestra
1024 2369 1137 2429 erit
1164 2368 1527 2444 ignominia:
1595 2368 1647 2428 si
1682 2375 1750 2430 ut
1781 2372 2197 2445 oppugnator,

115 2449 394 2526 praecisa
428 2459 607 2511 erunt
639 2451 857 2512 omnia.
929 2453 1145 2529 Itaque
1177 2454 1345 2528 quod
1377 2452 1589 2530 putavi
1621 2455 1751 2514 sore
1781 2451 2106 2527 gaudium,
2138 2448 2196 2508 id

115 2532 345 2595 exstitit
396 2534 664 2596 exitium.
702 2596 705 2601 ,
760 2537 858 2597 11.
904 2537 1002 2613 Si,
1044 2537 1336 2614 QuiriteS,
1379 2537 1661 2597 eumdem
1707 2537 1767 2595 in
1812 2543 2198 2598 caeterorum

113 2617 401 2695 periculis
430 2619 800 2683 haberemus
832 2620 1100 2682 animum
1136 2638 1320 2697 quem
1356 2620 1414 2680 in
1447 2621 1684 2681 nostris
1712 2619 2198 2688 difficultatibuS‚

115 2711 176 2764 et
210 2722 322 2779 pro
354 2705 859 2768 innocentissimo
894 2722 1142 2781 quoque
1171 2720 1568 2782 propugnare
1597 2712 1660 2765 et
1691 2703 2199 2766 nocentissimum

116 2805 426 2865 quemque
473 2806 834 2866 oppugnare
884 2789 1062 2851 nobis
1102 2789 1495 2851 utilissimum
1550 2805 1694 2851 esse
1746 2787 2201 2858 arbitraremur,

115 2878 177 2932 et
223 2871 277 2933 si
319 2889 456 2934 cum
504 2874 715 2950 optimi
750 2874 1049 2950 cuiusque
1079 2876 1266 2935 rebus
1296 2872 1578 2935 adversis
1610 2883 1887 2935 nostram
1918 2873 2200 2939 salutem,

116 2972 253 3016 cum
298 2958 766 3021 deterrimorum
802 2959 1115 3020 hominum
1143 2956 1444 3020 secundis
1473 2965 1689 3019 nostra
1718 2956 1993 3034 pericula
2027 2963 2202 3030 puta·

116 3057 320 3103 remus
363 3041 718 3117 coniuncta,
768 3045 1123 3119 frequentes
1169 3045 1452 3119 profecto
1498 3042 1720 3103 talibus
1755 3040 2083 3103 conatibus
2122 3038 2202 3099 ob

113 3123 275 3183 viam
319 3125 409 3187 ire
462 3127 820 3201 niteremur,
866 3143 1068 3202 neque
1113 3127 1330 3201 partim
1371 3125 1725 3188 innocentia
1765 3124 1931 3196 freti,
1977 3121 2201 3197 partim

115 3205 429 3268 nobilitate
459 3209 613 3284 nixi,
646 3211 867 3286 partim
888 3212 1161 3288 potentia
1184 3228 1258 3272 ac
1284 3210 1666 3272 multitudine
1689 3211 2028 3271 amicorum
2047 3205 2202 3279 fulti,

119 3302 305 3357 quum
337 3292 626 3364 perfacile
661 3292 1150 3355 existimaremus
1186 3293 1684 3356 adversariorum
1727 3293 1846 3354 vim
1878 3308 1950 3351 ac
1987 3289 2201 3350 factio·

118 3380 254 3426 nem
299 3386 336 3426 a
379 3373 558 3433 nobis
603 3375 817 3451 repelli
862 3394 1084 3451 posse,
1140 3377 1346 3441 subito
1386 3378 1505 3457 ipsi
1553 3378 1731 3440 simili
1775 3373 2052 3455 periculo
2086 3373 2199 3434 cir-
