2381 3723
91 138 198 195 15⁷
661 131 1066 195 LIBRORUM
1096 134 1616 198 lNCERTORUM.
2052 141 2173 205 347

205 253 324 343 .Ῐ7.
370 283 619 344 infirmo
654 299 918 360 corpore
949 292 1134 360 atque
1174 287 1393 362 aegro,
1445 290 1687 363 colore,
1743 299 1808 351 ut
1849 291 1983 367 ipse
2028 292 2177 353 iudi-

87 383 238 429 care
273 383 332 441 p.
369 384 431 427 u.
497 379 740 446 [Iulius
771 381 1177 434 Rufinianus
1208 399 1263 450 p.
1305 384 1422 436 197.
1459 385 1687 453 Ruhnk.]

225 463 322 526 18.
364 464 499 525 Hoc
531 462 721 526 miror
752 463 911 525 enim
943 482 1298 542 querorque
1344 485 1712 546 quemquam
1750 471 2059 534 hominum
2096 472 2180 533 ita

89 564 351 624 pessum
384 548 532 608 dare
564 548 820 609 alterum
855 549 1057 611 verbis
1087 552 1283 628 velle,
1328 559 1393 612 ut
1420 552 1601 614 etiam
1634 571 1851 616 navem
1883 558 2176 633 perforet,

90 632 151 692 in
185 649 309 708 qua
337 631 472 709 ipse
510 631 778 707 naviget.
849 645 1372 712 [Quinctilianus
1411 650 1503 706 lib.
1555 653 1688 704 Vm.
1726 669 1840 720 cap.
1886 656 1937 708 6.
1982 658 2033 719 s.
2086 658 2176 707 47.-

87 716 200 765 Hoc
236 716 575 782 fragmentum
611 715 794 767 Beiero
828 724 1036 767 auctore
1071 718 1135 767 ad
1173 717 1502 771 Scaurianam
1539 723 1750 774 relatum
1790 721 1908 791 est.]

228 799 326 860 19.
378 797 733 860 Provincias
776 798 936 859 inter
973 817 1043 862 se
1084 800 1480 877 partiverant.
1564 818 1930 887 [Pompeius
1965 837 2018 889 p.
2053 821 2173 874 310.

90 884 243 937 Gonf.
281 885 397 935 Val.
433 883 586 937 Proh.
622 898 677 949 p.
719 881 895 949 1483.]

368 1001 476 1055 111.
515 999 587 1054 A.
658 1000 699 1050 E
743 998 959 1052 LIBRIS
994 1001 1081 1051 DE
1117 1001 1553 1055 PHILOSOPHIA
1589 1003 1895 1060 SCRIPTIS.

227 1096 282 1156 1.
330 1141 344 1154 .
372 1139 388 1156 .
410 1139 426 1155 .
453 1080 577 1158 non
605 1094 1004 1158 Ciceroniana
1020 1095 1421 1172 simplicitate,
1449 1099 1553 1175 qui
1579 1100 1656 1159 de
1679 1116 1747 1160 re
1775 1100 2020 1176 publica
2043 1102 2174 1162 Pla-

90 1178 262 1242 tonis
293 1196 364 1241 se
395 1179 679 1242 comitem
709 1180 1052 1257 profitetur,
1076 1181 1133 1242 in
1162 1180 1600 1245 Consolatione
1620 1182 1783 1244 filiae
1800 1184 2173 1256 crantorem,

88 1267 286 1340 inquit
314 1265 604 1346 (Cicero),
638 1279 890 1339 sequor,
920 1263 1063 1325 item
1090 1264 1434 1327 Panaetium
1470 1267 1548 1328 de
1582 1266 1825 1329 officiis.
1894 1281 2175 1348 [Plinius

90 1351 159 1400 Η.
210 1348 270 1400 N.
309 1347 477 1401 Praef.
523 1349 574 1412 s.
623 1350 711 1401 22.
780 1359 911 1399 naec
949 1350 1099 1399 verba
1143 1349 1286 1401 haud
1326 1350 1483 1400 dubie
1528 1361 1616 1404 aut
1652 1367 1719 1402 ex
1773 1353 1945 1415 aliquo
1986 1365 2176 1417 *prooe-

89 1419 199 1468 mio
250 1427 336 1467 aut
383 1433 448 1467 cx
482 1417 701 1483 epistola
738 1418 889 1467 ducta
924 1417 1052 1467 mihi
1088 1416 1368 1483 videntum]
1455 1449 1465 1457 ·

225 1484 284 1545 2.
333 1485 631 1561 Quoniam
660 1492 923 1561 utraque
952 1503 1159 1547 earum
1190 1486 1630 1551 sententiarum
1675 1489 1777 1561 (de
1806 1499 1988 1551 morte
2017 1489 2177 1566 etde

85 1573 557 1643 immortalitate)
587 1569 984 1632 doctissimos
1013 1571 1226 1632 habuit
1254 1579 1559 1647 auctores,
1595 1589 1710 1634 nec
1742 1572 1889 1650 quid
1917 1572 2066 1649 certi
2098 1572 2178 1632 sit

92 1651 359 1713 divinari
392 1653 644 1728 potest.'
683 1667 1084 1735 [Lactantius
1117 1670 1238 1719 inst.
1279 1670 1369 1722 nb.
1409 1671 1659 1736 vn..0ap.
1702 1669 1754 1723 8.
1794 1671 1847 1733 s.
1885 1668 1964 1736 9.]

225 1751 284 1812 3.
336 1750 546 1822 Cicero
581 1750 729 1813 dicit
749 1751 1186 1828 Hippocratem
1221 1751 1665 1822 nobilissimum
1703 1752 2005 1814 medicum
2031 1754 2176 1815 scri-

90 1844 268 1915 ptum
301 1834 631 1912 reliquisse
672 1852 742 1899 se
773 1837 1078 1913 quosdam
1109 1838 1359 1910 fratreS,
1414 1853 1601 1912 quum
1644 1838 1820 1898 simul
1852 1844 2176 1914 aegrotare

92 1919 460 1998 coepissent
505 1927 566 1981 et
606 1937 821 1982 eorum
852 1923 1106 1983 morbus
1137 1922 1360 1983 eodem
1391 1929 1671 1996 tempore
1697 1920 2175 1996 ingravesceret,

93 2006 321 2066 eodem
363 2006 702 2079 levaretur,
759 2005 1040 2081 geminos
1083 2021 1228 2066 esse
1271 2004 1676 2080 suspicatum.
1741 2018 2176 2089 [Augustinus

91 2091 161 2141 de
221 2090 322 2140 civ.
375 2090 460 2139 dei
501 2088 594 2142 lib.
643 2091 708 2139 V.
756 2104 870 2154 cap.
917 2091 968 2143 2.
1027 2089 1172 2140 Tom.
1222 2090 1286 2138 V.
1349 2104 1403 2155 p.
1466 2088 1585 2140 282.
1658 2089 1800 2139 Hunc
1841 2089 2007 2142 locum
2053 2089 2176 2140 Bre-

93 2160 232 2211 mius
270 2173 298 2208 e
333 2159 553 2225 princip.
594 2172 707 2225 cap.
747 2160 798 2208 2.
839 2158 903 2209 de
950 2156 1050 2208 fato
1090 2157 1327 2207 haustum
1364 2172 1478 2208 esse
1514 2159 1821 2223 suspicatur.
1894 2158 1974 2211 111.
2005 2166 2177 2208 autem

92 2226 274 2277 Clarus
308 2242 401 2293 per
438 2228 634 2278 litteras
680 2226 805 2277 mihi
843 2228 1041 2293 aperuit
1077 2227 1371 2278 Ciceronem
1409 2227 1509 2276 sibi
1547 2226 1709 2277 videri
1748 2227 2045 2280 festinanter
2078 2235 2179 2278 ret-

95 2297 281 2347 tulisse
309 2298 607 2346 sententiam
640 2296 994 2362 Hippocratis,
1047 2298 1134 2359 qui
1169 2297 1234 2347 de
1276 2294 1434 2347 simili
1467 2296 1670 2358 quidem
1703 2297 1915 2347 duorum
1967 2297 2175 2347 fratrum

92 2366 273 2416 morbo
316 2367 593 2416 memoriae
631 2366 846 2431 prodat,
900 2380 1063 2429 neque
1096 2379 1219 2415 vero
1257 2381 1285 2415 e
1333 2366 1494 2416 morbi
1539 2365 1874 2419 similitudine
1911 2366 2179 2417 concludat

88 2435 306 2486 eosdem
339 2448 456 2486 esse
486 2435 720 2500 geminos
756 2460 823 2470 --
860 2435 938 2485 de
973 2437 1216 2485 morbis
1252 2435 1640 2501 vulgaribus
1677 2434 1770 2487 lib.
1809 2437 1849 2487 1.
1891 2434 2025 2489 Sect.
2059 2437 2173 2489 VII.

90 2518 149 2570 p.
190 2502 278 2555 31.
315 2502 371 2554 O.
411 2502 470 2557 D.
513 2504 595 2555 ed.
630 2504 778 2559 Foes.
851 2501 1064 2569 NOBB.]

222 2586 283 2647 4.
325 2587 587 2648 Romam
618 2586 932 2650 conditam
964 2584 1345 2663 Olympiadis
1387 2593 1604 2646 sextae
1635 2602 1797 2648 anno
1830 2586 2009 2649 tertio
2037 2632 2050 2645 .
2078 2631 2094 2647 .
2122 2631 2136 2647 .
2164 2631 2178 2646 .

89 2669 393 2739 [Solinus
424 2686 542 2737 cap.
570 2671 617 2722 1.
650 2686 708 2738 p.
750 2673 800 2722 2.
831 2671 918 2722 ed.
938 2669 1095 2721 Salm.
1127 2668 1266 2723 conf.
1310 2670 1374 2721 de
1405 2685 1462 2719 re
1497 2669 1639 2734 publ.
1678 2669 1768 2720 lib.
1796 2670 1862 2725 11.
1894 2684 2009 2736 cap.
2033 2668 2142 2734 10.]

217 2753 278 2813 5.
320 2753 492 2816 Haec
540 2761 630 2815 est
665 2757 774 2816 illa
815 2755 915 2815 lex
946 2751 1075 2826 dei,
1122 2761 1192 2814 ut
1219 2769 1260 2812 α
1293 2752 1572 2813 Cicerone
1604 2752 1826 2812 dictum
1855 2760 1942 2812 est
1983 2764 2059 2830 (in
2086 2766 2176 2815 tv.

87 2853 313 2903 tortasse
346 2852 413 2903 de
458 2867 515 2903 re
559 2853 701 2919 publ.
742 2852 902 2917 libro,
960 2852 1054 2903 sed
1098 2853 1207 2905 vid.
1246 2852 1364 2902 Mai.
1414 2866 1464 2917 p.
1515 2849 1692 2916 2710,
1753 2835 2069 2910 praeclara
2119 2842 2182 2893 et

84 2919 333 2992 divina,
379 2936 630 2998 semper
664 2938 825 2997 quae
860 2928 1031 2982 recta
1059 2927 1121 2981 et
1153 2919 1417 2982 honesta
1450 2918 1650 2991 iubet,
1697 2925 1867 2980 vetat
1896 2934 2090 2995 prava
2120 2927 2182 2978 et

83 3004 327 3081 turpia:
382 3005 478 3065 cui
506 3014 828 3082 parentem
870 3003 1297 3067 sanctissimae
1327 3019 1399 3064 ac
1435 3000 1814 3063 certissimae
1857 3002 1978 3078 legi
2019 3001 2180 3062 iuste

85 3105 165 3150 ac
199 3085 469 3221 legjtime
529 3104 795 3152 necesse
853 3097 950 3151 est
1003 3085 1235 3149 vivere.
1315 3102 1728 3170 [Lactantius
1784 3104 1903 3153 inst.
1949 3102 2037 3152 lib.
2087 3103 2179 3152 Vl.

82 3172 776 3319 ωροδῗρῑςιίιέἓέρὴἰεῐη
814 3242 880 3302 di
921 3239 1136 3318 paucis
1182 3240 1550 3316 quibusdam
1601 3256 1813 3301 veram
1854 3234 2177 3301 dederunt.

84 3324 506 3394 [Fragmentnm,
577 3335 633 3377 ut
684 3328 917 3383 videtur,
984 3326 1260 3376 Hortensii.
1347 3326 1762 3392 Augustinus
1817 3324 1882 3376 de
1938 3325 2038 3375 citt.
2097 3322 2180 3373 dei

83 3396 184 3446 lib.
225 3393 388 3446 xxn.
421 3411 536 3463 cap.
575 3398 661 3449 22.
696 3395 843 3447 Tom.
875 3398 938 3449 V.
975 3409 1030 3461 p.
1073 3391 1251 3460 1375]
