2381 3723
131 161 138 211 1
200 140 291 193 241
761 125 925 186 CAP.
961 135 1220 189 60—62.
1266 135 1319 196 s.
1355 105 1683 189 212—217.
2126 128 2248 192 431

125 354 135 362 ..
198 282 335 358 ipsis
374 279 432 340 in
471 294 685 339 eorum
718 282 901 338 coetu
942 278 1207 337 locatam
1238 278 1316 336 ad
1356 278 1703 352 opinionem
1737 279 2006 342 omnium
2034 290 2253 342 morta-

53 395 130 454 Um
198 367 329 425 lium
359 363 759 424 consecrabo.
833 360 922 418 Tu
962 375 1111 434 ergo
1145 362 1207 421 in
1243 376 1319 420 eo
1363 360 1501 436 ipso
1532 363 1708 434 sanc,
1760 365 1927 437 quod
1954 365 2033 423 ad
2064 365 2255 425 nomi-

198 450 283 510 nis
323 446 405 508 tui
450 444 807 507 memoriam
855 459 929 503 ac
971 445 1193 503 cultum
1248 449 1459 504 votum
1503 446 1977 521 dedicatumque
2019 454 2139 520 est,
2194 455 2258 508 et

194 531 415 591 laudari
455 536 517 590 te
557 535 618 589 et
660 526 778 587 coli
822 525 1074 587 senties.
1143 527 1411 589 Maxime
1440 535 1643 589 autem
1674 530 2034 591 laetaberis„
2051 532 2113 592 in
2157 548 2254 604 e0,

57 644 139 709 mm
198 616 353 690 quod
386 621 445 674 et
476 630 612 673 eum
643 609 781 684 tibi,
828 626 1009 686 quem
1041 611 1304 671 maxime
1345 611 1554 684 debui,
1605 613 1903 674 honorem
1938 617 2254 689 persolve-

125 745 135 758 ,
193 700 296 759 rim
340 706 400 757 et
446 714 543 756 me
587 696 765 755 simul
801 693 1182 769 iniquissimo
1230 697 1511 755 fortunae
1554 696 1810 772 imperio
1859 699 2103 773 penitus
2150 715 2228 757 ex

196 781 492 844 solverim.
565 778 743 839 Nosti
784 778 943 840 enim
992 795 1174 853 quam
1217 795 1461 854 semper
1498 778 1688 840 alacri
1727 782 1993 857 fortique
2047 783 2250 842 animo

197 866 424 926 cunctis
457 862 706 924 casibus
739 861 1095 935 restiterim,
1148 871 1216 923 ut
1248 878 1327 922 ne
1360 879 1458 922 me
1491 864 1734 938 quidem
1780 867 2026 940 pulsum
2056 866 2254 941 patrIa

77 984 133 1043 dja,
192 949 467 1023 omnique
496 949 680 1022 plane
712 945 1004 1022 dignitate
1034 945 1361 1021 spoliatum
1392 954 1514 1006 tam
1550 946 1679 1007 acri
1706 947 1933 1024 impetu
1964 949 2248 1023 frangere

191 1049 257 1094 ac
314 1032 580 1092 deiicere
637 1032 882 1091 fortuna
944 1030 1234 1105 potuerit.
1322 1028 1465 1089 2174
1532 1030 1680 1091 Cum
1740 1031 1994 1103 inimicis
2051 1038 2254 1091 autem

192 1124 405 1193 quanta
442 1114 835 1176 contentione
880 1113 1326 1173 decertaverim
1371 1130 1654 1190 quaeque
1683 1131 1821 1174 mea
1863 1115 2042 1178 fuerit
2081 1114 2143 1175 in
2174 1115 2252 1174 iis

54 1237 129 1299 Μ
187 1200 515 1266 refutandis
551 1196 1035 1271 frangendisque
1070 1196 1263 1257 virtus
1296 1204 1357 1257 et
1387 1198 1732 1259 constantia
1763 1205 1984 1259 norunt
2016 1215 2249 1272 omneS,

53 1279 57 1298 '
82 1321 129 1378 d„
189 1285 285 1360 qui
317 1284 520 1345 varios
553 1282 815 1342 civitatis
853 1286 1104 1340 nostrae
1137 1297 1321 1342 casus
1347 1282 1591 1342 curiose
1612 1288 1995 1343 notaverunt.
2060 1285 2251 1357 Quum

183 1386 358 1441 vero,
396 1365 618 1439 Tullia,
673 1373 731 1425 te
767 1363 914 1425 mihi
944 1371 1218 1425 extremo
1255 1367 1393 1426 loco
1439 1367 1681 1426 fortuna
1717 1365 2082 1440 ademisset,
2125 1374 2252 1427 tum

184 1452 463 1529 equidem
514 1449 787 1510 intellexi
836 1455 1143 1524 'quantum
1201 1447 1303 1509 illa
1353 1447 1414 1508 in
1464 1450 1652 1510 rebus
1701 1458 1922 1525 posset
1971 1449 2252 1511 humanis

184 1543 532 1612 quantaque
579 1535 885 1594 adversus
935 1548 1034 1592 me
1082 1532 1285 1608 ipsum
1335 1531 1397 1591 vi
1454 1549 1528 1593 ac
1575 1540 1881 1609 potestate
1937 1535 2249 1595 niteretur.

53 1654 119 1712 *iffi
179 1623 390 1695 Itaque
431 1618 577 1677 nihil
609 1617 794 1678 habui
827 1618 996 1693 quod
1033 1616 1331 1689 dicerem,
1381 1616 1497 1676 nisi
1526 1619 1682 1679 cedo
1713 1625 1774 1677 et
1803 1635 2047 1679 manum
2080 1620 2249 1690 tolIO,

53 1705 121 1796 w
182 1722 369 1779 quum
422 1709 544 1762 tam
597 1701 769 1775 gravi
810 1707 1069 1776 accepto
1118 1701 1378 1761 vulnere
1426 1701 1609 1777 plane
1662 1703 1878 1763 dolore
1927 1705 2251 1778 perculsus

53 1793 127 1879 ane:
177 1795 365 1864 atque
393 1784 681 1847 adflictus
713 1800 937 1848 essem.
1025 1785 1199 1844 Nunc
1227 1791 1431 1844 autem
1460 1792 1522 1845 et
1543 1786 1890 1861 praeceptis
1915 1786 2253 1863 sapientiae

55 1898 123 1964 >er-²
176 1874 483 1932 adversus
518 1886 759 1929 omnem
794 1872 1072 1930 fortunae
1101 1868 1226 1928 vim
1258 1868 1651 1930 confirmatus
1689 1877 1749 1930 et
1791 1877 1849 1930 te
1892 1878 2252 1932 consecrata

55 1978 130 2046 ffl-
173 1955 237 2015 in
283 1957 646 2028 caelumque
692 1960 945 2027 recepta
992 1958 1161 2011 tanta
1202 1952 1480 2013 adfectus
1524 1954 1839 2027 voluptate
1881 1971 1953 2015 ac
2008 1953 2253 2027 laetitia,

55 2082 100 2129 770
174 2047 467 2114 quantam
503 2035 704 2096 animo
739 2052 961 2112 capere
1003 2033 1328 2095 maximam
1375 2053 1663 2112 possum,
1716 2040 2024 2101 exsultare
2072 2041 2251 2114 plane

69 2152 95 2210 -15
170 2122 403 2183 videor
441 2121 763 2196 victorque
796 2120 873 2180 de
902 2121 1144 2180 fortuna
1172 2135 1246 2199 ac
1286 2121 1363 2179 de
1405 2121 1567 2180 omni
1600 2138 1857 2196 prorsus
1893 2123 2110 2184 dolore
2153 2121 2252 2183 tri-

57 2244 62 2250 ·
166 2207 428 2282 umpho.
502 2206 591 2266 Tu
633 2221 812 2280 ergo,
865 2204 1111 2276 quando
1160 2220 1259 2263 me
1290 2201 1516 2279 insigni
1557 2215 1616 2266 et
1660 2205 1986 2266 excellenti
2017 2215 2252 2267 tuarum

168 2292 361 2351 laude
404 2286 821 2363 memoriaque
853 2286 1141 2349 virtutum
1175 2295 1299 2348 tam
1337 2292 1653 2364 praeclare
1700 2288 1935 2364 iuvisti‚
1984 2306 2146 2350 nunc
2176 2289 2251 2348 ab

164 2373 527 2435 hominibus
577 2371 884 2443 seiuncta,
935 2389 1058 2433 non
1103 2389 1201 2431 me
1244 2373 1573 2445 deserenS‚
1634 2374 1745 2434 sed
1790 2372 2119 2450 aliquando
2159 2390 2250 2432 re—

165 2463 506 2533 spectans,
539 2458 772 2532 perdue
803 2472 899 2529 eo,
931 2455 1037 2515 ubi
1058 2463 1161 2516 tua
1183 2456 1430 2516 tandem
1456 2457 1867 2520 collocutione
1889 2464 2252 2533 conspectu-

62 2588 84 2628 „
165 2558 295 2617 que
333 2542 532 2610 fruar,
581 2547 649 2598 ut
679 2548 740 2600 et
766 2538 1008 2616 parenti
1037 2540 1118 2600 tui
1156 2539 1607 2614 amantissimo,
1657 2559 1838 2617 quam
1868 2540 2250 2617 potissimum

62 2670 75 2710 ,
162 2631 398 2701 optare
431 2624 658 2695 debeS,
703 2625 956 2697 gratiam
998 2625 1234 2684 referas
1271 2631 1333 2683 et
1377 2640 1492 2696 ego
1527 2627 1713 2686 multo
1753 2624 1895 2685 mihi
1924 2625 2249 2701 gratiorem

158 2709 497 2782 multoque
528 2706 949 2767 iucundiorem
983 2722 1386 2782 congressum
1432 2716 1709 2768 nostrum
1746 2711 2011 2770 futurum
2038 2706 2247 2768 intelli-

154 2808 344 2867 gam,
381 2808 563 2865 quam
599 2790 870 2852 insuavis
904 2794 964 2848 et
992 2790 1255 2852 acerbus
1288 2792 1605 2866 digressus
1638 2792 1764 2852 fuit.

1017 3036 1426 3045 ...ὴ-..-
