2381 3723
176 119 261 179 60
408 108 421 121 ’
990 121 1089 180 DE
1098 119 1288 227 ’OFFl
1298 119 1440 181 CllS

177 265 435 327 influere
483 268 812 343 possimus.
901 269 1000 331 32.
1052 273 1143 331 Ac
1195 271 1456 347 primum
1502 270 1579 330 de
1636 268 1751 330 illis
1804 268 2027 342 tribus,
2084 284 2258 344 quae

180 356 320 409 ante
357 349 511 422 dixi,
545 351 1014 413 benevolentiae
1042 358 1375 429 praecepta
1406 351 1753 424 videamuS,
1804 367 1962 426 quae
1993 349 2242 427 quidem

181 432 417 508 capitur
465 433 776 495 beneficiis
829 434 1118 508 maxime,
1175 435 1452 496 seeundo
1498 442 1701 495 autem
1742 437 1879 495 loco
1926 436 2256 495 voluntate

179 515 456 576 benefica
483 516 913 578 benevolentia
941 516 1252 591 movetur,
1297 517 1474 579 etiam
1514 517 1566 577 si
1600 533 1699 578 res
1730 518 1888 579 forte
1930 533 2055 578 non
2099 534 2241 593 sup-

179 598 350 676 petit.
437 599 852 660 Vehementer
896 609 1097 662 autem
1149 617 1324 661 amor
1379 599 1776 662 multitudinis
1820 608 2248 662 commovetur

152 682 315 758 ipsa
358 682 516 741 fama
559 689 620 742 et
654 681 945 759 opinione
982 683 1382 756 liberalitatiS,
1435 682 1905 756 beneficentiae,
1954 681 2240 754 iustitiae,

180 763 324 824 fidei
351 763 744 841 omniumque
766 782 975 828 earum
1000 765 1308 840 virtutum,
1343 784 1503 841 quae
1524 766 1830 843 pertinent
1858 767 1936 826 ad
1960 782 2243 826 mansue·

178 847 449 908 tudinem
479 865 715 909 morum
747 865 820 909 ae
863 848 1226 910 facilitatem.
1305 851 1540 911 Etenim
1594 849 1741 910 illud
1783 849 2018 926 ipsum,
2071 850 2242 924 quod

181 931 504 992 honestum
548 933 965 1008 decorumque
1005 932 1294 1006 dicimus,
1352 932 1492 1009 quia
1535 949 1649 1009 per
1694 949 1766 994 se
1816 932 1996 994 nobis
2035 933 2250 1007 placet

179 1014 542 1090 animosque
586 1014 852 1076 omnium
889 1023 1104 1077 natura
1145 1023 1207 1076 et
1245 1016 1454 1092 specie
1501 1032 1617 1076 sua
1661 1022 2010 1078 commovet
2054 1012 2246 1075 maxi·

179 1114 400 1173 meque
429 1097 605 1175 quasi
631 1101 907 1176 perlucet
933 1116 1011 1159 ex
1043 1099 1150 1172 eis,
1186 1116 1342 1175 quas
1371 1098 1863 1169 commemoravi,
1898 1097 2245 1170 virtutibuS,

177 1181 408 1242 ideirco
452 1182 618 1257 illos,
670 1181 728 1242 in
763 1182 984 1259 quibus
1027 1198 1133 1243 eas
1163 1181 1420 1243 virtutes
1466 1198 1611 1243 esse
1651 1198 1886 1255 remur,
1948 1198 1984 1241 a
2021 1189 2244 1242 natura

178 1265 314 1342 ipsa
346 1264 598 1341 diligere
642 1265 934 1342 cogimur.
999 1267 1205 1340 Atque
1246 1266 1362 1325 hae
1404 1264 1648 1341 quidem
1682 1280 1907 1326 causae
1948 1260 2247 1340 diligendi.

179 1347 608 1425 gravissimae:
664 1356 930 1425 possunt
969 1348 1128 1409 enim
1178 1355 1500 1425 praeterea
1539 1365 1663 1410 non
1718 1350 1917 1409 nullae
1971 1363 2118 1408 esse
2158 1347 2242 1405 le·

177 1430 405 1492 vioreS.
494 1431 593 1492 33.
636 1431 818 1492 Fides
863 1439 1062 1492 autem
1106 1440 1172 1493 ut
1220 1432 1516 1492 habeatur
1557 1431 1796 1492 duabus
1847 1430 2033 1491 rebus
2075 1426 2247 1489 effici

179 1519 414 1589 potest:
480 1513 533 1573 si
586 1513 1062 1575 existimabimur
1115 1514 1321 1590 adepti
1374 1514 1757 1575 coniunctam
1818 1531 1956 1575 eum
2011 1510 2245 1574 iustitia

177 1594 580 1672 prudentiam.
651 1597 797 1656 Nam
832 1604 895 1657 et
941 1597 1012 1658 iis
1049 1598 1233 1658 fidem
1274 1597 1599 1671 habemus,
1652 1614 1810 1672 quos
1848 1598 1984 1673 plus
2025 1595 2240 1656 intelli·

176 1694 324 1754 gere
369 1695 552 1753 quam
603 1696 718 1740 nos
765 1681 1129 1741 arbitramur
1178 1697 1465 1757 quosque
1518 1687 1581 1740 et
1627 1682 1824 1743 futura
1875 1678 2246 1757 prospicere

179 1760 482 1822 credimus
513 1769 602 1836 et,
657 1780 843 1838 quum
874 1779 973 1823 res
1016 1771 1233 1839 agatur
1259 1762 1320 1824 in
1362 1763 1811 1840 discrimenque
1840 1769 2089 1823 ventum
2140 1760 2244 1833 sit,

178 1843 468 1922 expedire
499 1861 628 1907 rem
671 1853 733 1907 et
765 1845 1080 1909 consilium
1118 1864 1195 1908 ex
1232 1853 1510 1924 tempore
1552 1864 1773 1924 capere
1804 1863 2026 1923 posse:
2078 1846 2237 1905 hane

177 1929 334 1989 enim
396 1929 601 1991 utilem
677 1930 952 1992 homines
1015 1929 1363 1991 existimant
1433 1947 1765 2005 veramque
1832 1928 2239 2006 prudentiam.

177 2012 358 2074 lustis
389 2022 591 2075 autem
624 2022 685 2074 et
726 2012 863 2074 fidis
895 2013 1272 2085 hominibuS,
1324 2013 1386 2073 id
1418 2021 1537 2084 est,
1572 2012 1751 2075 bonis
1782 2011 1926 2073 viris
1958 2012 2041 2072 ita
2079 2013 2241 2073 fides

175 2095 463 2170 habetur,
492 2104 559 2156 ut
588 2099 752 2157 nulla
781 2097 860 2158 sit
889 2099 947 2156 in
981 2096 1056 2157 iis
1088 2096 1317 2157 fraudis
1346 2095 1723 2171 iniuriaeque
1754 2094 2050 2172 suspicio·
2124 2095 2234 2154 lta·

179 2194 298 2252 que
339 2178 433 2238 his
469 2181 724 2240 salutem
770 2187 1059 2253 nostram,
1122 2178 1219 2240 his
1267 2179 1576 2253 fortunas,
1637 2179 1731 2239 his
1767 2177 1996 2239 liberos
2029 2175 2235 2238 rectis·

178 2260 328 2320 sime
373 2261 661 2321 committi
709 2262 1088 2323 arbitramur.
1175 2262 1275 2323 34.
1332 2261 1557 2322 Harum
1604 2262 1784 2337 igitur
1836 2262 2095 2323 duarum
2160 2258 2238 2319 ad

176 2342 358 2402 fldem
405 2343 742 2404 faciendam
784 2344 1009 2405 iustitia
1050 2347 1192 2421 plus
1220 2346 1434 2420 pollet,
1490 2345 1716 2422 quippe
1760 2361 1944 2420 quum
1986 2360 2063 2405 ea
2105 2343 2242 2403 sine

178 2425 497 2499 prudentia
546 2425 698 2488 satis
741 2427 963 2487 habeat
1002 2427 1415 2498 auctoritatis,
1467 2428 1790 2503 prudentia
1835 2428 1970 2489 sine
2011 2425 2239 2488 iustitia

177 2507 318 2567 nihil
363 2511 560 2570 valeat
605 2512 683 2570 ad
729 2510 1065 2572 faciendam
1108 2511 1315 2572 fidem.
1398 2512 1530 2586 Quo
1567 2511 1726 2573 enim
1760 2510 1895 2587 quis
1930 2509 2244 2571 versutior

176 2598 238 2652 et
266 2591 567 2668 callidior,
626 2595 745 2655 hoc
809 2593 1065 2656 invisior
1114 2601 1175 2654 et
1233 2593 1580 2671 suspectior
1619 2595 1892 2655 detracta
1944 2591 2245 2668 opinione

175 2675 515 2753 probitatis.
589 2680 777 2755 Quam
829 2679 908 2739 ob
963 2696 1091 2739 rem
1148 2676 1580 2753 intelligentiae
1633 2676 1863 2739 iustitia
1912 2675 2245 2737 coniuncta

177 2770 466 2835 quantum
500 2766 663 2824 volet
699 2760 949 2823 habebit
982 2761 1061 2821 ad
1106 2760 1447 2821 faciendam
1488 2760 1672 2821 fidem
1717 2759 1964 2821 virium:
2009 2758 2243 2819 iustitia

174 2843 307 2903 sine
360 2845 680 2918 prudentia
735 2841 986 2906 multum
1040 2843 1291 2920 poterit,
1349 2842 1481 2903 sine
1533 2843 1759 2905 iustitia
1812 2840 2244 2903 nihilfvalebit

174 2927 515 3001 prudentia.

298 3012 372 3071 X.
418 3010 518 3072 35.
610 3011 763 3084 Sed,
816 3028 893 3072 ne
937 3009 1074 3086 quis
1129 3010 1207 3070 sit
1261 3008 1593 3071 admiratus
1644 3025 1781 3083 cur,
1843 3025 2030 3084 quum
2081 3005 2248 3066 inter

174 3111 389 3155 omnes
421 3093 828 3171 philosophos
860 3100 1105 3157 constet
1144 3111 1181 3154 a
1212 3109 1434 3169 meque
1464 3092 1601 3168 ipso
1635 3108 1824 3167 saepe
1864 3091 2242 3167 disputatum

174 3175 253 3236 sit
286 3178 391 3251 qui
434 3195 614 3242 unam
663 3175 1171 3238 haberet'omnes
1208 3176 1436 3237 habere
1466 3174 1755 3248 virtutes,
1810 3189 1973 3235 nunc
2017 3171 2100 3233 ita
2146 3188 2241 3233 se·

172 3256 446 3334 iungam,
498 3257 674 3336 quasi
706 3259 906 3336 possit
932 3259 1289 3334 quisquam,
1337 3258 1439 3335 qui
1478 3275 1602 3321 non
1632 3259 1795 3318 idem
1837 3257 2110 3332 prudens
2142 3253 2241 3327 sit,

170 3341 367 3402 iustus
391 3355 568 3415 esse,
602 3342 718 3403 alia
749 3348 844 3402 est
876 3341 1003 3415 illa,
1037 3359 1224 3416 quum
1259 3342 1479 3403 veritas
1507 3340 1643 3418 ipsa
1672 3340 1913 3401 limatur
1937 3339 1998 3399 in
2029 3337 2240 3415 dispu-
