2381 3723
124 110 251 173 334
915 115 1399 180 FRAGMENTA
2098 137 2203 192 144

122 265 378 339 Aqmina
401 268 642 341 prolixo
665 265 834 339 feni
854 284 1035 342 super
1061 274 1213 329 aera
1248 277 1471 345 tractu,
1631 346 1638 353 ·

120 349 244 409 Nec
266 352 446 408 semel
471 350 763 424 inceptum
790 368 957 412 verso
976 353 1133 426 pede
1152 357 1393 427 flectere
1419 372 1675 416 cursum.

120 431 189 491 Si
211 431 397 492 subito
422 438 718 493 astrorum
743 436 992 496 nitidum
1020 436 1197 496 iubar
1221 439 1577 513 obscuretur,

117 515 243 576 Nec
269 516 489 575 densae
513 516 878 578 abscondant
904 525 1042 578 atra
1070 523 1329 595 caliqine
1356 524 1562 596 nubes,
2090 538 2194 592 285

119 599 241 658 Nec
265 599 517 671 nebulis,
546 617 657 660 nec
679 604 798 661 sint
820 605 1052 664 victrici
1066 605 1323 665 obnoxia
1350 609 1557 680 lunae,

117 682 336 742 Inclita
360 683 472 742 sed
488 687 738 759 proprio
765 694 1139 748 marcescant
1160 690 1365 749 sidera
1392 699 1574 765 motu,

125 764 288 824 Tunc
313 766 417 824 tibi
444 782 562 825 non
584 769 893 842 placidam
914 775 1202 846 promittit
1222 773 1498 850 Iuppiter
1524 776 1795 838 aethram
1808 825 1824 853 ‚

115 847 241 908 Sed
263 851 455 909 tristes
482 867 670 910 auras
683 897 698 924 ‚
731 856 889 914 caeli
903 858 1142 928 reqione
1167 857 1275 916 sub
1302 875 1426 918 una

113 931 420 992 Immotam
457 935 662 995 videas
689 939 789 997 illo
812 954 1036 1013 quoque
1064 946 1324 1015 tempore
1348 943 1557 1004 nubem
1572 990 1588 1017 ‚
2086 957 2191 1012 290

113 1016 597 1092 Praeterlapsam
621 1022 806 1080 aliam
832 1029 1009 1096 atque
1035 1025 1220 1085 aliam
1243 1033 1377 1099 post
1402 1033 1571 1101 terqa
1598 1034 1948 1104 sequentem.

110 1098 235 1159 Ibit
259 1106 320 1161 et
341 1100 431 1160 ad
450 1109 688 1176 pastum
719 1108 952 1179 maqnis
978 1108 1356 1180 clanooribus
1384 1127 1589 1184 anser,

111 1181 370 1244 Saecula
390 1201 580 1259 passa
606 1203 809 1248 novem
835 1191 1050 1249 cornix
1070 1192 1176 1251 tibi
1198 1196 1371 1267 siqna
1393 1199 1694 1268 procellae

111 1265 290 1328 Nocte
318 1268 484 1328 dabit
508 1270 765 1331 stridens
788 1289 1098 1348 serumque
1123 1277 1438 1337 monedula
1466 1287 1745 1354 cantans,

108 1349 187 1409 Et
202 1360 487 1427 'surqente
521 1354 618 1413 die
641 1370 859 1429 passer
885 1360 1265 1434 reliquaeque
1297 1364 1562 1423 volucres
2078 1377 2182 1432 295

109 1433 385 1508 Aequora
412 1439 772 1510 linquentes:
799 1446 937 1500 tune
965 1448 1025 1503 et
1047 1446 1289 1518 spelaea
1317 1445 1528 1507 subibit

113 1516 383 1578 Orchilus
409 1525 469 1579 et
495 1536 748 1582 recavas
770 1525 1032 1585 latebras
1066 1530 1342 1601 anquiret
1366 1530 1649 1603 eritheus,

106 1600 518 1676 Nocturnoque
542 1611 712 1665 satur
736 1607 1020 1671 condetur
1040 1614 1329 1683 qraculus
1357 1620 1547 1674 antro.

111 1683 297 1752 Quum
316 1684 464 1758 fera
485 1696 794 1763 tempestas
819 1692 1024 1764 instat,
1052 1696 1257 1754 nullae
1282 1697 1542 1772 undique
1567 1714 1741 1759 ceras

104 1766 454 1830 Phoenicias
480 1775 787 1834 variarum
817 1778 1020 1850 apium
1045 1783 1323 1839 struxere
1348 1786 1648 1855 catervae,
2075 1794 2187 1849 300

104 1850 385 1926 Mellifico
413 1860 508 1915 ast
529 1857 687 1918 intus
714 1875 841 1919 sese
872 1864 1194 1922 accinxere
1220 1864 1416 1924 labori
1424 1886 1444 1923 .-

104 1934 292 2010 Atque
328 1940 439 1998 iter
472 1941 765 2017 inceptum
791 1943 1010 2019 refuqo
1021 1962 1142 2020 per
1170 1955 1383 2022 aperta
1411 1953 1606 2009 volatu

104 2016 472 2094 Strymoniae
502 2040 724 2100 rupere
744 2043 928 2101 qrues
954 2036 1013 2088 et
1037 2036 1207 2105 terqa
1236 2032 1541 2093 dederunt.

100 2099 224 2161 Nec
249 2107 392 2165 levis
419 2108 482 2166 in
515 2111 758 2182 placido
785 2127 962 2185 quum
981 2113 1187 2185 fertur
1214 2132 1445 2176 aranea
1472 2121 1668 2191 caelo,

101 2185 221 2245 Aut
244 2190 428 2249 invita
450 2193 594 2250 nitet
614 2197 911 2254 manantis
930 2198 1179 2269 flamma
1204 2201 1485 2261 lucernae
1499 2247 1514 2273 ,
2070 2212 2181 2266 305

100 2269 220 2329 Aut
246 2276 434 2332 tenuis
458 2276 715 2335 cinerem
736 2284 1045 2350 percurrit
1064 2281 1279 2355 'fulqor
1310 2283 1385 2342 ab
1413 2287 1540 2356 iqni
1550 2330 1564 2357 ‚

99 2352 345 2428 Neqliqe
379 2371 616 2415 saevam
643 2359 907 2418 hiemem.
966 2361 1092 2421 Sed
1115 2365 1265 2437 quid
1289 2366 1634 2428 documenta
1657 2368 1859 2442 futuri

100 2432 294 2495 Multa
322 2439 427 2498 tibi
448 2439 717 2511 referam
731 2439 764 2502 ?
784 2444 934 2503 cinis
960 2478 1042 2488 —
1075 2449 1306 2521 etquid
1336 2452 1507 2511 vilius
1533 2451 1678 2514 illo?
1703 2486 1786 2496 —

103 2518 417 2581 Concretus
441 2526 683 2585 nimium
711 2529 906 2588 niveos
933 2530 1255 2591 denunciat
1279 2535 1492 2595 imbres
1505 2558 1525 2595 :
1563 2563 1578 2575 -

93 2602 447 2667 Praemonet
472 2608 578 2669 hos
603 2617 663 2670 et
678 2612 806 2684 fax
831 2618 1109 2674 nocturni
1131 2619 1369 2678 conscia
1384 2623 1591 2695 pensi,
2067 2632 2177 2686 310

98 2686 286 2757 Quum
317 2692 476 2752 milio
490 2696 748 2769 paribus
774 2698 1034 2758 candent
1053 2699 1328 2776 elychnia
1354 2705 1540 2777 siqnis
1553 2751 1568 2778 ‚

101 2768 265 2833 Tunc
287 2778 474 2849 spisso
499 2781 690 2839 veniet
707 2783 986 2854 qlacialis
1014 2782 1090 2841 ab
1117 2785 1355 2845 aethere
1376 2789 1643 2862 arando,

95 2852 283 2924 Quum
306 2861 450 2919 nitet
472 2868 771 2924 extremus
797 2865 1080 2925 candenti
1101 2870 1320 2929 lumine
1347 2872 1557 2946 carb0,

91 2937 215 2999 Sed
235 2942 464 3003 medius
488 2946 736 3008 nebulae
755 2952 919 3008 tenui
938 2953 1165 3010 velatur
1192 2956 1428 3030 amictu.

90 3023 221 3084 Non
248 3030 448 3088 caruit
469 3030 682 3104 siquis,
711 3048 865 3107 quae
891 3050 1008 3094 non
1029 3040 1088 3095 et
1106 3034 1433 3111 fructibus,
1462 3041 1612 3111 ilex,
2061 3048 2166 3105 316

88 3107 219 3167 Non
250 3113 430 3185 niqra
450 3115 757 3175 lentiscus:
782 3134 858 3177 ne
879 3118 1100 3191 forsan
1131 3122 1354 3181 inutilis
1379 3128 1573 3183 aestas

90 3189 388 3263 Efflueret
409 3198 704 3272 manibus,
733 3202 1003 3261 crebrum
1027 3218 1303 3265 monuere
1325 3209 1608 3266 colonum.

94 3269 279 3337 Quum
303 3279 483 3348 niqra
511 3282 769 3342 densatis
790 3293 1073 3346 curvatur
1094 3288 1414 3362 qlandibus
1438 3292 1591 3363 ilex,

90 3349 334 3412 Invocat
356 3357 637 3422 hibernae
656 3367 1019 3439 qelidissima
1040 3378 1303 3447 tempora
1330 3370 1589 3433 brumae.
