2381 3723
715 168 962 230 LIB.11.
1011 170 1176 230 CAP.
1208 180 1402 235 3-6.
1450 181 1502 241 s.
1540 182 1799 236 13—192
2218 174 2299 237 55

210 319 372 381 bello
397 336 518 380 nec
542 318 883 396 principem
913 320 1079 382 domi
1111 339 1366 398 magnas
1396 340 1498 384 res
1528 330 1590 382 et
1619 324 1924 384 salutares
1953 324 2086 385 sine
2108 325 2296 386 homi-

208 421 353 463 num
408 402 634 465 studiis
677 420 896 480 gerere
942 405 1263 480 potuisse?
1337 407 1863 467 Commemoratur
1903 408 1977 468 ab
2031 426 2106 469 eo
2147 410 2297 470 The·

210 484 565 560 mistocles,
620 485 916 560 Pericles,
989 488 1216 566 Cyrus,
1273 489 1629 564 AgesilauS,
1689 490 2076 564 Alexander,
2139 509 2296 566 quos

209 578 398 645 negat
426 569 564 632 sine
593 535 962 632 adiumentis
991 572 1307 633 hominum
1335 582 1535 635 tantas
1565 590 1665 634 res
1706 573 1956 636 efficere
1992 575 2294 651 potuisse.

209 654 456 715 Utitur
440 673 502 714 ιη
547 660 617 715 re
663 671 787 714 non
824 654 1008 715 dubia
1048 656 1311 717 testibus
1354 674 1474 716 non
1521 657 1913 720 necessariis.
1980 660 2190 733 Atque
2230 668 2297 718 ut

206 752 472 813 magnas
503 737 792 798 utilitates
833 736 1230 815 adipiscimur
1271 740 1727 817 conspiratione
1759 741 2070 802 hominurn
2108 750 2296 818 atque

206 837 562 894 consensu,
625 821 715 882 sic
761 822 923 882 nulla
978 828 1098 882 tam
1144 822 1521 884 detestabilis
1574 822 1768 900 pestis
1816 833 1913 886 est
1958 843 2118 901 quae
2169 844 2293 887 non

204 903 449 965 homini
479 906 554 964 ab
587 903 833 966 homine
858 913 1164 967 nascatur.
1240 907 1350 968 Est
1376 905 1731 967 Dicaearchi
1764 908 1919 969 liber
1943 910 2020 970 de
2049 908 2296 970 interitu

205 986 550 1061 hominum,
586 988 969 1066 Peripatetici
1003 988 1206 1064 magni
1231 996 1292 1050 et
1324 990 1592 1066 copiosi,
1650 990 1752 1065 qui
1788 992 2062 1054 collectis
2094 999 2293 1053 caete-

205 1070 296 1132 ris
324 1072 534 1133 causis
568 1071 900 1146 eluvioniS,
933 1071 1351 1148 pestilentiae,
1383 1071 1715 1144 vastitatis,
1766 1075 2080 1136 beluarum
2113 1074 2292 1136 etiarn

206 1154 577 1231 repentinae
636 1155 1065 1229 multitudinis,
1129 1173 1387 1231 quarum
1449 1156 1680 1232 impetu
1743 1159 1927 1216 docet
1990 1158 2293 1234 quaedam

206 1237 532 1299 hominum
562 1257 790 1315 genera
820 1256 964 1300 esse
997 1246 1393 1314 consumpta,
1443 1238 1665 1300 deinde
1702 1240 2019 1315 comparat
2064 1248 2292 1316 quanto

209 1324 428 1398 plures
462 1324 644 1384 deleti
687 1321 808 1384 sint
853 1322 1134 1384 homines
1166 1323 1479 1384 hominum
1520 1322 1780 1399 impetu,
1835 1322 1897 1383 id
1938 1330 2063 1396 est,
2118 1323 2292 1384 bellis

207 1412 321 1466 aut
350 1405 792 1480 seditionibus,
835 1422 1017 1482 quam
1051 1406 1216 1468 omni
1246 1404 1481 1482 reliqua
1511 1404 1871 1467 calamitate.

350 1490 446 1548 17
496 1491 691 1566 Quum
735 1489 916 1566 igitur
944 1489 1042 1550 hic
1072 1492 1248 1551 locus
1281 1489 1425 1551 nihil
1466 1491 1687 1550 habeat
1724 1490 2115 1554 dubitationis
2148 1491 2291 1566 quin

212 1571 500 1634 homines
531 1573 852 1650 plurimum
885 1573 1234 1634 hominibus
1266 1583 1325 1634 et
1348 1572 1589 1650 prosint
1617 1582 1679 1634 et
1708 1576 1940 1649 obsint,
1973 1576 2290 1653 proprium

211 1656 337 1716 hoc
370 1663 574 1718 statuo
619 1674 763 1717 esse
788 1657 1056 1730 virtutis,
1107 1657 1432 1718 conciliare
1462 1659 1700 1719 animos
1752 1659 2059 1721 hominum
2105 1667 2168 1720 et
2213 1660 2288 1718 a'd

211 1756 370 1800 usus
406 1757 554 1801 suos
587 1741 943 1816 adiungere.
1019 1741 1260 1814 ltaque,
1300 1757 1457 1816 quae
1487 1741 1546 1801 in
1577 1741 1763 1802 rebus
1795 1742 2074 1804 inanimis
2108 1759 2289 1818 quae-

212 1840 341 1899 que
374 1823 433 1884 in
470 1841 586 1885 usu
617 1830 679 1885 et
705 1823 1067 1886 tractatione
1095 1824 1411 1885 beluarum
1443 1825 1598 1885 fiunt
1619 1824 1842 1887 utiliter
1869 1829 1945 1887 ad
1978 1826 2289 1888 hominum

212 1906 436 1980 vitam,
479 1908 711 1969 artibus
763 1925 836 1967 ea
864 1909 1213 1969 tribuuntur
1243 1908 1554 1984 operosiS,
1590 1909 1900 1969 hominum
1937 1916 2135 1970 autem
2169 1919 2288 1971 stu-

212 1990 319 2051 dia
355 1991 435 2050 ad
489 1991 1020 2068 amplificationem
1063 2001 1412 2053 nostrarum
1474 2007 1676 2051 rerum
1723 1993 2012 2067 'prompta
2064 2008 2138 2051 ac
2189 2009 2291 2068 pa-

214 2082 349 2134 rata
402 2073 673 2136 virorum
715 2076 1154 2151 praestantium
1212 2073 1514 2151 sapientia
1557 2080 1618 2133 et
1657 2072 1879 2134 virtute
1931 2072 2289 2135 excitantur.

220 2157 319 2219 18.
370 2157 605 2217 Etenim
637 2158 831 2219 virtus
864 2157 1062 2219 omnis
1096 2157 1292 2218 tribus
1333 2157 1390 2217 in
1422 2158 1608 2218 rebus
1647 2159 1777 2217 sere
1806 2156 2088 2231 vertitur,
2147 2174 2291 2233 qua-

215 2259 354 2302 rum
385 2258 506 2301 una
537 2249 633 2303 est
663 2242 722 2301 in
767 2241 1199 2319 perspiciendo
1248 2240 1391 2315 quid
1439 2240 1497 2301 in
1541 2257 1785 2318 quaque
1823 2258 1891 2302 re
1924 2258 2138 2303 verum
2170 2241 2291 2304 sin—

214 2341 557 2399 cerumque
588 2327 698 2399 sit,
733 2323 875 2402 quid
905 2334 1389 2387 consentaneum
1425 2323 1676 2402 cuique,
1708 2324 1852 2401 quid
1878 2342 2289 2402 consequenS,

212 2427 300 2469 ex
344 2426 469 2485 quo
528 2426 810 2485 quaeque
853 2408 1209 2486 gignantur,
1276 2426 1433 2485 quae
1487 2410 1786 2485 cuiusque
1831 2409 1919 2470 rei
1964 2426 2153 2469 causa
2192 2409 2288 2482 sit,

217 2495 479 2553 alterum
513 2492 800 2554 cohibere
830 2500 1035 2555 motus
1077 2491 1260 2554 animi
1303 2494 1613 2565 turbatos,
1658 2509 1817 2589 quos
1851 2491 2067 2553 Graeci
2105 2486 2289 2571 πάθη

217 2575 564 2649 nominant,
615 2576 1183 2653 appetitionesque,
1251 2593 1405 2652 quas
1454 2574 1536 2635 illi
1589 2567 1827 2655 ὁρμάς,
1886 2575 2290 2637 oboedientes

214 2661 471 2721 efficere
517 2658 766 2733 rationi,
821 2660 1062 2721 tertium
1097 2660 1203 2733 iis,
1266 2660 1628 2735 quibuscum
1671 2674 2143 2734 congregemur,
2204 2657 2291 2718 uti

221 2745 542 2804 moderate
571 2751 634 2805 et
662 2743 954 2819 scienter,
1001 2761 1261 2819 quorum
1296 2740 1514 2803 studiis
1545 2758 1646 2815 ea,
1693 2758 1852 2817 quae
1881 2748 2096 2801 natura
2132 2738 2292 2802 desi-

218 2829 424 2901 derat,
484 2831 730 2905 expleta
763 2829 1190 2904 cumulataque
1219 2826 1588 2899 habeamuS,
1639 2842 1751 2901 per
1778 2826 2190 2901 eosdemque,
2240 2822 2291 2900 si

218 2910 369 2989 quid
427 2910 791 2988 importetur
847 2911 1024 2972 nobis
1084 2910 1487 2985 incommodi,
1553 2911 1985 2985 propulsemus
2037 2909 2291 2972 ulcisca-

220 3011 484 3071 murque
563 3012 708 3069 eos,
783 2995 888 3071 qui
957 3011 1188 3056 nocere
1251 2994 1429 3055 nobis
1487 2993 1691 3056 conati
1746 3002 1919 3068 sunt,
1997 3001 2290 3067 tantaque

220 3096 426 3155 poena
461 3078 850 3152 adiiciamus,
917 3087 1202 3156 quantam
1234 3079 1511 3155 aequitas
1545 3078 2013 3151 humanitasque
2047 3075 2291 3150 patitur

218 3165 323 3223 vl.
372 3163 468 3223 19.
559 3163 789 3237 Quibus
828 3172 1031 3225 autem
1073 3161 1407 3222 rationibus
1449 3162 1607 3221 hanc
1645 3163 1988 3222 facultatem
2034 3154 2291 3230 adsequi

223 3246 568 3325 possimuS,
623 3257 690 3307 ut
731 3247 1043 3308 hominum
1087 3246 1291 3307 studia
1327 3246 1806 3321 complectamur
1848 3255 2048 3313 eaque
2088 3245 2292 3300 tenea-

224 3347 389 3400 mus,
460 3329 734 3391 dicemus
785 3347 987 3407 neque
1027 3332 1110 3391 ita
1155 3330 1343 3389 multo
1397 3338 1568 3404 post,
1626 3326 1740 3385 sed
1787 3336 1985 3397 pauca
2025 3328 2165 3379 ante
2208 3317 2293 3374 di·

222 3414 421 3475 cenda
452 3422 594 3475 sunt
685 3415 965 3490 Magnam
1009 3411 1132 3473 vim
1165 3428 1309 3473 esse
1343 3409 1400 3470 in
1434 3410 1677 3467 fortuna
1705 3404 1766 3461 in
1803 3410 2119 3473 utramque
2158 3412 2294 3471 par-
