2381 3723
135 107 176 167 2
953 105 1054 164 DE
1092 105 1188 164 oF
1193 105 1238 163 F
1241 104 1413 163 lCllS

138 261 365 308 iunctum
402 246 493 323 sit,
536 259 667 323 agit,
704 270 819 322 cap.
859 257 1112 308 27—42.
1160 257 1210 318 5.
1245 254 1528 308 93—151.
1603 256 1862 307 Postremo
1894 255 2232 308 honestorum

136 329 268 377 inter
294 343 349 378 se
387 327 818 391 comparationem
857 326 1102 384 instituit,
1141 339 1254 389 cap.
1294 324 1544 377 43—45.
1583 324 1633 385 S.
1678 323 1990 376 152—160.

263 523 306 580 l.
352 521 404 579 1.
495 522 878 596 Quamquam
930 525 1021 591 te,
1064 520 1274 578 Marce
1305 518 1419 593 fili,
1467 535 1693 579 annum
1723 518 1842 578 iam
1874 518 2230 580 audientem

139 603 491 680 Cratippum
548 603 737 679 idque
768 602 1029 664 Athenis
1070 602 1390 663 abundare
1433 609 1681 679 oportet
1736 602 2089 678 praeceptis
2145 603 2233 663 in-

138 686 490 764 stitutisque
522 680 952 764 philosophiae
982 692 1245 762 propter
1279 696 1578 748 summam
1615 694 1678 746 et
1704 685 1982 748 doctoris
2014 693 2234 747 aucto·

138 771 376 832 ritatem
430 778 493 832 et
546 770 747 844 urbiS,
805 787 1067 845 quorum
1114 771 1271 830 alter
1293 777 1375 830 ,te
1416 769 1673 832 scientia
1716 786 1948 845 augere
1994 778 2234 846 potest,

139 856 332 915 altera
363 854 697 931 exemplis,
731 859 934 915 tamen
956 902 971 927 ,
1013 862 1082 915 ut
1116 853 1253 930 ipse
1283 855 1364 914 ad
1395 854 1596 914 meam
1630 852 1945 915 utilitatem
1978 871 2235 930 semper

140 955 279 1000 cum
312 938 561 1000 Graecis
596 938 807 999 Latina
837 937 1129 1005 coniunxi
1155 954 1361 1014 neque
1393 938 1454 998 id
1490 938 1550 998 in
1576 935 1971 1014 philosophia
2000 940 2232 1012 solum,

139 1024 252 1082 sed
303 1022 483 1083 etiam
533 1022 594 1083 in
651 1021 898 1083 dicendi
938 1020 1379 1099 exercitatione
1421 1022 1569 1094 feci,
1631 1021 1795 1082 idern
1838 1019 1946 1082 tibi
1992 1038 2231 1083 censeo

138 1107 516 1181 faciendum,
553 1113 621 1167 ut
643 1123 757 1182 par
786 1107 874 1167 sis
902 1105 964 1167 in
988 1106 1312 1181 utriusque
1336 1104 1631 1168 orationis
1656 1107 1963 1166 facultate.
2031 1106 2235 1181 Quam

141 1190 386 1265 quidem
422 1192 500 1250 ad
532 1207 664 1250 rem
694 1207 841 1262 noS,
903 1197 981 1250 ut.
1015 1189 1325 1263 videmur,
1372 1207 1661 1267 magnum
1704 1189 2017 1250 attulimus
2058 1188 2236 1250 adiu-

139 1282 411 1336 mentum
440 1273 788 1341 hominibus
830 1272 1090 1347 nostris,
1145 1282 1215 1333 ut
1257 1286 1382 1335 non
1426 1274 1614 1335 modo
1652 1275 2023 1335 Graecarum
2075 1273 2237 1334 litte·

137 1376 340 1419 rarum
385 1359 607 1432 rudes,
658 1359 771 1419 sed
827 1357 1012 1419 etiam
1060 1359 1231 1419 docti
1288 1357 1669 1435 aliquantum
1726 1374 1797 1418 se
1854 1356 2231 1417 arbitrentur

140 1443 403 1518 adeptos
452 1450 512 1502 et
559 1442 639 1502 ad
682 1441 1014 1501 dicendum
1052 1451 1119 1502 et
1168 1443 1248 1501 ad
1297 1442 1712 1503 iudicandum.
1803 1441 1863 1501 2.
1912 1443 2108 1516 Quam
2147 1442 2234 1501 ob

142 1540 273 1586 rem
305 1526 511 1587 disces
554 1532 621 1585 tu
665 1525 914 1601 quidem
954 1542 991 1586 a
1031 1525 1311 1602 principe
1354 1525 1535 1597 huius
1568 1524 1786 1586 aetatis
1822 1524 2237 1601 philosopho·

139 1625 274 1669 rum
307 1616 370 1670 et
400 1609 606 1670 disces
640 1620 823 1685 quam
855 1607 960 1669 diu
988 1611 1165 1671 voles
1186 1657 1202 1683 ,
1237 1616 1358 1670 tam
1389 1609 1493 1670 diu
1525 1618 1731 1673 autem
1759 1610 1919 1669 velle
1949 1604 2237 1683 debebiS,

141 1694 350 1768 quoad
407 1700 464 1754 te
516 1700 809 1769 quantum
862 1693 1157 1768 proficias
1212 1710 1337 1755 non
1390 1692 1747 1770 poenitebit.
1840 1693 1964 1755 Sed
2020 1700 2234 1753 tamen

141 1785 354 1838 nostra
388 1779 602 1853 legens
634 1794 758 1838 non
791 1778 1046 1838 multum
1076 1793 1111 1836 a
1139 1777 1561 1852 Peripateticis
1597 1776 1993 1850 dissidentia,
2033 1793 2239 1852 quon-

138 1858 258 1921 iam
290 1860 566 1938 utrique,
601 1860 901 1924 Socratici
931 1869 992 1923 et
1020 1861 1347 1936 Platonici,
1382 1866 1672 1924 volumus
1705 1875 1892 1938 esse,
1932 1864 2008 1922 de
2038 1863 2238 1923 rebus

138 1944 293 2021 ipsis
328 1954 502 2007 utere
547 1953 653 2008 tuo
688 1945 912 2008 iudicio
942 1981 1028 1991 —
1056 1944 1206 2006 nihil
1234 1945 1393 2007 enim
1427 1946 1696 2024 impedio
1724 1980 1838 2022 —‚
1884 1945 2236 2008 orationem

141 2039 346 2092 autem
378 2030 653 2092 Latinam
688 2030 922 2093 efficies
966 2032 1248 2107 profecto
1291 2029 1570 2108 legendis
1599 2032 1831 2093 nostris
1863 2028 2235 2107 pleniorem.

140 2114 266 2175 Nec
319 2132 466 2175 vero
519 2116 640 2176 hoc
694 2117 1067 2192 adroganter
1118 2113 1348 2177 dictum
1403 2114 1736 2176 existimari
1788 2113 1986 2175 velim.
2076 2116 2237 2175 Nam

144 2196 625 2273 philosophandi
654 2199 971 2259 scientiam
999 2200 1354 2261 concedens
1385 2199 1622 2272 multis,
1680 2200 1849 2275 quod
1893 2205 1990 2259 est
2019 2206 2236 2259 orato·

142 2278 226 2340 ris
272 2279 620 2357 proprium,
676 2287 849 2359 apte,
906 2282 1221 2357 distincte,
1276 2291 1493 2345 ornate
1534 2282 1771 2356 dicere,
1827 2280 2123 2359 quoniam
2167 2281 2236 2341 in

143 2378 218 2423 eo
253 2365 457 2426 studio
491 2371 755 2426 aetatem
787 2367 1176 2443 consumpsi,
1221 2365 1275 2427 si
1301 2367 1363 2427 id
1407 2366 1550 2428 mihi
1578 2368 1871 2442 adsumo,
1915 2364 2140 2427 videor
2168 2365 2238 2425 id

142 2462 282 2508 meo
313 2447 445 2509 iure
477 2449 747 2525 quodam
778 2451 965 2512 modo
999 2450 1330 2512 vindicare.
1419 2451 1477 2513 3.
1522 2453 1712 2527 Quam
1737 2452 1818 2512 ob
1841 2466 1973 2512 rem
1996 2466 2235 2527 magno

143 2546 335 2605 opere
375 2540 433 2595 te
467 2533 713 2609 hortor,
765 2532 849 2595 mi
881 2535 1125 2609 Cicero,
1176 2542 1244 2596 ut
1280 2550 1405 2597 non
1448 2538 1646 2599 solum
1681 2534 1997 2597 orationes
2030 2551 2234 2608 meaa,

142 2616 255 2674 sed
286 2617 402 2679 hos
436 2617 617 2679 etiam
648 2620 726 2681 de
750 2617 1144 2696 philosophia
1175 2620 1387 2693 libroS,
1420 2620 1524 2697 qui
1553 2620 1669 2679 iam
1695 2619 1812 2680 illis
1845 2620 1971 2679 fere
2001 2633 2237 2695 aequa-

138 2709 311 2775 runt,
367 2701 649 2765 studiose
694 2704 885 2780 legas.
972 2703 1085 2765 Vis
1119 2704 1281 2765 enim
1312 2703 1509 2766 maior
1534 2704 1594 2764 in
1625 2702 1742 2764 illis
1783 2699 2056 2776 dicendi,
2114 2703 2240 2763 sed

141 2781 262 2844 hoc
294 2803 543 2863 quoque
576 2789 906 2849 colendum
937 2795 1036 2849 est
1076 2787 1399 2864 aequabile
1440 2795 1504 2849 et
1548 2793 1955 2863 temperatum
2005 2785 2239 2847 oratio-

141 2866 236 2928 nis
275 2885 494 2945 genuS.
582 2872 659 2932 Et
703 2871 767 2932 id
813 2872 1060 2948 quidem
1105 2870 1333 2933 nemini
1374 2873 1749 2933 Graecorum
1794 2870 1978 2931 video
2022 2870 2241 2932 adhuc

142 2951 506 3029 contigisse,
556 2961 626 3015 ut
666 2955 827 3017 idem
858 2961 1124 3033 utroque
1164 2956 1227 3017 in
1263 2971 1493 3033 genere
1543 2955 1892 3017 elaboraret
1932 2969 2238 3029 sequere·

136 3040 364 3113 turque
406 3045 468 3099 et
510 3037 659 3099 illud
708 3041 959 3102 forense
1000 3040 1246 3102 dicendi
1287 3047 1350 3102 et
1387 3039 1506 3102 hoc
1550 3038 1821 3116 quietum
1866 3036 2238 3114 disputandi

137 3136 369 3196 genus,
401 3121 518 3184 nisi
549 3124 705 3185 forte
735 3123 1080 3187 Demetrius
1110 3127 1444 3187 Phalereus
1479 3124 1540 3184 in
1570 3124 1690 3185 hoc
1720 3138 1979 3184 numero
2010 3122 2238 3183 haberi

139 3210 379 3279 potest,
424 3206 774 3283 disputator
804 3209 1077 3283 subtilis,
1128 3217 1339 3271 orator
1367 3225 1583 3285 parum
1611 3205 1977 3279 vehemens,
2023 3205 2235 3268 dulcis

142 3296 378 3362 tamen,
430 3297 498 3351 ut
524 3290 930 3369 Theophrasti
975 3294 1342 3371 discipulum
1393 3291 1605 3369 possis
1642 3306 2006 3367 agnoscere.
2093 3291 2234 3352 Nos

140 3379 346 3434 autem
389 3382 679 3450 quantum
722 3376 782 3437 in
828 3384 1094 3455 utroque
1144 3379 1590 3454 profecerimus
1642 3374 1898 3435 aliorum
1945 3371 2027 3434 sit
2067 3371 2229 3435 iudi-

1735 3471 1770 3502 Ο
