2381 3723
168 135 234 188 27
550 181 556 191 ,
792 124 956 184 CAP.
988 134 1246 187 21—23.
1290 133 1340 195 §-
1375 134 1637 190 77—83.
1672 221 1676 227 v
2128 129 2246 192 143

165 274 221 336 si
257 274 408 335 nihil
441 291 656 336 eorum
697 274 973 351 ipsorum
1006 275 1186 336 animi
1219 277 1562 350 efficerent,
1614 278 1992 353 quodiutius
2025 296 2245 342 memo·

162 358 320 419 riam
374 357 473 419 sui
528 365 899 419 teneremus.
988 359 1133 420 Mihi
1189 360 1433 434 quidem
1495 377 1825 437 numquam
1891 364 2251 439 persuaderi

165 443 373 520 potuit
397 442 637 503 animos
655 488 670 516 ,
709 443 853 502 dum
882 443 941 503 in
980 444 1346 520 corporibus
1370 451 1583 504 essent
1611 445 1989 520 mortalibuS,
2022 445 2249 519 vivere,

168 544 362 602 quum
399 526 677 586 exissent
719 542 797 587 ex
829 525 934 600 iis,
986 527 1210 602 emori,
1264 543 1381 588 nec
1423 544 1571 589 vero
1628 536 1750 588 tum
1798 529 2061 591 animum
2109 547 2250 591 esse

163 609 595 687 insipientem,
667 627 857 685 quum
908 627 987 671 ex
1045 610 1353 688 insipienti
1408 628 1673 688 corpore
1734 613 2070 687 evasisset,
2136 615 2246 675 sed

166 711 363 769 quum
401 692 567 754 omni
599 691 975 754 admixtione
1018 694 1298 772 corporis
1343 695 1632 757 liberatus
1676 713 1867 772 purus
1911 704 1973 758 et
2013 699 2251 773 integer

164 795 313 839 esse
360 777 704 854 coepisset,
758 785 883 838 tum
930 795 1073 839 esse
1117 778 1478 855 sapientem.
1548 781 1753 856 Atque
1794 781 2004 854 etiam,
2060 798 2248 857 quum

161 861 434 923 hominis
478 869 698 922 natura
745 868 944 922 morte
1000 861 1391 936 dissolvitur,
1445 871 1823 924 caeterarum
1870 882 2075 925 rerum
2115 882 2238 942 per·

163 946 453 1022 spicuum
501 953 598 1005 est
640 961 763 1020 quo
822 962 1106 1021 quaeque
1148 946 1499 1007 discedant:
1558 946 1786 1007 abeunt
1837 947 1997 1008 enim
2044 946 2283 1009 omnia

161 1029 340 1103 illuc,
387 1030 555 1089 unde
597 1035 734 1089 orta
776 1037 946 1102 sunt,
995 1028 1234 1091 animus
1269 1046 1419 1090 vero
1467 1031 1639 1090 solus
1680 1047 1797 1090 nec
1842 1048 2027 1105 quum
2071 1032 2253 1092 adest:

161 1130 282 1174 nec
338 1130 528 1188 quum
581 1111 843 1173 discedit
893 1120 1168 1190 apparet.
1249 1114 1401 1174 Iam·
1432 1130 1583 1174 vero
1639 1112 1862 1174 videtis
1908 1114 2053 1175 nihil
2107 1130 2248 1175 esse

161 1195 350 1258 morti
400 1204 523 1257 tam
575 1195 766 1257 simile
808 1213 988 1272 quam
1034 1214 1340 1258 somnum.
1430 1195 1530 1258 81.
1590 1197 1778 1272 Atqui
1820 1196 2244 1261 dormientium

166 1280 352 1342 animi
420 1279 680 1340 maxime
742 1280 1058 1342 declarant
1115 1279 1492 1341 divinitatem
1556 1297 1760 1341 suam:
1824 1281 2010 1341 multa
2068 1280 2246 1352 enim,

165 1381 359 1441 quum
409 1362 648 1425 remissi
693 1371 754 1424 et
804 1363 975 1425 liberi
1027 1372 1199 1438 sunt,
1256 1365 1458 1426 futura
1502 1362 1906 1441 prospiciunt.
1981 1365 2074 1425 Ex
2123 1380 2245 1439 quo

165 1447 521 1524 intelligitur
560 1450 772 1523 quales
817 1448 999 1509 futuri
1033 1448 1180 1522 sint,
1239 1465 1424 1525 quum
1473 1465 1543 1509 se
1586 1450 1769 1525 plane
1801 1448 2081 1525 corporis
2125 1446 2245 1507 vin·

168 1533 280 1594 clis
313 1532 745 1592 relaxaverint.
817 1533 945 1608 Qua
983 1549 1081 1605 re,
1126 1531 1181 1594 si
1212 1533 1364 1593 haec
1394 1532 1475 1592 ita
1509 1539 1680 1607 sunt,
1729 1532 1818 1594 sic
1848 1549 1945 1593 me
1977 1532 2246 1604 colitote,

166 1615 382 1692 inquit,
409 1623 477 1675 ut
502 1616 716 1676 deum:
765 1615 855 1676 sin
883 1633 1007 1676 una
1037 1623 1133 1677 est
1152 1614 1505 1678 interiturus
1529 1616 1766 1679 animus
1794 1635 1930 1678 cum
1963 1632 2246 1694 corpore,

167 1717 285 1761 vos
313 1707 515 1760 tamen
534 1701 687 1761 deos
704 1707 1008 1773 verenteS‚
1031 1699 1133 1775 qui
1151 1701 1307 1762 hanc
1326 1717 1564 1761 omnem
1581 1701 2051 1777 pulcritudInem
2076 1708 2247 1761 tuen·

166 1793 266 1845 tur
296 1792 360 1845 et
394 1789 646 1859 regunt,
678 1783 1030 1844 memoriam
1063 1783 1262 1844 nostri
1292 1786 1392 1860 pie
1421 1783 1838 1860 inviolateque
1870 1783 2243 1846 servabitis.’

168 1869 369 1946 Cyrus
406 1868 650 1944 quidem
684 1868 839 1928 haec
880 1868 1167 1929 moriens.
1249 1871 1403 1942 NoS,
1443 1868 1493 1929 si
1526 1872 1757 1944 placet,
1801 1877 2013 1930 nostra
2044 1870 2242 1929 videa-

166 1970 328 2013 mus.
418 1954 630 2013 XXIII.
678 1950 780 2012 82.
868 1954 1056 2013 Nemo
1082 1952 1227 2013 mihi
1250 1969 1561 2029 umquam,
1593 1951 1822 2027 Scipio,
1852 1950 2245 2027 persuadebit

166 2045 273 2097 aut
303 2045 539 2113 patrem
576 2042 746 2097 tuum
775 2036 1049 2098 Paullum
1076 2044 1183 2097 aut
1212 2036 1373 2098 duos
1406 2052 1560 2095 avos
1578 2082 1592 2107 ‚
1626 2036 1900 2095 Paullum
1925 2039 1987 2094 et
2012 2032 2241 2093 Africa-

165 2137 347 2194 num,
383 2128 489 2181 aut
519 2118 787 2179 Africani
815 2128 1053 2197 patrem
1087 2126 1195 2180 aut
1228 2127 1512 2195 patruum
1541 2127 1646 2179 aut
1674 2119 1898 2179 multos
1928 2125 2244 2192 praestan-

165 2213 264 2265 tes
311 2204 513 2277 viros,
570 2220 730 2279 quos
781 2221 1142 2265 enumerare
1195 2221 1319 2264 non
1379 2209 1476 2264 est
1524 2218 1814 2275 necesse,
1879 2208 2049 2261 tanta
2102 2216 2244 2261 esse

167 2295 433 2349 conatos
490 2304 647 2363 quae
705 2289 782 2347 ad
832 2286 1210 2365 posteritatis
1266 2285 1619 2347 memoriam
1665 2286 2074 2364 pertinerent,
2128 2280 2243 2343 nisi

166 2369 374 2432 animo
409 2380 730 2432 cernerent
774 2372 1189 2448 posteritatem
1226 2373 1304 2432 ad
1344 2388 1415 2432 se
1462 2370 1786 2447 pertinere.
1857 2374 1953 2430 An
2001 2384 2241 2441 censeS,

165 2464 234 2516 ut
264 2456 345 2515 de
387 2472 484 2515 me
514 2455 650 2530 ipso
688 2454 915 2530 aliquid
958 2472 1128 2517 more
1159 2472 1374 2516 senum
1404 2454 1660 2529 glorier,
1714 2470 1811 2514 mc
1840 2460 2045 2514 tantos
2077 2453 2239 2513 labo-

166 2557 270 2600 res
324 2538 581 2601 diurnos
638 2546 1101 2613 nocturnosque
1157 2539 1324 2599 domi
1384 2537 1754 2612 militiaeque
1811 2545 2240 2613 suscepturum

166 2622 396 2699 fuisse,
440 2623 493 2684 si
527 2622 742 2683 iisdem
775 2623 998 2683 finibus
1030 2621 1284 2699 gloriam
1336 2638 1533 2682 meam
1567 2620 1789 2696 quibus
1819 2620 2003 2680 vitam
2039 2633 2240 2680 essem

167 2706 644 2768 terminaturus?
708 2708 925 2767 Nonne
955 2709 1142 2768 multo
1184 2706 1399 2767 melius
1434 2704 1649 2765 fuisset
1686 2702 1948 2764 otiosam
1981 2707 2239 2762 aetatem

166 2799 228 2852 et
264 2790 533 2865 quietam
578 2790 709 2850 sine
746 2792 873 2851 ullo
915 2800 1021 2853 aut
1059 2791 1271 2852 labore
1303 2798 1407 2851 aut
1451 2785 1843 2849 contentione
1879 2786 2241 2848 traducere?

165 2875 294 2937 Sed
342 2875 557 2935 nescio
606 2891 729 2950 quo
776 2876 958 2936 modo
1010 2874 1248 2936 animus
1301 2873 1544 2950 erigens
1587 2890 1658 2933 se
1697 2870 2121 2948 posteritatem
2160 2869 2238 2930 ita

147 2974 420 3034 ,semper
447 2949 894 3036 prospiciebat,
940 2957 1144 3033 quasi,
1195 2976 1382 3033 quum
1419 2954 1799 3018 excessisset
1837 2973 1872 3017 e
1913 2955 2062 3029 vita,
2116 2961 2238 3014 tum

167 3043 436 3119 denique
484 3042 754 3104 victurus
798 3050 985 3103 esset.
1058 3042 1234 3116 Quod
1287 3041 1533 3117 quidem
1574 3040 1633 3102 ni
1673 3039 1758 3102 ita
1786 3058 1855 3102 se
1895 3040 2150 3107 haberet
2180 3044 2236 3094 ut

175 3126 347 3187 animi
405 3125 784 3189 immortales
844 3134 1085 3200 essent,
1148 3127 1313 3186 haud
1368 3124 1579 3202 optimi
1641 3124 1942 3197 cuiusque
2002 3119 2239 3179 animus

169 3212 429 3272 maxime
447 3212 528 3271 ad
543 3209 1056 3273 ‘immortalitatem
1078 3207 1311 3285 gloriae
1332 3208 1642 3270 niteretur.
1713 3204 1815 3266 83.
1854 3204 2042 3279 Quid,
2074 3200 2238 3297 quod

165 3292 665 3376 sapientissimus
699 3293 961 3371 quisque
991 3291 1367 3369 aequissimo
1403 3291 1604 3352 animo
1635 3286 1916 3358 moritur,
1963 3286 2241 3377 stultissi—

167 3395 303 3440 mus
338 3378 772 3457 iniquissimo?
815 3395 1020 3440 nonne
1062 3376 1242 3439 vobis
1289 3375 1529 3437 videtur
1562 3370 1798 3431 animus
1826 3366 1912 3432 is,
1969 3382 2072 3439 qm
2105 3365 2237 3436 plus·
