2381 3723
660 141 803 202 LIB.
834 143 931 202 111.
980 144 1143 203 CAP.
1175 153 1263 206 32.
1300 154 1389 208 33.
1435 154 1488 214 S.
1526 158 1858 212 114—120.
2172 154 2295 217 115

216 291 426 352 multis
483 291 635 353 locis
682 291 843 355 dicat
893 294 1230 369 Epicurus,
1290 296 1469 357 sicuti
1494 298 1666 373 dicit,
1730 301 1895 363 satis
1930 302 2165 365 fortiter
2215 307 2293 367 de

217 377 468 450 dolore,
517 382 720 436 tamen
753 394 877 437 non
907 377 970 436 id
1001 380 1406 454 spectandum
1443 389 1540 443 est
1569 382 1715 458 quid
1749 384 1938 458 dicat,
1996 387 2108 446 sed
2147 389 2292 463 quid

215 465 707 520 consentaneum
755 459 834 521 sit
880 460 937 521 ei
982 462 1221 536 dicere,
1279 463 1382 538 qui
1430 464 1598 526 bona
1650 469 1961 544 voluptate
2010 471 2290 533 termina-

217 542 398 616 verit,
454 544 610 602 mala
651 544 898 605 dolore:
966 551 1061 618 ut,
1107 545 1160 606 si
1201 545 1367 608 illum
1409 549 1649 609 audiam
1701 552 1778 611 de
1825 551 2199 614 continentia
2231 564 2291 615 et

213 627 650 701 temperantia,
695 626 841 687 dicit
877 627 979 688 ille
1011 628 1256 705 quidem
1296 633 1480 692 multa
1509 635 1713 695 multis
1743 635 1927 711 locis,
1970 638 2084 697 sed
2127 655 2290 714 aqua

211 710 456 784 haeret,
490 718 559 772 ut
589 710 775 771 aiunt.
850 714 995 788 Nam
1030 713 1135 789 qui
1177 722 1388 790 potest
1433 718 1892 794 temperantiam
1931 722 2185 783 laudare
2212 721 2284 794 is,

212 794 315 869 qui
350 801 545 869 ponat
576 812 879 857 summum
914 797 1143 858 bonum
1173 797 1237 858 in
1273 800 1630 874 voluptate?
1713 802 1826 864 Est
1863 802 2024 865 enim
2052 811 2284 880 tempe-

207 877 411 938 rantia
440 877 758 940 libidinum
796 878 1066 954 inimica,
1095 881 1397 943 ‚libidines
1430 893 1632 945 autem
1667 887 2145 949 consectatrices
2178 905 2285 949 vo·

211 961 483 1038 luptatis·
577 961 715 1024 118.
772 964 978 1040 Atque
1019 965 1078 1024 in
1123 966 1218 1027 his
1270 973 1471 1027 tamen
1514 967 1708 1030 tribus
1758 970 2088 1045 generibus
2135 988 2282 1047 quo-

210 1062 336 1120 quo
366 1046 554 1106 modo
586 1053 853 1121 possunt
873 1064 995 1108 non
1013 1047 1294 1109 incallide
1322 1048 1824 1126 tergiversantur.
1896 1054 2281 1116 Prudentiam

208 1127 610 1190 introducunt
647 1129 961 1191 scientiam
1009 1132 1501 1209 suppeditantem
1534 1137 1918 1210 voluptates,
1976 1137 2281 1212 depellen-

207 1219 334 1272 tem
369 1213 640 1274 dolores.
726 1213 1167 1277 Fortitudinem
1199 1234 1449 1293 quoque
1477 1217 1682 1293 aliquo
1715 1219 1901 1278 modo
1928 1220 2284 1292 expediunt,

209 1313 402 1372 quum
459 1298 709 1358 tradunt
761 1298 1061 1361 rationem
1120 1299 1524 1376 negligendae
1579 1301 1820 1375 mortis,
1899 1301 2285 1377 perpetiendi

208 1380 468 1442 doloris.
555 1379 750 1442 Etiam
808 1383 1271 1460 temperantiam
1328 1383 1626 1446 inducunt
1662 1402 1788 1446 non
1850 1383 2132 1445 facillime
2198 1383 2280 1444 illi

209 1463 488 1539 quidem,
540 1466 652 1526 sed
693 1474 895 1526 tamen
949 1485 1204 1543 quoquo
1251 1468 1437 1529 modo
1485 1476 1767 1544 possunt.
1853 1467 2077 1530 Dicunt
2120 1468 2281 1529 enim

207 1547 541 1624 voluptatis
578 1549 1054 1625 magnitudinem
1088 1551 1320 1612 doloris
1364 1551 1741 1613 detractione
1779 1551 1959 1612 finiri.
2047 1551 2280 1614 Iustitia

205 1632 455 1692 vacillat
500 1635 599 1693 vel
648 1633 807 1694 iacet
849 1633 1057 1710 potius
1112 1651 1450 1712 omnesque
1506 1652 1616 1696 eae
1662 1637 1947 1710 virtuteS,
2006 1653 2166 1711 quae
2216 1636 2274 1696 in

208 1715 643 1777 communitate
704 1724 1035 1779 cernuntur
1099 1716 1278 1778 etin
1340 1718 1636 1781 societate
1698 1719 1945 1797 generis
2007 1719 2275 1782 humani.

208 1801 424 1875 Neque
461 1800 619 1860 enim
652 1800 897 1864 bonitas
927 1818 1046 1864 nec
1075 1800 1404 1865 liberalitas
1437 1819 1554 1865 nec
1585 1803 1843 1865 comitas
1873 1819 2019 1867 esse
2047 1811 2276 1881 potest,

209 1901 335 1946 non
369 1887 507 1962 plus
538 1902 719 1960 quam
749 1885 1041 1960 amicitia,
1074 1884 1129 1948 si
1152 1884 1460 1948 haecnon
1494 1904 1608 1963 per
1640 1903 1709 1949 se
1739 1894 2130 1963 expetantur,
2161 1889 2275 1949 sed

206 1969 288 2029 ad
332 1970 712 2044 voluptatem
759 1968 1155 2031 utilitatemve
1206 1972 1565 2031 referantur.
1654 1970 2052 2031 Conferamus
2097 1969 2276 2045 igitur

206 2070 267 2115 en
297 2069 515 2129 pauca.
606 2053 741 2115 119.
788 2055 968 2128 Nam,
1019 2060 1089 2115 ut
1114 2052 1430 2116 utilitatem
1476 2054 1705 2113 nullam
1754 2068 1897 2113 esse
1952 2052 2274 2114 docuimus

207 2154 370 2214 quae
397 2135 705 2198 honestati
741 2144 911 2199 esset
944 2136 1279 2211 contraria,
1322 2136 1414 2198 sic
1443 2153 1686 2197 omnem
1722 2138 2099 2212 voluptatem
2133 2134 2275 2196 dici-

197 2237 345 2282 mus
384 2220 693 2282 honestati
738 2238 882 2283 esse
926 2219 1314 2284 contrariam.
1403 2225 1535 2297 Quo
1583 2218 1778 2295 magis
1822 2219 2274 2296 reprehenden-

206 2306 325 2366 dos
364 2303 777 2382 Calliphonem
830 2312 890 2366 et
914 2306 1355 2367 Dinomachum
1396 2302 1632 2379 iudico,
1686 2303 1789 2381 qui
1831 2320 1901 2365 se
1946 2302 2272 2379 diremptu-

204 2406 313 2451 ros
351 2388 833 2462 controversiam
862 2395 1261 2466 putaverunt,
1294 2385 1350 2449 si
1381 2406 1519 2450 cum
1542 2389 1868 2450 honestate
1896 2389 2273 2464 voluptatem

206 2490 516 2549 tamquam
550 2490 687 2535 cum
714 2473 962 2535 homine
990 2474 1295 2549 pecudem
1329 2470 1808 2548 copulavissent.
1894 2471 2030 2531 Non
2060 2469 2278 2546 recipit

199 2557 385 2619 istam
437 2556 928 2619 coniunctionem
982 2559 1312 2630 honestaS,
1373 2561 1765 2632 aspernatur,
1818 2553 2073 2629 repellit.
2148 2555 2274 2614 Nec

197 2658 354 2703 vero
382 2640 521 2703 finis
568 2642 874 2703 bonorum
926 2648 987 2702 et
1037 2643 1365 2717 malorum,
1425 2638 1530 2715 qui
1580 2635 1842 2713 simplex
1896 2652 2039 2697 esse
2069 2638 2272 2709 debet,

203 2743 287 2787 ex
324 2724 738 2787 dissimillimis
771 2726 956 2786 rebus
999 2722 1245 2787 misceri
1277 2730 1338 2784 et
1365 2718 1694 2798 temperari
1719 2725 1949 2796 potest.
2039 2719 2166 2781 Sed
2197 2720 2275 2779 de

197 2809 325 2870 hoc
353 2843 437 2853 —-
469 2825 688 2885 magna
728 2807 889 2870 enim
930 2825 1032 2871 res
1077 2814 1173 2869 est
1202 2842 1304 2881 —,
1363 2808 1482 2868 alio
1525 2808 1665 2866 loco
1712 2799 2014 2880 pluribus.
2100 2804 2273 2864 Nunc

197 2893 280 2953 a'd
334 2892 739 2969 propositum.
831 2892 971 2952 120.
1031 2894 1224 2968 Quem
1269 2890 1347 2951 ad
1389 2890 1639 2951 modum
1682 2887 1897 2963 igitur,
1928 2886 1983 2948 si
2025 2887 2272 2963 quando

198 2992 306 3049 ea,
362 2992 522 3051 quae
560 2975 807 3037 videtur
843 2974 1102 3049 utilitas,
1152 2973 1460 3035 honestati
1500 2978 1832 3049 repugnat,
1886 2970 2275 3034 diiudicanda

195 3077 304 3125 res
334 3059 415 3121 sit
444 3058 596 3121 satis
640 3067 739 3120 est
767 3076 958 3135 supra
1005 3058 1400 3134 disputatum.
1487 3056 1594 3118 Sin
1625 3065 1826 3118 autem
1863 3052 2135 3130 speciem
2165 3052 2274 3147 uti3

195 3142 382 3205 litatis
427 3141 609 3203 etiam
653 3145 940 3219 voluptas
978 3142 1208 3203 habere
1254 3140 1516 3214 dicetur,
1571 3142 1740 3214 *nulla
1784 3142 1991 3231 potest
2037 3152 2182 3231 esse
2219 3152 2276 3195 el

197 3244 340 3287 cum
376 3228 701 3288 honestate
733 3223 1103 3298 coniunctio.
1190 3226 1370 3298 Nam,
1419 3231 1488 3285 ut
1519 3224 1854 3286 tribuamus
1901 3218 2129 3293 aliquid
2173 3234 2274 3313 vq-

194 3310 445 3386 luptati‚
498 3308 872 3371 condimenti
912 3311 1181 3370 fortasse
1223 3325 1348 3370 non
1391 3306 1570 3379 nihil,
1619 3301 1894 3365 utilitatis
1938 3309 2103 3361 certe
2130 3299 2276 3360 nilul

194 3393 459 3456 habebit.
1777 3462 1818 3525 8
1834 3464 1866 3503 *
2098 3448 2157 3492 .
