2381 3723
172 127 273 185 137
924 113 1493 176 POEMATORUM.
2126 117 2251 183 327

164 274 337 335 Scire
365 271 473 331 tibi
494 269 605 330 hoc
627 266 819 339 facile
850 272 967 327 est.-
1007 282 1264 341 namque
1293 267 1475 330 istaec
1497 269 1696 328 omnia
1726 275 2056 331 monstrant
2180 282 2252 334 20

164 358 279 419 Bis
306 354 478 430 quini
501 358 676 428 atque
703 366 904 411 novem
931 350 1186 411 Phoebei
1205 353 1443 411 luminis
1470 351 1656 413 orbes.
2216 374 2234 395 e

171 441 329 513 Quid
351 437 526 512 serat
553 435 733 496 Orion
759 449 801 494 a
825 449 982 503 zona
1008 437 1215 495 clarus
1241 435 1329 493 ad
1350 436 1530 495 imum

169 526 306 587 Iam
332 523 488 583 nosti
513 526 574 581 et
593 517 807 579 rabido
828 521 1188 593 fiagrantem
1217 517 1431 583 Sirion.
1446 526 1630 580 aestu.

169 610 306 669 Iam
331 607 535 666 varias
565 609 751 664 sortes
772 608 973 663 terrae
1000 608 1063 664 et
1082 604 1271 662 maris
1294 618 1330 661 e
1349 601 1510 664 Iovis
1538 605 1716 664 astris
1867 642 1870 647 -

171 693 356 753 Nosse
375 697 547 766 potes
572 689 867 761 stellisque
894 686 1262 760 tridentiferi
1288 685 1561 761 Neptuni.
2179 701 2249 755 25

169 776 283 836 His
309 788 554 850 operam
582 787 769 842 nava,
808 787 918 831 nec
942 772 1019 831 sit
1042 771 1149 831 tibi
1170 785 1461 845 quaerere
1493 772 1728 845 durum,

168 860 243 921 Si
267 866 323 919 te
349 859 593 919 sollicito
617 857 829 930 cupias
857 857 1209 917 committere
1225 860 1425 928 ponto,

174 944 341 1015 Quae
371 941 478 1003 tibi
501 943 593 1000 vel
612 942 832 1014 fluctus
862 941 955 999 vel
979 941 1137 999 venti
1152 940 1407 1012 flamina
1434 945 1769 1001 monstrent.

172 1027 283 1087 Est
305 1027 476 1086 labor
500 1025 599 1084 hic
618 1039 878 1099 parvus.-
920 1038 1038 1085 non
1055 1025 1340 1098 praemia
1362 1039 1559 1101 parva
1585 1024 1794 1095 labori,

174 1110 565 1183 Grandiaque
593 1108 882 1168 adsiduas
909 1106 1195 1169 edulcant
1210 1107 1445 1180 qaudia
1472 1123 1671 1168 curas.
2179 1119 2251 1174 3ο

169 1194 315 1269 Ipse
341 1194 547 1254 etenim
577 1208 703 1252 sese
728 1198 925 1252 servat
949 1190 1065 1251 sibi
1073 1236 1089 1264 ,
1125 1196 1327 1253 servat
1354 1197 1413 1251 et
1435 1193 1615 1264 illum,

173 1277 356 1349 Quem
387 1282 583 1337 monet
603 1275 966 1337 horrendum
979 1321 994 1348 ,
1038 1277 1307 1351 sapiens,
1347 1277 1536 1335 vitare
1556 1278 1881 1351 periclum.-

172 1362 369 1437 Saepe
394 1361 545 1421 adeo
569 1375 779 1421 navem
797 1361 1018 1435 pelayo
1042 1359 1149 1420 sub
1177 1365 1347 1419 nocte
1371 1375 1643 1420 serenam

169 1446 486 1518 Subducit,
528 1451 787 1504 metuens
813 1450 1121 1504 venturam
1149 1457 1326 1503 mane
1341 1446 1692 1519 procellam.

179 1530 379 1591 Tertia
408 1545 570 1590 nunc
596 1530 763 1589 illam
777 1572 793 1600 ,
836 1542 999 1587 nunc
1025 1534 1245 1601 quarta
1278 1543 1506 1587 aurora
1534 1528 1778 1588 videbit.-
2180 1534 2252 1588 35

173 1614 348 1673 Nunc
374 1612 565 1673 subita
591 1615 859 1672 incautos
886 1613 1077 1672 veniet
1096 1626 1297 1686 super.
1387 1610 1596 1672 Omnia
1623 1611 1883 1671 nondum
2159 1605 2170 1613 ’

169 1697 448 1772 Iuppiter
473 1696 796 1757 humanum
830 1695 1029 1756 docuit
1049 1710 1273 1768 yenus:
1317 1695 1520 1755 abdita
1551 1698 1750 1756 caecis

169 1781 371 1841 Multa
397 1783 582 1840 latent
607 1779 884 1852 tenebris,
924 1794 1105 1854 quae,
1151 1793 1330 1853 quum
1357 1782 1529 1852 volet,
1573 1781 1699 1854 ipse
1722 1778 1949 1839 docebit

171 1866 531 1938 Altitonans‚
574 1866 680 1939 qui
703 1879 810 1924 nos
823 1865 1172 1940 praeclaris
1200 1864 1462 1937 undique
1486 1866 1674 1936 sionis

173 1950 436 2010 Adiuvat
459 1956 518 2009 et
540 1950 713 2009 sortis
738 1948 928 2009 tradit
949 1955 1324 2007 monumenta
1344 1946 1615 2018 suturae.
1848 2011 1872 2034 κ
2181 1953 2253 2007 40

173 2034 371 2093 Multa
399 2038 591 2093 monet
609 2032 808 2104 facies
836 2038 943 2090 aut
967 2031 1279 2090 dimidiata
1307 2030 1561 2101 Dianae,

200 2117 295 2176 ‘ut
322 2123 575 2191 utraque
602 2131 828 2190 auaens
857 2122 965 2173 aut
984 2119 1162 2174 aucto
1184 2115 1406 2173 lumine
1425 2112 1689 2186 fulaens.

171 2200 372 2260 Multa
398 2203 574 2261 etiam
601 2199 733 2259 an
760 2214 1011 2273 surqens
1034 2195 1138 2258 Sol
1162 2213 1385 2258 aureus
1411 2212 1541 2269 ora,

173 2283 567 2345 Occiduamve
594 2290 800 2358 petens
816 2303 836 2342 .·
878 2289 937 2342 et
958 2287 1097 2343 sunt
1119 2283 1299 2342 etiam
1326 2282 1520 2342 altera
1548 2282 1738 2354 siqna,

176 2368 445 2428 Plurima
472 2384 627 2443 quae
651 2373 824 2427 noctu
851 2368 943 2426 vel
973 2369 1149 2428 clara
1173 2368 1307 2427 luce
1333 2366 1625 2427 videntur.
2181 2371 2250 2426 45

175 2450 435 2512 Observa
456 2454 718 2526 primum
742 2451 970 2512 nitidae
999 2451 1118 2510 duo
1143 2465 1372 2509 comua
1405 2450 1632 2518 Lunae,

167 2535 354 2598 Illam
382 2538 537 2596 alias
563 2537 683 2595 alio
712 2534 976 2609 depinyit
994 2535 1215 2594 lumine
1249 2534 1485 2605 Vesper,

171 2620 256 2679 Et
282 2620 518 2681 diversa
540 2619 701 2680 redit
724 2620 996 2678 variatae
1017 2617 1226 2689 forma
1242 2616 1495 2688 Dianae,

176 2703 369 2774 Quum
388 2706 591 2779 primo
619 2704 858 2776 crescit,
901 2716 1081 2776 quum
1109 2706 1329 2776 quarta
1357 2706 1420 2759 et
1450 2701 1624 2759 tertia
1648 2697 1862 2772 sulcet.

171 2787 346 2848 Haec
372 2790 549 2848 etiam
577 2789 887 2848 instantem
909 2787 1129 2860 poterit
1156 2786 1264 2845 tibi
1287 2784 1507 2844 ducere
1531 2798 1804 2843 mensem.
2181 2789 2253 2842 50

181 2869 383 2932 Tertia
410 2887 553 2931 nam
586 2873 776 2944 tenui,
819 2869 930 2930 sed
951 2884 1111 2945 puro
1137 2870 1337 2929 sidere
1358 2866 1605 2941 fulyens

171 2954 346 3014 Sada
372 2958 518 3015 erit.-
558 2962 625 3016 at
647 2970 794 3015 raro
818 2956 1088 3030 paullum
1108 2951 1371 3029 perfusa
1396 2951 1612 3011 rubore

190 3038 442 3099 Ventosa
469 3049 587 3100 est.-
622 3041 786 3099 nullo
810 3041 868 3098 si
890 3052 1119 3099 cornua
1146 3037 1421 3097 acumine
1444 3038 1714 3108 sumant,

174 3121 521 3198 Quat-taque
548 3139 704 3197 quae
727 3123 991 3197 sequitur
1015 3137 1221 3182 crasso
1243 3119 1371 3193 fax
1396 3122 1680 3192 lanoueat
1704 3119 1845 3192 tyni,

171 3206 295 3265 Aut
324 3207 539 3267 Austro
571 3214 677 3266 aut
699 3208 939 3281 pluviae
955 3207 1240 3280 properis
1263 3203 1604 3265 obstenditur
1632 3203 1829 3262 undis.
2182 3204 2252 3257 55

175 3289 350 3359 Quod
372 3293 431 3350 si
452 3307 562 3351 nec
591 3296 794 3350 nutent
816 3291 1113 3349 nascentis
1138 3304 1369 3348 cornua
1395 3287 1621 3359 Lunae,

180 3371 382 3433 Tertia
407 3391 518 3434 nec
545 3376 741 3435 iaceat
764 3375 1051 3450 resupina
1071 3388 1192 3449 per
1219 3372 1463 3432 aethera
1492 3369 1743 3442 Phoebe,
