2381 3723
121 145 246 207 214
897 142 1272 203 FRAGMEN
1285 144 1411 202 TA.
2126 153 2197 205 24

243 298 346 358 40.
389 299 485 357 Ad
517 295 920 358 miserrimum
962 292 1581 368 crudelissimumque
1626 290 2001 353 dominatum
2050 291 2197 351 dedi

122 380 449 458 patiamini.
496 394 880 461 [Arusianus
917 392 1202 441 Messius
1243 390 1474 455 Exempl.
1516 390 1698 440 elocut.
1727 405 1782 455 p.
1826 388 1944 443 507.
1982 406 2034 455 p.
2074 392 2195 441 224.

123 464 376 594 Lindffo]
408 534 526 593 Cur
586 546 750 591 nunc
813 530 1094 601 redeant,
1166 526 1218 585 si
1281 533 1408 586 tum
1462 526 1695 602 gratiae
1753 525 2179 587 concesserint

126 615 286 682 [Idem
321 618 448 669 ibid.
486 632 539 681 p
576 616 695 668 503.
736 629 788 679 p.
826 613 945 665 220.
983 608 1238 675 Lindem.]

247 700 350 760 42.
398 699 581 775 Quid,
613 698 782 773 quod
808 713 884 756 ne
916 712 1050 755 cum
1076 695 1150 755 iis
1178 694 1424 770 quidem
1452 700 1745 769 expertus
1770 709 1868 768 eS,
1904 708 2065 768 quos
2089 693 2197 752 du·

125 801 229 845 ees
264 799 586 860 operarum
618 781 810 842 fuisse
840 778 1088 839 dixisti?
1158 792 1322 859 [Idem
1341 793 1469 842 ibid.
1494 808 1545 858 p.
1569 793 1689 844 511.
1711 807 1766 857 p.
1788 791 1909 843 226.
1934 787 2193 854 Lindemd

248 880 346 941 43.
391 879 539 941 Eius
574 878 741 938 modi
773 875 918 936 mihi
962 878 1120 936 duos
1151 877 1412 950 laqueos
1461 875 1517 933 in
1567 889 1755 934 causa
1788 888 1932 932 esse
1969 888 2195 947 propo-

124 966 308 1039 sitos,
354 971 447 1038 ut,
501 964 553 1024 si
599 979 695 1022 me
742 963 932 1022 altero
977 960 1400 1033 expedissem,
1453 965 1699 1018 tenerer
1740 957 1954 1016 altero.
2033 968 2198 1035 [Idem

125 1051 246 1101 ibid
288 1065 339 1115 p.
379 1048 497 1100 513.
537 1064 590 1114 p
634 1046 757 1101 228.
800 1044 1055 1108 Lindemj

249 1133 351 1192 44.
395 1131 656 1206 Aperuit
700 1131 864 1191 fores
915 1129 1238 1189 scalarum.
1318 1127 1503 1207 [A'ero
1553 1142 1618 1192 ad
1655 1142 1774 1194 nor
1811 1138 1974 1190 Serm
2033 1137 2121 1191 nb
2158 1138 2196 1186 1.

124 1225 220 1270 sat
250 1212 635 1358 425.VL{};⁹ite,
688 1290 756 1343 ut
798 1279 1124 1355 legebatis,
1185 1278 1324 1337 hinc
1370 1276 1716 1353 intelligetis
1761 1277 1926 1337 nulla
1972 1273 2212 1334 tenuise

126 1369 279 1431 sima
299 1368 656 1443 suspicione
681 1365 947 1425 describi
973 1372 1077 1424 aut
1097 1361 1429 1437 significari
1456 1361 1819 1423 Cornelium
1866 1376 1925 1441 [B
1940 1377 2157 1428 osthiu
2173 1391 2199 1425 ς

128 1459 188 1503 de
225 1452 388 1505 Defln.
427 1467 479 1517 p.
516 1451 635 1503 659.
675 1451 758 1501 ed.
802 1447 945 1511 Bas]

249 1535 352 1596 46.
406 1536 720 1606 Quaeritur
745 1539 956 1603 tamen,
1001 1548 1077 1590 an
1109 1528 1400 1590 maiestas
1436 1530 1664 1591 minuta
1693 1531 1802 1605 sit,
1831 1534 1994 1591 uun
2014 1547 2199 1592 causa

128 1622 384 1681 Cornelii
409 1621 731 1692 quaesitum
758 1625 860 1677 est.
924 1629 1433 1695 [Quinctilianus
1472 1631 1562 1679 lib.
1590 1630 1703 1679 vn.
1737 1646 1851 1697 cap.
1884 1629 1934 1682 3.
1968 1631 2017 1691 S.
2050 1625 2160 1694 35]

124 1804 155 1865 S
212 1717 351 1866 233·
398 1713 646 1775 Obiecta
680 1721 778 1774 est
803 1714 1008 1790 paullo
1044 1712 1353 1774 liberalior
1382 1714 1524 1773 vita.
1580 1726 1744 1794 [Idem
1769 1729 1855 1780 lib.
1879 1730 1943 1779 V.
1972 1743 2082 1793 cap.
2111 1727 2193 1780 13.

639 1914 688 1962 5.
761 1910 884 1962 PRO
924 1910 977 1964 G.
1019 1907 1339 1960 CORNELIO
1378 1909 1571 1962 ORAT.
1612 1911 1672 1959 11.

256 2014 308 2071 1.
352 2014 622 2087 Pugnem
665 2019 878 2088 aperte
922 2017 1136 2070 contra
1180 2007 1699 2069 nobilissimorum
1744 2007 2054 2068 hominum
2095 2022 2199 2065 vo·

130 2099 432 2158 luntates?
490 2096 726 2168 studia,
773 2093 1030 2155 consilia
1074 2092 1606 2168 cogitationesque
1637 2107 1848 2151 eorum
1891 2090 2201 2167 aperiam?

131 2180 391 2245 [Aquila
428 2195 543 2244 cap.
585 2179 670 2229 10.
710 2196 760 2244 p.
808 2179 920 2230 151.
959 2187 1007 2226 et
1041 2177 1410 2227 Marcianus
1445 2174 1640 2240 Capell.
1680 2175 1773 2227 lib.
1811 2174 1875 2223 V.
1910 2190 1963 2239 p.
2005 2172 2148 2238 171.]

254 2261 314 2321 2.
361 2262 406 2321 Ο
453 2259 708 2320 callidos
750 2259 1061 2332 homines,
1120 2276 1156 2320 o
1202 2276 1327 2320 rem
1376 2257 1814 2332 excogitatam,
1868 2274 1904 2317 o
1959 2254 2202 2332 ingenia

130 2343 486 2405 metuenda!
524 2342 815 2402 diximus:
852 2350 1040 2402 testes
1068 2343 1216 2401 dare
1236 2343 1546 2402 volumus.
1614 2342 1805 2415 Quem
1832 2356 2064 2415 quaeso
2091 2355 2201 2399 no-

130 2434 322 2488 strum
344 2425 551 2486 fefellit
568 2426 650 2486 ita
669 2442 782 2486 vos
804 2440 947 2486 esse
964 2425 1276 2485 facturos?
1320 2438 1525 2505 [cicer
1539 2452 1568 2487 ο
1587 2446 1714 2492 orat.
1738 2453 1851 2504 cap.
1871 2438 1957 2490 67.
1978 2439 2030 2500 s.
2054 2437 2198 2504 225]

252 2525 309 2584 3.
355 2525 506 2584 Num
535 2523 598 2584 in
629 2541 738 2597 eo,
786 2523 888 2599 qui
918 2522 1039 2584 sint
1066 2523 1127 2583 hi
1156 2531 1383 2597 testes,
1432 2522 1788 2583 haesitatis?
1857 2523 1990 2597 Ego
2023 2521 2202 2582 vobis

130 2610 326 2669 edam.
396 2608 531 2669 Duo
560 2608 780 2683 reliqui
813 2614 956 2670 sunt
986 2608 1065 2667 de
1094 2606 1554 2678 consularibuS,
1587 2605 1812 2666 inimici
1842 2603 2204 2666 tribuniciae

131 2692 473 2769 potestatis.
545 2692 730 2754 Pauci
777 2700 1095 2767 praeterea
1134 2692 1564 2752 adsentatores
1609 2705 1823 2751 eorum
1865 2698 2050 2764 atque
2096 2689 2202 2748 ad·

131 2779 336 2836 seclae
367 2778 846 2852 subsequuntur.
923 2792 1317 2860 [Asconius]

255 2874 315 2934 4.
364 2873 487 2933 Sed
528 2875 581 2935 si
625 2874 995 2937 familiariter
1035 2893 1112 2937 ex
1159 2877 1227 2950 Q.
1274 2876 1517 2951 Catulo,
1568 2873 2022 2951 sapientissimo
2068 2869 2200 2929 viro

130 2965 313 3033 atque
363 2942 834 3030 humanissimo,
902 2960 1076 3020 veliin
1130 2976 1463 3035 quaerere.
1529 2960 1737 3020 Utrius
1797 2956 2044 3016 tandem
2093 2952 2201 3014 tibi

129 3042 468 3102 tribunatus
517 3040 716 3103 minus
749 3044 993 3118 probari
1032 3050 1265 3117 potest,
1304 3043 1369 3102 C.
1401 3042 1693 3114 Cornelii,
1738 3057 1814 3100 an
1844 3056 1966 3100 non
2001 3037 2198 3098 dicam

130 3126 191 3185 P.
225 3123 505 3200 Sulpicii,
538 3143 662 3186 non
699 3127 764 3185 L.
798 3127 1134 3200 Saturnini,
1166 3144 1289 3186 non
1323 3125 1453 3187 Gaii
1480 3123 1765 3195 Gracchi,
1809 3139 1929 3183 non
1956 3119 2200 3191 Tiberii,

132 3207 461 3279 neminem,
508 3225 684 3283 quem
718 3208 817 3269 isti
848 3210 1208 3272 seditiosum
1241 3209 1616 3282 existimant,
1665 3205 2024 3276 nominabo,
2086 3204 2199 3263 sed

132 3290 413 3347 avunculi
463 3291 580 3364 tui,
645 3294 713 3367 Q.
752 3292 989 3364 Catule,
1043 3292 1364 3355 clarissimi
1398 3291 1759 3368 patriaeque
1801 3283 2203 3349 amantissimi

134 3365 280 3426 viri?
327 3370 472 3443 quid
501 3374 643 3433 mihi
676 3375 918 3434 tandem
949 3392 1395 3451 responsurum
1434 3377 1700 3449 putatis?
1767 3385 1991 3454 [Idem]
