<?xml version="1.0" encoding="UTF-8"?>
<!DOCTYPE html PUBLIC "-//W3C//DTD XHTML 1.0 Transitional//EN"
    "http://www.w3.org/TR/xhtml1/DTD/xhtml1-transitional.dtd">
<html xmlns="http://www.w3.org/1999/xhtml" xml:lang="en" lang="en">
 <head>
  <title>
</title>
<meta http-equiv="Content-Type" content="text/html;charset=utf-8" />
  <meta name='ocr-system' content='tesseract 3.04.00' />
  <meta name='ocr-capabilities' content='ocr_page ocr_carea ocr_par ocr_line ocrx_word'/>
</head>
<body>
  <div class='ocr_page' id='page_1' title='image "./scriptaquaemans01wesegoog_0027.png"; bbox 0 0 2381 3723; ppageno 0'>
   <div class='ocr_carea' id='block_1_1' title="bbox 673 140 2230 209">
    <p class='ocr_par' dir='ltr' id='par_1_1' title="bbox 673 140 2230 209">
     <span class='ocr_line' id='line_1_1' title="bbox 673 140 2230 209; baseline 0.001 -8"><span class='ocrx_word' id='word_1_1' title='bbox 673 143 817 202; x_wconf 86' lang='lat' dir='ltr'><strong>LIB.</strong></span> <span class='ocrx_word' id='word_1_2' title='bbox 854 143 900 201; x_wconf 90' lang='lat'><strong>1.</strong></span> <span class='ocrx_word' id='word_1_3' title='bbox 949 143 1120 201; x_wconf 88' lang='lat' dir='ltr'><strong>CAP.</strong></span> <span class='ocrx_word' id='word_1_4' title='bbox 1151 152 1344 204; x_wconf 74' lang='lat'><strong>2-4-</strong></span> <span class='ocrx_word' id='word_1_5' title='bbox 1392 150 1443 209; x_wconf 73' lang='lat'><strong>§-</strong></span> <span class='ocrx_word' id='word_1_6' title='bbox 1477 150 1702 203; x_wconf 78' lang='lat'><strong>6—13.</strong></span> <span class='ocrx_word' id='word_1_7' title='bbox 2187 140 2230 202; x_wconf 77' lang='grc'>5</span> 
     </span>
    </p>
   </div>
   <div class='ocr_carea' id='block_1_2' title="bbox 147 292 2257 3475">
    <p class='ocr_par' dir='ltr' id='par_1_2' title="bbox 147 292 2257 1113">
     <span class='ocr_line' id='line_1_2' title="bbox 150 292 2232 370; baseline -0.001 -14"><span class='ocrx_word' id='word_1_8' title='bbox 150 293 546 356; x_wconf 87' lang='lat' dir='ltr'><strong>deliberando</strong></span> <span class='ocrx_word' id='word_1_9' title='bbox 592 293 830 355; x_wconf 88' lang='lat' dir='ltr'><strong>animus</strong></span> <span class='ocrx_word' id='word_1_10' title='bbox 871 295 1233 369; x_wconf 75' lang='lat' dir='ltr'><strong>adferatque</strong></span> <span class='ocrx_word' id='word_1_11' title='bbox 1276 293 1601 370; x_wconf 81' lang='lat' dir='ltr'>ancipitem</span> <span class='ocrx_word' id='word_1_12' title='bbox 1646 308 1851 353; x_wconf 89' lang='lat' dir='ltr'><strong>curam</strong></span> <span class='ocrx_word' id='word_1_13' title='bbox 1902 292 2232 368; x_wconf 89' lang='lat' dir='ltr'><strong>cogitandi.</strong></span> 
     </span>
     <span class='ocr_line' id='line_1_3' title="bbox 153 375 2233 454; baseline -0.001 -14"><span class='ocrx_word' id='word_1_14' title='bbox 153 380 242 440; x_wconf 83' lang='lat'><strong>10.</strong></span> <span class='ocrx_word' id='word_1_15' title='bbox 281 379 417 439; x_wconf 88' lang='lat' dir='ltr'><strong>Hac</strong></span> <span class='ocrx_word' id='word_1_16' title='bbox 441 377 780 452; x_wconf 89' lang='lat' dir='ltr'><strong>divisione,</strong></span> <span class='ocrx_word' id='word_1_17' title='bbox 815 395 1001 453; x_wconf 91' lang='lat' dir='ltr'><strong>quum</strong></span> <span class='ocrx_word' id='word_1_18' title='bbox 1029 376 1364 454; x_wconf 90' lang='lat' dir='ltr'><strong>praeterire</strong></span> <span class='ocrx_word' id='word_1_19' title='bbox 1394 376 1624 453; x_wconf 86' lang='lat' dir='ltr'><strong>aliquid</strong></span> <span class='ocrx_word' id='word_1_20' title='bbox 1663 376 1991 437; x_wconf 87' lang='lat' dir='ltr'><strong>maximum</strong></span> <span class='ocrx_word' id='word_1_21' title='bbox 2020 375 2233 438; x_wconf 87' lang='lat' dir='ltr'><strong>vitium</strong></span> 
     </span>
     <span class='ocr_line' id='line_1_4' title="bbox 147 460 2235 538; baseline -0.001 -14"><span class='ocrx_word' id='word_1_22' title='bbox 147 462 205 524; x_wconf 90' lang='lat' dir='ltr'><strong>in</strong></span> <span class='ocrx_word' id='word_1_23' title='bbox 238 461 579 524; x_wconf 91' lang='lat' dir='ltr'><strong>dividendo</strong></span> <span class='ocrx_word' id='word_1_24' title='bbox 624 462 730 534; x_wconf 86' lang='lat' dir='ltr'><strong>sit,</strong></span> <span class='ocrx_word' id='word_1_25' title='bbox 784 463 909 523; x_wconf 90' lang='lat' dir='ltr'><strong>duo</strong></span> <span class='ocrx_word' id='word_1_26' title='bbox 951 461 1389 538; x_wconf 88' lang='lat' dir='ltr'><strong>praetermissa</strong></span> <span class='ocrx_word' id='word_1_27' title='bbox 1433 469 1596 522; x_wconf 89' lang='lat' dir='ltr'><strong>sunt.</strong></span> <span class='ocrx_word' id='word_1_28' title='bbox 1663 461 1789 522; x_wconf 88' lang='lat' dir='ltr'><strong>Nec</strong></span> <span class='ocrx_word' id='word_1_29' title='bbox 1834 460 1992 521; x_wconf 90' lang='lat' dir='ltr'><strong>enim</strong></span> <span class='ocrx_word' id='word_1_30' title='bbox 2030 463 2235 522; x_wconf 87' lang='lat' dir='ltr'><strong>solum</strong></span> 
     </span>
     <span class='ocr_line' id='line_1_5' title="bbox 150 544 2234 622; baseline -0.001 -14"><span class='ocrx_word' id='word_1_31' title='bbox 150 554 345 608; x_wconf 90' lang='lat' dir='ltr'><strong>utrum</strong></span> <span class='ocrx_word' id='word_1_32' title='bbox 402 546 736 608; x_wconf 86' lang='lat' dir='ltr'><strong>honestum</strong></span> <span class='ocrx_word' id='word_1_33' title='bbox 786 563 864 607; x_wconf 87' lang='lat' dir='ltr'><strong>an</strong></span> <span class='ocrx_word' id='word_1_34' title='bbox 912 552 1093 622; x_wconf 83' lang='lat' dir='ltr'><strong>turpe</strong></span> <span class='ocrx_word' id='word_1_35' title='bbox 1144 545 1226 607; x_wconf 90' lang='lat' dir='ltr'><strong>sit</strong></span> <span class='ocrx_word' id='word_1_36' title='bbox 1268 546 1592 607; x_wconf 90' lang='lat' dir='ltr'><strong>deliberari</strong></span> <span class='ocrx_word' id='word_1_37' title='bbox 1643 547 1832 621; x_wconf 89' lang='lat' dir='ltr'><strong>solet,</strong></span> <span class='ocrx_word' id='word_1_38' title='bbox 1896 545 2009 605; x_wconf 92' lang='lat' dir='ltr'><strong>sed</strong></span> <span class='ocrx_word' id='word_1_39' title='bbox 2052 544 2234 606; x_wconf 88' lang='lat' dir='ltr'><strong>etiam</strong></span> 
     </span>
     <span class='ocr_line' id='line_1_6' title="bbox 152 629 2235 706; baseline -0.001 -14"><span class='ocrx_word' id='word_1_40' title='bbox 152 632 392 692; x_wconf 91' lang='lat' dir='ltr'><strong>duobus</strong></span> <span class='ocrx_word' id='word_1_41' title='bbox 425 629 766 706; x_wconf 86' lang='lat' dir='ltr'><strong>propositis</strong></span> <span class='ocrx_word' id='word_1_42' title='bbox 799 629 1076 692; x_wconf 79' lang='lat' dir='ltr'>honestis</span> <span class='ocrx_word' id='word_1_43' title='bbox 1119 637 1320 690; x_wconf 90' lang='lat' dir='ltr'><strong>utrum</strong></span> <span class='ocrx_word' id='word_1_44' title='bbox 1356 630 1707 705; x_wconf 84' lang='lat' dir='ltr'><strong>honestius,</strong></span> <span class='ocrx_word' id='word_1_45' title='bbox 1762 629 2031 704; x_wconf 84' lang='lat' dir='ltr'><strong>itemque</strong></span> <span class='ocrx_word' id='word_1_46' title='bbox 2079 631 2235 690; x_wconf 90' lang='lat' dir='ltr'><strong>duo-</strong></span> 
     </span>
     <span class='ocr_line' id='line_1_7' title="bbox 148 712 2235 792; baseline -0.001 -17"><span class='ocrx_word' id='word_1_47' title='bbox 148 716 256 777; x_wconf 87' lang='lat' dir='ltr'><strong>bus</strong></span> <span class='ocrx_word' id='word_1_48' title='bbox 294 713 639 792; x_wconf 89' lang='lat' dir='ltr'><strong>propositis</strong></span> <span class='ocrx_word' id='word_1_49' title='bbox 684 714 936 775; x_wconf 91' lang='lat' dir='ltr'><strong>utilibus</strong></span> <span class='ocrx_word' id='word_1_50' title='bbox 967 724 1169 775; x_wconf 82' lang='lat' dir='ltr'><strong>utrum</strong></span> <span class='ocrx_word' id='word_1_51' title='bbox 1211 713 1439 775; x_wconf 64' lang='lat' dir='ltr'><strong>utilius}</strong></span> <span class='ocrx_word' id='word_1_52' title='bbox 1511 716 1629 788; x_wconf 90' lang='lat' dir='ltr'><strong>Ita,</strong></span> <span class='ocrx_word' id='word_1_53' title='bbox 1685 731 1869 790; x_wconf 89' lang='lat' dir='ltr'><strong>quam</strong></span> <span class='ocrx_word' id='word_1_54' title='bbox 1907 712 2006 774; x_wconf 92' lang='lat' dir='ltr'><strong>ille</strong></span> <span class='ocrx_word' id='word_1_55' title='bbox 2047 713 2235 790; x_wconf 86' lang='lat' dir='ltr'><strong>tripli-</strong></span> 
     </span>
     <span class='ocr_line' id='line_1_8' title="bbox 153 796 2232 876; baseline -0 -16"><span class='ocrx_word' id='word_1_56' title='bbox 153 816 278 860; x_wconf 88' lang='lat' dir='ltr'><strong>cem</strong></span> <span class='ocrx_word' id='word_1_57' title='bbox 337 797 577 876; x_wconf 79' lang='lat' dir='ltr'><strong>putavit</strong></span> <span class='ocrx_word' id='word_1_58' title='bbox 634 814 780 859; x_wconf 91' lang='lat' dir='ltr'><strong>esse</strong></span> <span class='ocrx_word' id='word_1_59' title='bbox 830 798 1162 871; x_wconf 89' lang='lat' dir='ltr'><strong>rationem,</strong></span> <span class='ocrx_word' id='word_1_60' title='bbox 1218 796 1277 859; x_wconf 90' lang='lat' dir='ltr'><strong>in</strong></span> <span class='ocrx_word' id='word_1_61' title='bbox 1345 798 1619 874; x_wconf 90' lang='lat' dir='ltr'><strong>quinque</strong></span> <span class='ocrx_word' id='word_1_62' title='bbox 1675 805 1885 874; x_wconf 88' lang='lat' dir='ltr'><strong>partes</strong></span> <span class='ocrx_word' id='word_1_63' title='bbox 1951 796 2232 859; x_wconf 85' lang='lat' dir='ltr'><strong>distribui</strong></span> 
     </span>
     <span class='ocr_line' id='line_1_9' title="bbox 150 880 2257 958; baseline -0 -15"><span class='ocrx_word' id='word_1_64' title='bbox 150 885 375 945; x_wconf 88' lang='lat' dir='ltr'><strong>debere</strong></span> <span class='ocrx_word' id='word_1_65' title='bbox 405 882 730 957; x_wconf 88' lang='lat' dir='ltr'><strong>reperitur.</strong></span> <span class='ocrx_word' id='word_1_66' title='bbox 804 882 1066 942; x_wconf 90' lang='lat' dir='ltr'><strong>Primum</strong></span> <span class='ocrx_word' id='word_1_67' title='bbox 1093 881 1279 958; x_wconf 90' lang='lat' dir='ltr'><strong>igitur</strong></span> <span class='ocrx_word' id='word_1_68' title='bbox 1311 889 1410 944; x_wconf 88' lang='lat' dir='ltr'><strong>est</strong></span> <span class='ocrx_word' id='word_1_69' title='bbox 1436 883 1516 942; x_wconf 88' lang='lat' dir='ltr'><strong>de</strong></span> <span class='ocrx_word' id='word_1_70' title='bbox 1545 883 1842 956; x_wconf 91' lang='lat' dir='ltr'><strong>honesto,</strong></span> <span class='ocrx_word' id='word_1_71' title='bbox 1892 883 2006 943; x_wconf 89' lang='lat' dir='ltr'><strong>sed</strong></span> <span class='ocrx_word' id='word_1_72' title='bbox 2040 880 2257 958; x_wconf 83' lang='lat' dir='ltr'><strong>dupli·&#39;</strong></span> 
     </span>
     <span class='ocr_line' id='line_1_10' title="bbox 150 965 2233 1043; baseline -0 -15"><span class='ocrx_word' id='word_1_73' title='bbox 150 967 324 1040; x_wconf 83' lang='lat' dir='ltr'><strong>citer,</strong></span> <span class='ocrx_word' id='word_1_74' title='bbox 357 973 491 1026; x_wconf 87' lang='lat' dir='ltr'><strong>tum</strong></span> <span class='ocrx_word' id='word_1_75' title='bbox 515 965 649 1042; x_wconf 84' lang='lat' dir='ltr'><strong>pari</strong></span> <span class='ocrx_word' id='word_1_76' title='bbox 679 965 916 1028; x_wconf 87' lang='lat' dir='ltr'><strong>ratione</strong></span> <span class='ocrx_word' id='word_1_77' title='bbox 950 967 1029 1026; x_wconf 91' lang='lat' dir='ltr'><strong>de</strong></span> <span class='ocrx_word' id='word_1_78' title='bbox 1058 966 1219 1040; x_wconf 89' lang='lat' dir='ltr'><strong>utili,</strong></span> <span class='ocrx_word' id='word_1_79' title='bbox 1252 973 1400 1043; x_wconf 91' lang='lat' dir='ltr'><strong>post</strong></span> <span class='ocrx_word' id='word_1_80' title='bbox 1423 966 1502 1026; x_wconf 91' lang='lat' dir='ltr'><strong>de</strong></span> <span class='ocrx_word' id='word_1_81' title='bbox 1534 965 1995 1042; x_wconf 88' lang='lat' dir='ltr'><strong>comparatione</strong></span> <span class='ocrx_word' id='word_1_82' title='bbox 2018 982 2233 1027; x_wconf 88' lang='lat' dir='ltr'><strong>eorum</strong></span> 
     </span>
     <span class='ocr_line' id='line_1_11' title="bbox 153 1051 1446 1113; baseline -0.003 -2"><span class='ocrx_word' id='word_1_83' title='bbox 153 1051 609 1113; x_wconf 89' lang='lat' dir='ltr'><strong>disserendum.</strong></span> <span class='ocrx_word' id='word_1_84' title='bbox 1243 1084 1244 1087; x_wconf 59' lang='lat'><em>=</em></span> <span class='ocrx_word' id='word_1_85' title='bbox 1441 1080 1446 1085; x_wconf 92' lang='lat'><em>·</em></span> 
     </span>
    </p>

    <p class='ocr_par' dir='ltr' id='par_1_3' title="bbox 148 1133 2237 3475">
     <span class='ocr_line' id='line_1_12' title="bbox 268 1133 2236 1210; baseline 0 -17"><span class='ocrx_word' id='word_1_86' title='bbox 268 1137 378 1195; x_wconf 91' lang='lat' dir='ltr'><strong>IV.</strong></span> <span class='ocrx_word' id='word_1_87' title='bbox 426 1135 526 1194; x_wconf 90' lang='lat'><strong>11.</strong></span> <span class='ocrx_word' id='word_1_88' title='bbox 614 1133 919 1209; x_wconf 84' lang='lat' dir='ltr'><strong>Principio</strong></span> <span class='ocrx_word' id='word_1_89' title='bbox 952 1133 1164 1210; x_wconf 83' lang='lat' dir='ltr'><strong>generi</strong></span> <span class='ocrx_word' id='word_1_90' title='bbox 1197 1133 1591 1196; x_wconf 83' lang='lat' dir='ltr'><strong>animantium</strong></span> <span class='ocrx_word' id='word_1_91' title='bbox 1633 1133 1800 1195; x_wconf 92' lang='lat' dir='ltr'><strong>omni</strong></span> <span class='ocrx_word' id='word_1_92' title='bbox 1828 1140 1924 1196; x_wconf 89' lang='lat' dir='ltr'><strong>est</strong></span> <span class='ocrx_word' id='word_1_93' title='bbox 1951 1150 1988 1192; x_wconf 87' lang='lat' dir='ltr'><strong>a</strong></span> <span class='ocrx_word' id='word_1_94' title='bbox 2017 1141 2236 1196; x_wconf 88' lang='lat' dir='ltr'><strong>natura</strong></span> 
     </span>
     <span class='ocr_line' id='line_1_13' title="bbox 151 1217 2233 1294; baseline -0 -15"><span class='ocrx_word' id='word_1_95' title='bbox 151 1218 472 1291; x_wconf 86' lang='lat' dir='ltr'><strong>tributum,</strong></span> <span class='ocrx_word' id='word_1_96' title='bbox 520 1226 590 1278; x_wconf 86' lang='lat' dir='ltr'><strong>ut</strong></span> <span class='ocrx_word' id='word_1_97' title='bbox 631 1235 731 1292; x_wconf 88' lang='lat' dir='ltr'><strong>se,</strong></span> <span class='ocrx_word' id='word_1_98' title='bbox 782 1217 970 1278; x_wconf 89' lang='lat' dir='ltr'><strong>vitam</strong></span> <span class='ocrx_word' id='word_1_99' title='bbox 1016 1233 1375 1294; x_wconf 84' lang='lat' dir='ltr'><strong>corpusque</strong></span> <span class='ocrx_word' id='word_1_100' title='bbox 1423 1225 1669 1280; x_wconf 85' lang='lat' dir='ltr'><strong>tueatur</strong></span> <span class='ocrx_word' id='word_1_101' title='bbox 1708 1217 2097 1293; x_wconf 84' lang='lat' dir='ltr'><strong>declinetque</strong></span> <span class='ocrx_word' id='word_1_102' title='bbox 2139 1235 2233 1291; x_wconf 89' lang='lat' dir='ltr'><strong>ea,</strong></span> 
     </span>
     <span class='ocr_line' id='line_1_14' title="bbox 152 1300 2235 1380; baseline -0.001 -16"><span class='ocrx_word' id='word_1_103' title='bbox 152 1319 306 1378; x_wconf 87' lang='lat' dir='ltr'><strong>quae</strong></span> <span class='ocrx_word' id='word_1_104' title='bbox 328 1301 618 1364; x_wconf 88' lang='lat' dir='ltr'><strong>nocitura</strong></span> <span class='ocrx_word' id='word_1_105' title='bbox 645 1301 999 1376; x_wconf 89' lang='lat' dir='ltr'><strong>videantur,</strong></span> <span class='ocrx_word' id='word_1_106' title='bbox 1037 1300 1367 1377; x_wconf 86' lang='lat' dir='ltr'><strong>omniaque</strong></span> <span class='ocrx_word' id='word_1_107' title='bbox 1386 1349 1401 1373; x_wconf 91' lang='lat'>‚</span> <span class='ocrx_word' id='word_1_108' title='bbox 1447 1319 1606 1380; x_wconf 88' lang='lat' dir='ltr'><strong>quae</strong></span> <span class='ocrx_word' id='word_1_109' title='bbox 1643 1301 1767 1363; x_wconf 87' lang='lat' dir='ltr'><strong>sint</strong></span> <span class='ocrx_word' id='word_1_110' title='bbox 1795 1302 1872 1361; x_wconf 87' lang='lat' dir='ltr'><strong>ad</strong></span> <span class='ocrx_word' id='word_1_111' title='bbox 1903 1300 2235 1362; x_wconf 88' lang='lat' dir='ltr'><strong>vivendum</strong></span> 
     </span>
     <span class='ocr_line' id='line_1_15' title="bbox 150 1384 2237 1464; baseline -0.001 -16"><span class='ocrx_word' id='word_1_112' title='bbox 150 1385 537 1459; x_wconf 87' lang='lat' dir='ltr'><strong>necessaria,</strong></span> <span class='ocrx_word' id='word_1_113' title='bbox 601 1385 886 1462; x_wconf 80' lang='lat' dir='ltr'><strong>anquirat</strong></span> <span class='ocrx_word' id='word_1_114' title='bbox 925 1393 988 1446; x_wconf 89' lang='lat' dir='ltr'><strong>et</strong></span> <span class='ocrx_word' id='word_1_115' title='bbox 1033 1393 1240 1461; x_wconf 82' lang='lat' dir='ltr'><strong>paret,</strong></span> <span class='ocrx_word' id='word_1_116' title='bbox 1292 1392 1362 1446; x_wconf 89' lang='lat' dir='ltr'><strong>ut</strong></span> <span class='ocrx_word' id='word_1_117' title='bbox 1403 1394 1681 1464; x_wconf 90' lang='lat' dir='ltr'><strong>pastum,</strong></span> <span class='ocrx_word' id='word_1_118' title='bbox 1737 1392 1805 1447; x_wconf 93' lang='lat' dir='ltr'><strong>ut</strong></span> <span class='ocrx_word' id='word_1_119' title='bbox 1837 1384 2111 1460; x_wconf 90' lang='lat' dir='ltr'><strong>latibula,</strong></span> <span class='ocrx_word' id='word_1_120' title='bbox 2168 1393 2237 1446; x_wconf 89' lang='lat' dir='ltr'><strong>ut</strong></span> 
     </span>
     <span class='ocr_line' id='line_1_16' title="bbox 149 1469 2232 1548; baseline -0.001 -17"><span class='ocrx_word' id='word_1_121' title='bbox 149 1471 260 1531; x_wconf 71' lang='lat' dir='ltr'><strong>alia</strong></span> <span class='ocrx_word' id='word_1_122' title='bbox 292 1469 544 1548; x_wconf 87' lang='lat' dir='ltr'><strong>generis</strong></span> <span class='ocrx_word' id='word_1_123' title='bbox 578 1470 874 1531; x_wconf 90' lang='lat' dir='ltr'><strong>eiusdem.</strong></span> <span class='ocrx_word' id='word_1_124' title='bbox 950 1471 1286 1531; x_wconf 88' lang='lat' dir='ltr'><strong>Commune</strong></span> <span class='ocrx_word' id='word_1_125' title='bbox 1316 1477 1520 1532; x_wconf 88' lang='lat' dir='ltr'><strong>autem</strong></span> <span class='ocrx_word' id='word_1_126' title='bbox 1545 1470 1934 1532; x_wconf 80' lang='lat' dir='ltr'><strong>animantium</strong></span> <span class='ocrx_word' id='word_1_127' title='bbox 1963 1470 2232 1532; x_wconf 91' lang='lat' dir='ltr'><strong>omnium</strong></span> 
     </span>
     <span class='ocr_line' id='line_1_17' title="bbox 151 1553 2236 1631; baseline -0 -15"><span class='ocrx_word' id='word_1_128' title='bbox 151 1563 244 1616; x_wconf 86' lang='lat' dir='ltr'><strong>est</strong></span> <span class='ocrx_word' id='word_1_129' title='bbox 291 1553 748 1617; x_wconf 85' lang='lat' dir='ltr'><strong>coniunctionis</strong></span> <span class='ocrx_word' id='word_1_130' title='bbox 794 1554 1103 1631; x_wconf 87' lang='lat' dir='ltr'><strong>appetitus</strong></span> <span class='ocrx_word' id='word_1_131' title='bbox 1139 1554 1506 1629; x_wconf 88' lang='lat' dir='ltr'><strong>procreandi</strong></span> <span class='ocrx_word' id='word_1_132' title='bbox 1551 1571 1741 1616; x_wconf 87' lang='lat' dir='ltr'><strong>causa</strong></span> <span class='ocrx_word' id='word_1_133' title='bbox 1776 1562 1837 1617; x_wconf 89' lang='lat' dir='ltr'><strong>et</strong></span> <span class='ocrx_word' id='word_1_134' title='bbox 1869 1571 2017 1615; x_wconf 91' lang='lat' dir='ltr'><strong>cura</strong></span> <span class='ocrx_word' id='word_1_135' title='bbox 2050 1571 2236 1631; x_wconf 91' lang='lat' dir='ltr'><strong>quae-</strong></span> 
     </span>
     <span class='ocr_line' id='line_1_18' title="bbox 152 1637 2236 1714; baseline -0 -15"><span class='ocrx_word' id='word_1_136' title='bbox 152 1639 288 1699; x_wconf 87' lang='lat' dir='ltr'><strong>dam</strong></span> <span class='ocrx_word' id='word_1_137' title='bbox 335 1653 587 1712; x_wconf 90' lang='lat' dir='ltr'><strong>eorum,</strong></span> <span class='ocrx_word' id='word_1_138' title='bbox 648 1654 807 1714; x_wconf 89' lang='lat' dir='ltr'><strong>quae</strong></span> <span class='ocrx_word' id='word_1_139' title='bbox 858 1646 1184 1714; x_wconf 83' lang='lat' dir='ltr'><strong>procreata</strong></span> <span class='ocrx_word' id='word_1_140' title='bbox 1241 1637 1382 1699; x_wconf 88' lang='lat' dir='ltr'><strong>sint.</strong></span> <span class='ocrx_word' id='word_1_141' title='bbox 1459 1639 1583 1700; x_wconf 88' lang='lat' dir='ltr'><strong>Sed</strong></span> <span class='ocrx_word' id='word_1_142' title='bbox 1626 1639 1783 1700; x_wconf 85' lang='lat' dir='ltr'><strong>inter</strong></span> <span class='ocrx_word' id='word_1_143' title='bbox 1822 1638 2129 1699; x_wconf 90' lang='lat' dir='ltr'><strong>hominem</strong></span> <span class='ocrx_word' id='word_1_144' title='bbox 2173 1645 2236 1698; x_wconf 83' lang='lat' dir='ltr'><strong>et</strong></span> 
     </span>
     <span class='ocr_line' id='line_1_19' title="bbox 151 1721 2230 1799; baseline -0.001 -16"><span class='ocrx_word' id='word_1_145' title='bbox 151 1723 393 1784; x_wconf 87' lang='lat' dir='ltr'><strong>beluam</strong></span> <span class='ocrx_word' id='word_1_146' title='bbox 429 1722 553 1784; x_wconf 87' lang='lat' dir='ltr'><strong>hoc</strong></span> <span class='ocrx_word' id='word_1_147' title='bbox 595 1721 854 1783; x_wconf 88' lang='lat' dir='ltr'><strong>maxime</strong></span> <span class='ocrx_word' id='word_1_148' title='bbox 882 1721 1170 1795; x_wconf 88' lang='lat' dir='ltr'><strong>interest,</strong></span> <span class='ocrx_word' id='word_1_149' title='bbox 1225 1723 1393 1798; x_wconf 92' lang='lat' dir='ltr'><strong>quod</strong></span> <span class='ocrx_word' id='word_1_150' title='bbox 1423 1722 1576 1784; x_wconf 90' lang='lat' dir='ltr'><strong>haec</strong></span> <span class='ocrx_word' id='word_1_151' title='bbox 1618 1730 1881 1797; x_wconf 89' lang='lat' dir='ltr'><strong>tantum,</strong></span> <span class='ocrx_word' id='word_1_152' title='bbox 1937 1732 2230 1799; x_wconf 89' lang='lat' dir='ltr'><strong>quantum</strong></span> 
     </span>
     <span class='ocr_line' id='line_1_20' title="bbox 150 1804 2233 1884; baseline -0.001 -15"><span class='ocrx_word' id='word_1_153' title='bbox 150 1823 339 1869; x_wconf 87' lang='lat' dir='ltr'><strong>sensu</strong></span> <span class='ocrx_word' id='word_1_154' title='bbox 371 1812 684 1881; x_wconf 89' lang='lat' dir='ltr'><strong>movetur,</strong></span> <span class='ocrx_word' id='word_1_155' title='bbox 724 1807 803 1867; x_wconf 91' lang='lat' dir='ltr'><strong>ad</strong></span> <span class='ocrx_word' id='word_1_156' title='bbox 830 1805 895 1867; x_wconf 93' lang='lat' dir='ltr'><strong>id</strong></span> <span class='ocrx_word' id='word_1_157' title='bbox 923 1804 1124 1868; x_wconf 90' lang='lat' dir='ltr'><strong>solum</strong></span> <span class='ocrx_word' id='word_1_158' title='bbox 1143 1854 1158 1881; x_wconf 99' lang='lat'><strong>,</strong></span> <span class='ocrx_word' id='word_1_159' title='bbox 1194 1807 1364 1883; x_wconf 93' lang='lat' dir='ltr'><strong>quod</strong></span> <span class='ocrx_word' id='word_1_160' title='bbox 1394 1808 1575 1869; x_wconf 87' lang='lat' dir='ltr'><strong>adest</strong></span> <span class='ocrx_word' id='word_1_161' title='bbox 1604 1810 1899 1884; x_wconf 88' lang='lat' dir='ltr'><strong>quodque</strong></span> <span class='ocrx_word' id='word_1_162' title='bbox 1933 1821 2233 1884; x_wconf 89' lang='lat' dir='ltr'><strong>praesens</strong></span> 
     </span>
     <span class='ocr_line' id='line_1_21' title="bbox 151 1891 2234 1967; baseline -0.001 -15"><span class='ocrx_word' id='word_1_163' title='bbox 151 1898 273 1964; x_wconf 90' lang='lat' dir='ltr'><strong>est,</strong></span> <span class='ocrx_word' id='word_1_164' title='bbox 328 1907 401 1951; x_wconf 90' lang='lat' dir='ltr'><strong>se</strong></span> <span class='ocrx_word' id='word_1_165' title='bbox 437 1893 896 1964; x_wconf 84' lang='lat' dir='ltr'><strong>accommodat,</strong></span> <span class='ocrx_word' id='word_1_166' title='bbox 948 1893 1218 1967; x_wconf 90' lang='lat' dir='ltr'><strong>paullum</strong></span> <span class='ocrx_word' id='word_1_167' title='bbox 1260 1892 1592 1953; x_wconf 83' lang='lat' dir='ltr'><strong>admodum</strong></span> <span class='ocrx_word' id='word_1_168' title='bbox 1636 1892 1910 1953; x_wconf 90' lang='lat' dir='ltr'><strong>sentiens</strong></span> <span class='ocrx_word' id='word_1_169' title='bbox 1944 1891 2234 1966; x_wconf 87' lang='lat' dir='ltr'><strong>praeteri-</strong></span> 
     </span>
     <span class='ocr_line' id='line_1_22' title="bbox 148 1974 2231 2051; baseline 0 -17"><span class='ocrx_word' id='word_1_170' title='bbox 148 1983 271 2035; x_wconf 84' lang='lat' dir='ltr'><strong>tum</strong></span> <span class='ocrx_word' id='word_1_171' title='bbox 305 1980 412 2035; x_wconf 91' lang='lat' dir='ltr'><strong>aut</strong></span> <span class='ocrx_word' id='word_1_172' title='bbox 441 1976 729 2035; x_wconf 80' lang='lat' dir='ltr'><strong>futurum.</strong></span> <span class='ocrx_word' id='word_1_173' title='bbox 803 1976 1004 2037; x_wconf 92' lang='lat' dir='ltr'><strong>Homo</strong></span> <span class='ocrx_word' id='word_1_174' title='bbox 1032 1982 1257 2049; x_wconf 89' lang='lat' dir='ltr'><strong>autem,</strong></span> <span class='ocrx_word' id='word_1_175' title='bbox 1292 1977 1461 2051; x_wconf 89' lang='lat' dir='ltr'><strong>quod</strong></span> <span class='ocrx_word' id='word_1_176' title='bbox 1494 1974 1746 2036; x_wconf 85' lang='lat' dir='ltr'><strong>rationis</strong></span> <span class='ocrx_word' id='word_1_177' title='bbox 1774 1984 1871 2034; x_wconf 89' lang='lat' dir='ltr'><strong>est</strong></span> <span class='ocrx_word' id='word_1_178' title='bbox 1899 1974 2231 2049; x_wconf 82' lang='lat' dir='ltr'><strong>particeps,</strong></span> 
     </span>
     <span class='ocr_line' id='line_1_23' title="bbox 149 2057 2235 2135; baseline -0.001 -17"><span class='ocrx_word' id='word_1_179' title='bbox 149 2075 261 2135; x_wconf 91' lang='lat' dir='ltr'><strong>per</strong></span> <span class='ocrx_word' id='word_1_180' title='bbox 297 2075 478 2133; x_wconf 89' lang='lat' dir='ltr'><strong>quam</strong></span> <span class='ocrx_word' id='word_1_181' title='bbox 510 2058 958 2135; x_wconf 85' lang='lat' dir='ltr'><strong>consequentia</strong></span> <span class='ocrx_word' id='word_1_182' title='bbox 1002 2057 1225 2131; x_wconf 86' lang='lat' dir='ltr'><strong>cernit,</strong></span> <span class='ocrx_word' id='word_1_183' title='bbox 1284 2075 1506 2119; x_wconf 88' lang='lat' dir='ltr'><strong>causas</strong></span> <span class='ocrx_word' id='word_1_184' title='bbox 1547 2074 1751 2119; x_wconf 91' lang='lat' dir='ltr'><strong>rerum</strong></span> <span class='ocrx_word' id='word_1_185' title='bbox 1800 2058 1965 2117; x_wconf 90' lang='lat' dir='ltr'><strong>videt</strong></span> <span class='ocrx_word' id='word_1_186' title='bbox 1999 2073 2235 2117; x_wconf 89' lang='lat' dir='ltr'><strong>earum-</strong></span> 
     </span>
     <span class='ocr_line' id='line_1_24' title="bbox 152 2139 2235 2219; baseline -0.002 -16"><span class='ocrx_word' id='word_1_187' title='bbox 152 2158 280 2218; x_wconf 90' lang='lat' dir='ltr'><strong>que</strong></span> <span class='ocrx_word' id='word_1_188' title='bbox 310 2158 684 2217; x_wconf 87' lang='lat' dir='ltr'><strong>progressus</strong></span> <span class='ocrx_word' id='word_1_189' title='bbox 731 2149 795 2203; x_wconf 90' lang='lat' dir='ltr'><strong>et</strong></span> <span class='ocrx_word' id='word_1_190' title='bbox 826 2142 1004 2219; x_wconf 89' lang='lat' dir='ltr'><strong>quasi</strong></span> <span class='ocrx_word' id='word_1_191' title='bbox 1043 2142 1512 2204; x_wconf 87' lang='lat' dir='ltr'><strong>antecessiones</strong></span> <span class='ocrx_word' id='word_1_192' title='bbox 1632 2160 1670 2203; x_wconf 92' lang='lat' dir='ltr'><strong>n</strong></span> <span class='ocrx_word' id='word_1_193' title='bbox 1716 2141 1983 2218; x_wconf 84' lang='lat' dir='ltr'><strong>ignorat,</strong></span> <span class='ocrx_word' id='word_1_194' title='bbox 2033 2139 2235 2219; x_wconf 54' lang='lat' dir='ltr'><strong>simili:</strong></span> 
     </span>
     <span class='ocr_line' id='line_1_25' title="bbox 149 2224 2234 2303; baseline -0.001 -17"><span class='ocrx_word' id='word_1_195' title='bbox 149 2224 399 2286; x_wconf 82' lang='lat' dir='ltr'><strong>tudines</strong></span> <span class='ocrx_word' id='word_1_196' title='bbox 437 2233 757 2302; x_wconf 89' lang='lat' dir='ltr'><strong>comparat</strong></span> <span class='ocrx_word' id='word_1_197' title='bbox 796 2228 1114 2303; x_wconf 87' lang='lat' dir='ltr'><strong>rebusque</strong></span> <span class='ocrx_word' id='word_1_198' title='bbox 1156 2225 1555 2302; x_wconf 89' lang='lat' dir='ltr'><strong>praesentibu</strong></span> <span class='ocrx_word' id='word_1_199' title='bbox 1617 2226 1891 2303; x_wconf 86' lang='lat' dir='ltr'><strong>adiungit</strong></span> <span class='ocrx_word' id='word_1_200' title='bbox 1920 2233 2108 2302; x_wconf 91' lang='lat' dir='ltr'><strong>atque</strong></span> <span class='ocrx_word' id='word_1_201' title='bbox 2131 2225 2234 2284; x_wconf 89' lang='lat' dir='ltr'><strong>ad·</strong></span> 
     </span>
     <span class='ocr_line' id='line_1_26' title="bbox 150 2308 2235 2385; baseline -0.001 -15"><span class='ocrx_word' id='word_1_202' title='bbox 150 2308 341 2370; x_wconf 88' lang='lat' dir='ltr'><strong>nectit</strong></span> <span class='ocrx_word' id='word_1_203' title='bbox 386 2311 651 2382; x_wconf 83' lang='lat' dir='ltr'><strong>futuras,</strong></span> <span class='ocrx_word' id='word_1_204' title='bbox 712 2310 886 2372; x_wconf 83' lang='lat' dir='ltr'><strong>facile</strong></span> <span class='ocrx_word' id='word_1_205' title='bbox 928 2311 1118 2372; x_wconf 89' lang='lat' dir='ltr'><strong>totius</strong></span> <span class='ocrx_word' id='word_1_206' title='bbox 1156 2310 1320 2371; x_wconf 87' lang='lat' dir='ltr'><strong>vitae</strong></span> <span class='ocrx_word' id='word_1_207' title='bbox 1368 2327 1617 2372; x_wconf 90' lang='lat' dir='ltr'><strong>cursum</strong></span> <span class='ocrx_word' id='word_1_208' title='bbox 1660 2310 1827 2371; x_wconf 91' lang='lat' dir='ltr'><strong>videt</strong></span> <span class='ocrx_word' id='word_1_209' title='bbox 1864 2311 1942 2370; x_wconf 92' lang='lat' dir='ltr'><strong>ad</strong></span> <span class='ocrx_word' id='word_1_210' title='bbox 1973 2326 2235 2385; x_wconf 82' lang='lat' dir='ltr'><strong>eamque</strong></span> 
     </span>
     <span class='ocr_line' id='line_1_27' title="bbox 154 2394 2233 2470; baseline -0 -17"><span class='ocrx_word' id='word_1_211' title='bbox 154 2394 500 2469; x_wconf 86' lang='lat' dir='ltr'><strong>degendam</strong></span> <span class='ocrx_word' id='word_1_212' title='bbox 540 2402 871 2470; x_wconf 86' lang='lat' dir='ltr'><strong>praeparat</strong></span> <span class='ocrx_word' id='word_1_213' title='bbox 920 2411 1021 2456; x_wconf 91' lang='lat' dir='ltr'><strong>res</strong></span> <span class='ocrx_word' id='word_1_214' title='bbox 1076 2394 1483 2457; x_wconf 87' lang='lat' dir='ltr'><strong>necessarias.</strong></span> <span class='ocrx_word' id='word_1_215' title='bbox 1577 2395 1674 2456; x_wconf 85' lang='lat'><strong>12.</strong></span> <span class='ocrx_word' id='word_1_216' title='bbox 1730 2395 2090 2469; x_wconf 86' lang='lat' dir='ltr'><strong>Eademque</strong></span> <span class='ocrx_word' id='word_1_217' title='bbox 2130 2409 2233 2453; x_wconf 88' lang='lat' dir='ltr'><strong>na·</strong></span> 
     </span>
     <span class='ocr_line' id='line_1_28' title="bbox 152 2476 2231 2540; baseline -0 -3"><span class='ocrx_word' id='word_1_218' title='bbox 152 2486 286 2537; x_wconf 81' lang='lat' dir='ltr'><strong>tura</strong></span> <span class='ocrx_word' id='word_1_219' title='bbox 309 2477 367 2537; x_wconf 93' lang='lat' dir='ltr'><strong>vi</strong></span> <span class='ocrx_word' id='word_1_220' title='bbox 389 2476 644 2539; x_wconf 88' lang='lat' dir='ltr'><strong>rationis</strong></span> <span class='ocrx_word' id='word_1_221' title='bbox 668 2478 975 2539; x_wconf 89' lang='lat' dir='ltr'><strong>hominem</strong></span> <span class='ocrx_word' id='word_1_222' title='bbox 1001 2478 1287 2539; x_wconf 86' lang='lat' dir='ltr'><strong>conciliat</strong></span> <span class='ocrx_word' id='word_1_223' title='bbox 1307 2478 1537 2540; x_wconf 90' lang='lat' dir='ltr'><strong>homini</strong></span> <span class='ocrx_word' id='word_1_224' title='bbox 1562 2486 1623 2539; x_wconf 93' lang='lat' dir='ltr'><strong>et</strong></span> <span class='ocrx_word' id='word_1_225' title='bbox 1644 2480 1720 2539; x_wconf 89' lang='lat' dir='ltr'><strong>ad</strong></span> <span class='ocrx_word' id='word_1_226' title='bbox 1749 2477 2043 2540; x_wconf 88' lang='lat' dir='ltr'><strong>orationis</strong></span> <span class='ocrx_word' id='word_1_227' title='bbox 2070 2477 2231 2538; x_wconf 82' lang='lat' dir='ltr'><strong>etad</strong></span> 
     </span>
     <span class='ocr_line' id='line_1_29' title="bbox 155 2560 2233 2639; baseline 0.001 -21"><span class='ocrx_word' id='word_1_228' title='bbox 155 2560 313 2621; x_wconf 86' lang='lat' dir='ltr'><strong>vitae</strong></span> <span class='ocrx_word' id='word_1_229' title='bbox 343 2560 737 2636; x_wconf 82' lang='lat' dir='ltr'><strong>societatem,</strong></span> <span class='ocrx_word' id='word_1_230' title='bbox 779 2561 1226 2639; x_wconf 83' lang='lat' dir='ltr'><strong>ingeneratque</strong></span> <span class='ocrx_word' id='word_1_231' title='bbox 1256 2562 1315 2622; x_wconf 92' lang='lat' dir='ltr'><strong>in</strong></span> <span class='ocrx_word' id='word_1_232' title='bbox 1351 2562 1561 2639; x_wconf 90' lang='lat' dir='ltr'><strong>primis</strong></span> <span class='ocrx_word' id='word_1_233' title='bbox 1591 2562 1989 2639; x_wconf 87' lang='lat' dir='ltr'><strong>praecipuum</strong></span> <span class='ocrx_word' id='word_1_234' title='bbox 2027 2578 2233 2637; x_wconf 90' lang='lat' dir='ltr'><strong>quem·</strong></span> 
     </span>
     <span class='ocr_line' id='line_1_30' title="bbox 160 2644 2234 2723; baseline -0 -19"><span class='ocrx_word' id='word_1_235' title='bbox 160 2645 300 2704; x_wconf 92' lang='lat' dir='ltr'><strong>dam</strong></span> <span class='ocrx_word' id='word_1_236' title='bbox 356 2660 632 2706; x_wconf 85' lang='lat' dir='ltr'><strong>amorem</strong></span> <span class='ocrx_word' id='word_1_237' title='bbox 685 2644 743 2704; x_wconf 91' lang='lat' dir='ltr'><strong>in</strong></span> <span class='ocrx_word' id='word_1_238' title='bbox 796 2662 938 2719; x_wconf 81' lang='lat' dir='ltr'><strong>eoS,</strong></span> <span class='ocrx_word' id='word_1_239' title='bbox 1007 2646 1111 2723; x_wconf 91' lang='lat' dir='ltr'><strong>qui</strong></span> <span class='ocrx_word' id='word_1_240' title='bbox 1152 2645 1461 2722; x_wconf 89' lang='lat' dir='ltr'><strong>procreati</strong></span> <span class='ocrx_word' id='word_1_241' title='bbox 1504 2654 1677 2720; x_wconf 90' lang='lat' dir='ltr'><strong>sunt,</strong></span> <span class='ocrx_word' id='word_1_242' title='bbox 1734 2644 2108 2722; x_wconf 80' lang='lat' dir='ltr'><strong>impellitque</strong></span> <span class='ocrx_word' id='word_1_243' title='bbox 2166 2650 2234 2704; x_wconf 91' lang='lat' dir='ltr'><strong>ut</strong></span> 
     </span>
     <span class='ocr_line' id='line_1_31' title="bbox 156 2726 2235 2791; baseline -0 -3"><span class='ocrx_word' id='word_1_244' title='bbox 156 2726 470 2789; x_wconf 88' lang='lat' dir='ltr'><strong>hominum</strong></span> <span class='ocrx_word' id='word_1_245' title='bbox 507 2735 723 2790; x_wconf 87' lang='lat' dir='ltr'><strong>coetus</strong></span> <span class='ocrx_word' id='word_1_246' title='bbox 763 2736 826 2791; x_wconf 90' lang='lat' dir='ltr'><strong>et</strong></span> <span class='ocrx_word' id='word_1_247' title='bbox 862 2730 1310 2791; x_wconf 87' lang='lat' dir='ltr'><strong>celebrationes</strong></span> <span class='ocrx_word' id='word_1_248' title='bbox 1355 2738 1417 2791; x_wconf 90' lang='lat' dir='ltr'><strong>et</strong></span> <span class='ocrx_word' id='word_1_249' title='bbox 1453 2746 1596 2791; x_wconf 92' lang='lat' dir='ltr'><strong>esse</strong></span> <span class='ocrx_word' id='word_1_250' title='bbox 1632 2737 1693 2791; x_wconf 91' lang='lat' dir='ltr'><strong>et</strong></span> <span class='ocrx_word' id='word_1_251' title='bbox 1723 2746 1761 2790; x_wconf 85' lang='lat' dir='ltr'><strong>a</strong></span> <span class='ocrx_word' id='word_1_252' title='bbox 1800 2746 1871 2791; x_wconf 91' lang='lat' dir='ltr'><strong>se</strong></span> <span class='ocrx_word' id='word_1_253' title='bbox 1904 2728 2059 2791; x_wconf 92' lang='lat' dir='ltr'><strong>obiri</strong></span> <span class='ocrx_word' id='word_1_254' title='bbox 2087 2729 2235 2788; x_wconf 81' lang='lat' dir='ltr'><strong>velit</strong></span> 
     </span>
     <span class='ocr_line' id='line_1_32' title="bbox 156 2812 2234 2891; baseline 0.001 -20"><span class='ocrx_word' id='word_1_255' title='bbox 156 2812 229 2872; x_wconf 93' lang='lat' dir='ltr'><strong>ob</strong></span> <span class='ocrx_word' id='word_1_256' title='bbox 277 2827 516 2888; x_wconf 87' lang='lat' dir='ltr'><strong>easque</strong></span> <span class='ocrx_word' id='word_1_257' title='bbox 549 2829 773 2875; x_wconf 90' lang='lat' dir='ltr'><strong>causas</strong></span> <span class='ocrx_word' id='word_1_258' title='bbox 819 2815 1321 2891; x_wconf 84' lang='lat' dir='ltr'><strong>studeat&#39;parare</strong></span> <span class='ocrx_word' id='word_1_259' title='bbox 1352 2832 1455 2890; x_wconf 89' lang='lat' dir='ltr'><strong>ea,</strong></span> <span class='ocrx_word' id='word_1_260' title='bbox 1520 2830 1678 2891; x_wconf 87' lang='lat' dir='ltr'><strong>quae</strong></span> <span class='ocrx_word' id='word_1_261' title='bbox 1728 2813 2234 2891; x_wconf 85' lang='lat' dir='ltr'><strong>suppeditentet</strong></span> 
     </span>
     <span class='ocr_line' id='line_1_33' title="bbox 155 2893 2230 2976; baseline 0.001 -22"><span class='ocrx_word' id='word_1_262' title='bbox 155 2896 229 2955; x_wconf 79' lang='lat' dir='ltr'><strong>ad</strong></span> <span class='ocrx_word' id='word_1_263' title='bbox 259 2897 494 2957; x_wconf 84' lang='lat' dir='ltr'><strong>cultum</strong></span> <span class='ocrx_word' id='word_1_264' title='bbox 536 2903 597 2956; x_wconf 89' lang='lat' dir='ltr'><strong>et</strong></span> <span class='ocrx_word' id='word_1_265' title='bbox 637 2897 717 2957; x_wconf 92' lang='lat' dir='ltr'><strong>ad</strong></span> <span class='ocrx_word' id='word_1_266' title='bbox 748 2896 1006 2972; x_wconf 89' lang='lat' dir='ltr'><strong>victum,</strong></span> <span class='ocrx_word' id='word_1_267' title='bbox 1066 2915 1182 2959; x_wconf 87' lang='lat' dir='ltr'><strong>nee</strong></span> <span class='ocrx_word' id='word_1_268' title='bbox 1213 2896 1329 2959; x_wconf 91' lang='lat' dir='ltr'><strong>sibi</strong></span> <span class='ocrx_word' id='word_1_269' title='bbox 1352 2898 1497 2973; x_wconf 89' lang='lat' dir='ltr'><strong>soli,</strong></span> <span class='ocrx_word' id='word_1_270' title='bbox 1554 2900 1665 2960; x_wconf 90' lang='lat' dir='ltr'><strong>sed</strong></span> <span class='ocrx_word' id='word_1_271' title='bbox 1697 2898 1973 2976; x_wconf 88' lang='lat' dir='ltr'><strong>coniugi,</strong></span> <span class='ocrx_word' id='word_1_272' title='bbox 2024 2893 2230 2959; x_wconf 87' lang='lat' dir='ltr'><strong>liberis</strong></span> 
     </span>
     <span class='ocr_line' id='line_1_34' title="bbox 157 2977 2233 3059; baseline 0 -20"><span class='ocrx_word' id='word_1_273' title='bbox 157 2977 575 3056; x_wconf 86' lang='lat' dir='ltr'><strong>caeterisque,</strong></span> <span class='ocrx_word' id='word_1_274' title='bbox 610 2998 769 3056; x_wconf 91' lang='lat' dir='ltr'><strong>quos</strong></span> <span class='ocrx_word' id='word_1_275' title='bbox 803 2998 985 3042; x_wconf 89' lang='lat' dir='ltr'><strong>caros</strong></span> <span class='ocrx_word' id='word_1_276' title='bbox 1014 2982 1238 3043; x_wconf 84' lang='lat' dir='ltr'><strong>habeat</strong></span> <span class='ocrx_word' id='word_1_277' title='bbox 1265 2984 1545 3059; x_wconf 88' lang='lat' dir='ltr'><strong>tuerique</strong></span> <span class='ocrx_word' id='word_1_278' title='bbox 1577 2984 1814 3045; x_wconf 83' lang='lat' dir='ltr'><strong>debeat.</strong></span> <span class='ocrx_word' id='word_1_279' title='bbox 1887 2984 2056 3057; x_wconf 84' lang='lat' dir='ltr'><strong>Quae</strong></span> <span class='ocrx_word' id='word_1_280' title='bbox 2086 2997 2233 3041; x_wconf 89' lang='lat' dir='ltr'><strong>cura</strong></span> 
     </span>
     <span class='ocr_line' id='line_1_35' title="bbox 156 3062 2229 3145; baseline -0 -23"><span class='ocrx_word' id='word_1_281' title='bbox 156 3062 494 3125; x_wconf 85' lang='lat' dir='ltr'><strong>exsuscitat</strong></span> <span class='ocrx_word' id='word_1_282' title='bbox 527 3063 708 3125; x_wconf 90' lang='lat' dir='ltr'><strong>etiam</strong></span> <span class='ocrx_word' id='word_1_283' title='bbox 740 3064 979 3126; x_wconf 90' lang='lat' dir='ltr'><strong>animos</strong></span> <span class='ocrx_word' id='word_1_284' title='bbox 1019 3074 1079 3126; x_wconf 91' lang='lat' dir='ltr'><strong>et</strong></span> <span class='ocrx_word' id='word_1_285' title='bbox 1110 3064 1377 3127; x_wconf 89' lang='lat' dir='ltr'><strong>maiores</strong></span> <span class='ocrx_word' id='word_1_286' title='bbox 1419 3068 1498 3126; x_wconf 90' lang='lat' dir='ltr'><strong>ad</strong></span> <span class='ocrx_word' id='word_1_287' title='bbox 1543 3085 1668 3128; x_wconf 90' lang='lat' dir='ltr'><strong>rem</strong></span> <span class='ocrx_word' id='word_1_288' title='bbox 1702 3068 2036 3145; x_wconf 89' lang='lat' dir='ltr'><strong>gerendam</strong></span> <span class='ocrx_word' id='word_1_289' title='bbox 2068 3062 2229 3123; x_wconf 80' lang='lat' dir='ltr'><strong>facit.</strong></span> 
     </span>
     <span class='ocr_line' id='line_1_36' title="bbox 161 3145 2232 3228; baseline 0 -24"><span class='ocrx_word' id='word_1_290' title='bbox 161 3145 245 3208; x_wconf 84' lang='lat'><strong>13.</strong></span> <span class='ocrx_word' id='word_1_291' title='bbox 291 3148 362 3207; x_wconf 92' lang='lat' dir='ltr'><strong>In</strong></span> <span class='ocrx_word' id='word_1_292' title='bbox 394 3146 734 3224; x_wconf 88' lang='lat' dir='ltr'><strong>primisque</strong></span> <span class='ocrx_word' id='word_1_293' title='bbox 777 3147 1042 3210; x_wconf 89' lang='lat' dir='ltr'><strong>hominis</strong></span> <span class='ocrx_word' id='word_1_294' title='bbox 1085 3156 1183 3211; x_wconf 90' lang='lat' dir='ltr'><strong>est</strong></span> <span class='ocrx_word' id='word_1_295' title='bbox 1225 3150 1475 3225; x_wconf 93' lang='lat' dir='ltr'><strong>propria</strong></span> <span class='ocrx_word' id='word_1_296' title='bbox 1519 3152 1650 3213; x_wconf 87' lang='lat' dir='ltr'><strong>veri</strong></span> <span class='ocrx_word' id='word_1_297' title='bbox 1692 3149 2001 3228; x_wconf 90' lang='lat' dir='ltr'><strong>inquisitio</strong></span> <span class='ocrx_word' id='word_1_298' title='bbox 2048 3155 2232 3222; x_wconf 87' lang='lat' dir='ltr'><strong>atque</strong></span> 
     </span>
     <span class='ocr_line' id='line_1_37' title="bbox 157 3226 2231 3309; baseline -0.001 -19"><span class='ocrx_word' id='word_1_299' title='bbox 157 3226 567 3307; x_wconf 86' lang='lat' dir='ltr'><strong>investigatio.</strong></span> <span class='ocrx_word' id='word_1_300' title='bbox 638 3234 853 3308; x_wconf 88' lang='lat' dir='ltr'><strong>Itaque</strong></span> <span class='ocrx_word' id='word_1_301' title='bbox 883 3251 1070 3309; x_wconf 89' lang='lat' dir='ltr'><strong>quum</strong></span> <span class='ocrx_word' id='word_1_302' title='bbox 1101 3251 1316 3295; x_wconf 88' lang='lat' dir='ltr'><strong>sumus</strong></span> <span class='ocrx_word' id='word_1_303' title='bbox 1349 3234 1717 3296; x_wconf 89' lang='lat' dir='ltr'><strong>necessariis</strong></span> <span class='ocrx_word' id='word_1_304' title='bbox 1747 3231 2009 3305; x_wconf 82' lang='lat' dir='ltr'><strong>negotiis</strong></span> <span class='ocrx_word' id='word_1_305' title='bbox 2043 3228 2231 3287; x_wconf 89' lang='lat' dir='ltr'><strong>curis-</strong></span> 
     </span>
     <span class='ocr_line' id='line_1_38' title="bbox 161 3309 2229 3393; baseline -0.005 -19"><span class='ocrx_word' id='word_1_306' title='bbox 161 3330 270 3387; x_wconf 86' lang='lat' dir='ltr'><strong>que</strong></span> <span class='ocrx_word' id='word_1_307' title='bbox 301 3315 519 3389; x_wconf 89' lang='lat' dir='ltr'><strong>vacui,</strong></span> <span class='ocrx_word' id='word_1_308' title='bbox 567 3321 694 3377; x_wconf 88' lang='lat' dir='ltr'><strong>tum</strong></span> <span class='ocrx_word' id='word_1_309' title='bbox 738 3333 996 3377; x_wconf 88' lang='lat' dir='ltr'><strong>avemus</strong></span> <span class='ocrx_word' id='word_1_310' title='bbox 1033 3316 1259 3393; x_wconf 87' lang='lat' dir='ltr'><strong>aliquid</strong></span> <span class='ocrx_word' id='word_1_311' title='bbox 1301 3317 1545 3388; x_wconf 89' lang='lat' dir='ltr'><strong>videre,</strong></span> <span class='ocrx_word' id='word_1_312' title='bbox 1600 3313 1844 3381; x_wconf 89' lang='lat' dir='ltr'><strong>audire,</strong></span> <span class='ocrx_word' id='word_1_313' title='bbox 1888 3309 2229 3374; x_wconf 87' lang='lat' dir='ltr'><strong>addiscere,</strong></span> 
     </span>
     <span class='ocr_line' id='line_1_39' title="bbox 160 3384 2228 3475; baseline -0.01 -17"><span class='ocrx_word' id='word_1_314' title='bbox 160 3398 699 3475; x_wconf 71' lang='lat' dir='ltr'><strong>cognitionemque</strong></span> <span class='ocrx_word' id='word_1_315' title='bbox 734 3416 939 3461; x_wconf 90' lang='lat' dir='ltr'><strong>rerum</strong></span> <span class='ocrx_word' id='word_1_316' title='bbox 983 3406 1090 3460; x_wconf 90' lang='lat' dir='ltr'><strong>aut</strong></span> <span class='ocrx_word' id='word_1_317' title='bbox 1123 3401 1500 3461; x_wconf 86' lang='lat' dir='ltr'><strong>occultarum</strong></span> <span class='ocrx_word' id='word_1_318' title='bbox 1541 3404 1645 3456; x_wconf 89' lang='lat' dir='ltr'><strong>aut</strong></span> <span class='ocrx_word' id='word_1_319' title='bbox 1684 3387 2122 3451; x_wconf 74' lang='lat' dir='ltr'><strong>admirabilium</strong></span> <span class='ocrx_word' id='word_1_320' title='bbox 2154 3384 2228 3440; x_wconf 84' lang='lat' dir='ltr'><strong>ad</strong></span> 
     </span>
    </p>
   </div>
  </div>
 </body>
</html>
