2381 3723
681 117 821 175 LIB.
853 117 896 174 1.
946 111 1406 180 CAP.13—15.
1451 125 1503 184 s.
1535 125 1794 179 39—46.
2187 117 2270 182 15

200 266 545 342 benignitas
582 266 661 328 sit
706 283 886 342 quam
922 268 1241 328 facultates
1256 299 1282 340 ‚·
1323 273 1451 328 tum
1477 274 1544 328 ut
1575 284 1689 342 pro
1724 265 2017 342 dignitate
2048 270 2270 346 cuique

202 350 520 412 tribuatur.
609 351 677 410 ld
731 349 892 410 enim
940 357 1040 411 est
1086 349 1353 410 iustitiae
1403 351 1891 424 fundamentum,
1956 352 2035 411 ad
2089 370 2270 429 quam

198 436 354 496 haec
404 433 730 496 referenda
770 439 917 493 sunt
956 433 1180 494 omnia.
1253 430 1403 493 Nam
1445 441 1506 494 et
1549 432 1654 509 qui
1700 435 2121 508 gratificantur
2153 436 2272 496 cui-

202 518 366 594 piam
391 518 562 592 quod
591 514 755 577 obsit
780 515 893 590 illi,
927 518 1025 576 eui
1046 517 1355 591 prodesse
1376 519 1536 577 velle
1553 515 1902 593 videantur,
1936 536 2060 581 non
2090 520 2274 579 bene-

199 600 303 661 fici
342 617 548 676 neque
584 599 903 674 liberales,
962 601 1074 661 sed
1121 598 1452 676 perniciosi
1489 601 1920 663 adsentatores
1965 601 2272 665 iudicandi

199 695 349 746 sunt
395 690 458 744 et
487 683 590 759 qui
617 683 749 744 aliis
783 690 1036 756 nocent,
1087 691 1155 744 ut
1183 682 1245 743 in
1278 683 1432 744 alios
1464 683 1742 746 liberales
1773 685 1897 746 sint
1962 685 2024 746 in
2056 687 2274 747 eadem

198 776 349 829 sunt
371 767 679 840 iniustitia,
711 774 777 828 ut
799 766 854 828 si
874 767 936 828 in
959 784 1131 828 suam
1162 784 1292 827 rem
1317 766 1514 828 aliena
1535 733 1924 831 convertan(
1983 770 2081 831 43.
2118 770 2277 831 Sunt

199 858 410 913 autem
442 851 612 912 multi
643 857 709 911 et
736 850 981 927 quidem
1022 850 1232 926 cupidi
1264 849 1613 927 splendoris
1655 859 1717 911 et
1745 852 1997 929 gloriae,
2030 853 2134 929 qui
2162 850 2273 914 eri-

200 935 380 1013 piunt
424 935 556 996 aliis
589 937 760 1010 quod
807 933 938 996 aliis
978 934 1345 1012 largiantur,
1395 933 1561 1010 iique
1590 934 1958 997 arbitrantur
1987 953 2057 998 se
2086 938 2273 997 bene-

202 1018 383 1080 fieios
417 1018 475 1079 in
509 1036 661 1080 suos
691 1017 924 1080 amicos
962 1018 1160 1080 visum
1190 1016 1293 1091 iri,
1346 1018 1399 1078 si
1428 1019 1808 1094 locupletent
1840 1036 1952 1082 eos
1986 1037 2273 1097 quacum-

206 1120 331 1179 que
356 1101 616 1164 ratione.
706 1103 778 1162 ld
819 1109 1021 1163 autem
1070 1110 1304 1164 tantum
1352 1103 1532 1162 abest
1585 1103 1662 1162 ab
1720 1103 1960 1181 officio,
2020 1112 2088 1165 ut
2128 1103 2271 1164 nihil

204 1185 401 1262 magis
435 1185 640 1247 officio
671 1185 873 1262 possit
915 1202 1059 1247 esse
1101 1184 1494 1247 contrarium.
1564 1185 1917 1247 Videndum
1961 1194 2057 1248 est
2094 1186 2277 1262 igitur

203 1279 272 1331 ut
292 1287 369 1330 ea
390 1270 751 1331 liberalitate
781 1277 1054 1343 utamur,
1087 1287 1249 1346 quae
1280 1269 1481 1345 prosit
1513 1267 1743 1344 amicis,
1776 1278 2001 1331 noceat
2029 1269 2273 1331 nemini.

205 1356 339 1430 Qua
367 1370 437 1414 re
463 1354 530 1413 L.
568 1354 774 1414 Sullae
815 1348 877 1414 Q
920 1353 1200 1415 Caesaris
1244 1352 1642 1430 pecuniarum
1686 1353 2001 1416 translatio
2033 1371 2070 1414 a
2099 1353 2275 1415 iustis

204 1436 472 1500 dominis
521 1438 597 1497 ad
642 1437 879 1499 alienos
921 1454 1046 1498 non
1096 1439 1282 1498 debet
1322 1437 1587 1498 liberalis
1626 1436 1840 1499 videri.
1910 1438 2062 1498 Nihil
2117 1436 2277 1498 enim

204 1528 303 1582 est
347 1522 598 1581 liberale
640 1522 811 1597 quod
853 1538 978 1582 non
1018 1521 1180 1582 idem
1230 1521 1477 1583 iustum.
1563 1522 1665 1582 44.
1714 1521 1890 1583 Alter
1928 1524 2106 1584 locus
2146 1527 2278 1583 erat

204 1604 509 1666 cautionis
552 1621 631 1665 ne
661 1602 1005 1680 benignitas
1048 1603 1244 1667 maior
1280 1612 1451 1667 esset
1482 1623 1663 1680 quam
1707 1606 2054 1681 facultateS,
2107 1606 2275 1681 quod

205 1688 309 1765 qui
341 1687 735 1764 benigniores
768 1691 986 1750 volunt
1029 1706 1172 1751 esse
1207 1706 1389 1765 quam
1426 1706 1528 1750 res
1559 1688 1786 1766 patitur
1814 1690 2074 1767 primum
2107 1689 2167 1748 in
2198 1704 2274 1749 eo

200 1779 497 1849 peccant,
532 1773 701 1847 quod
723 1771 1001 1834 iniuriosi
1030 1772 1256 1844 suntin
1281 1773 1626 1855 proximos,
1692 1773 1853 1847 Quas
1878 1773 2039 1835 enim
2062 1771 2276 1849 copias

201 1855 274 1918 iis
307 1864 372 1917 et
400 1855 784 1933 suppeditari
811 1856 1068 1932 aequius
1100 1865 1199 1918 est
1228 1863 1289 1918 et
1317 1856 1604 1933 relinqui,
1652 1875 1759 1919 eas
1793 1859 2170 1919 transferunt
2197 1856 2276 1915 ad

204 1941 465 2002 alienos.
550 1943 716 2001 Inest
742 1948 946 2001 autem
975 1940 1035 2001 in
1069 1941 1172 2002 tali
1204 1940 1560 2003 liberalitate
1592 1939 1893 2016 cupiditas
1915 1943 2276 2018 plerumque

202 2024 486 2100 rapiendi
519 2032 581 2085 et
616 2024 930 2085 auferendi
966 2042 1079 2101 per
1106 2024 1406 2097 iniuriam,
1441 2030 1510 2085 ut
1541 2024 1620 2083 ad
1650 2022 2027 2098 largiendum
2051 2038 2276 2098 suppe-

205 2114 341 2169 tant
370 2106 607 2184 copiae.
681 2106 914 2168 Videre
951 2107 1130 2169 etiam
1169 2108 1313 2168 licet
1359 2110 1695 2183 plerosque
1736 2122 1859 2167 non
1900 2113 2022 2167 tam
2062 2112 2278 2166 natura

204 2191 491 2252 liberales
522 2206 709 2267 quam
740 2192 1007 2265 quadam
1039 2191 1236 2269 gloria
1267 2192 1519 2265 ductOS,
1551 2197 1618 2252 ut
1645 2190 1908 2252 benefici
1935 2190 2276 2263 videantur,

202 2277 411 2337 facere
453 2273 642 2336 multa
697 2291 857 2351 quae
895 2273 1209 2352 proficisci
1253 2275 1329 2334 ab
1383 2274 1794 2337 ostentatione
1846 2274 2041 2351 magis
2093 2290 2276 2350 quam

204 2376 240 2419 a
288 2360 612 2420 voluntate
658 2358 999 2420 videantur.
1073 2358 1236 2419 Talis
1280 2365 1484 2420 autem
1533 2358 1834 2421 simulatio
1878 2358 2132 2419 vanitati
2183 2364 2279 2417 est

204 2440 592 2504 coniunctior
620 2459 803 2517 quam
834 2451 940 2504 aut
964 2442 1302 2504 liberalitati
1324 2450 1432 2504 aut
1455 2442 1780 2504 honestati.
1868 2443 1970 2503 45.
2011 2439 2277 2502 Tertium

205 2534 300 2587 est
331 2525 740 2603 propositum,
785 2534 854 2588 ut
885 2524 947 2586 in
977 2526 1386 2588 beneficentia
1417 2528 1693 2588 delectus
1726 2534 1897 2587 esset
1937 2523 2274 2602 dignitatis:

202 2609 265 2670 in
295 2626 421 2686 quo
452 2617 519 2672 et
546 2627 753 2672 mores
789 2610 921 2671 eius
953 2619 1131 2672 erunt
1173 2608 1525 2687 spectandi,
1577 2608 1636 2669 in
1685 2625 1867 2685 quem
1908 2607 2277 2669 beneficium

209 2695 592 2769 conferetur,
653 2700 714 2755 et
743 2692 981 2756 animus
1014 2712 1161 2771 erga
1189 2712 1309 2756 nos
1345 2701 1407 2755 et
1450 2691 1855 2754 communitas
1895 2708 1967 2751 ac
2008 2691 2275 2753 societas

204 2775 368 2839 vitae
411 2784 476 2839 et
515 2779 593 2838 ad
645 2781 893 2839 nostras
937 2777 1227 2839 utilitates
1272 2776 1476 2839 officia
1521 2784 1661 2838 ante
1716 2777 1964 2838 collata:
2011 2792 2170 2852 quae
2211 2782 2278 2836 ut

203 2868 577 2923 concurrant
626 2861 858 2936 omnia,
913 2863 1183 2939 optabile
1230 2870 1358 2924 est:
1411 2860 1472 2923 si
1513 2860 1740 2934 minus,
1797 2863 2007 2938 plures
2050 2876 2278 2922 causae

203 2944 600 3022 maioresque
647 2944 942 3021 ponderis
999 2950 1138 3023 plus
1177 2946 1509 3007 habebunt.
1596 2947 1729 3006 XV.
1784 2946 1887 3007 46.
1980 2944 2274 3021 Quoniam

203 3037 409 3091 autem
437 3027 665 3091 vivitur
691 3046 816 3091 non
848 3047 985 3090 cum
1014 3029 1305 3108 perfectis
1333 3028 1679 3092 hominibus
1709 3032 2013 3105 planeque
2038 3028 2276 3104 sapien-

201 3113 395 3186 tibus,
432 3113 546 3174 sed
580 3129 718 3175 cum
746 3113 850 3189 iis,
897 3113 960 3174 in
992 3113 1214 3189 quibus
1246 3116 1560 3192 praeclare
1588 3113 1801 3190 agitur,
1840 3113 1894 3174 si
1924 3120 2067 3173 sunt
2096 3110 2273 3173 simu·

202 3198 371 3258 lacra
392 3196 651 3273 virtutis,
675 3197 855 3259 etiam
875 3199 999 3259 hoc
1022 3197 1480 3275 intelligendum
1504 3205 1672 3275 puto,
1701 3194 2005 3258 nerninem
2030 3193 2275 3256 omnino

204 3297 351 3341 esse
399 3280 832 3358 negligendum
876 3282 936 3342 in
981 3298 1106 3358 quo
1158 3282 1363 3358 aliqua
1403 3280 1766 3358 significatio
1808 3278 2050 3338 virtutis
2091 3291 2277 3368 appa-

201 3373 366 3439 reat,
421 3366 767 3427 colendum«
792 3372 995 3427 autem
1040 3382 1183 3428 esse
1210 3364 1295 3426 ita
1325 3380 1631 3441 quemque
1662 3357 1954 3430 maxime,
2011 3365 2081 3418 ut
2110 3369 2275 3429 quis-
