2381 3723
105 125 192 188 40
913 129 1012 188 DE
1052 129 1371 189 OFFlcuS

112 286 179 339 ut
202 277 275 339 iis
306 278 459 338 baec
489 285 631 354 apta
662 277 814 349 sint,
860 277 1042 338 nobis
1073 278 1391 340 dissoluta.
1464 277 1893 340 Scaenicorum
1924 279 2179 355 quidem

112 379 248 423 mos
278 369 508 422 tantam
538 362 725 422 habet
748 368 954 421 vetere
987 361 1308 436 disciplina
1337 361 1796 435 verecundiam,
1827 363 1971 422 utin
1999 378 2178 426 scae·

111 461 249 505 nam
291 445 425 506 sine
464 445 842 519 subligaculo
890 446 1151 520 prodeat
1192 461 1405 507 nemo:
1445 453 1737 506 verentur
1769 446 1922 506 enim
1955 460 2064 517 ne,
2119 445 2176 508 si
2209 494 2218 500 .

113 546 237 603 quo
281 545 432 589 casu
468 526 746 588 evenerit
775 534 851 587 -ut
888 528 1169 605 corporis
1213 535 1421 605 partes
1467 529 1768 604 quaedam
1806 529 2174 606 aperiantur,

110 610 487 689 aspiciantur
519 626 644 673 non
687 611 934 673 decore.
1004 614 1230 673 Nostro
1265 611 1510 689 quidem
1542 624 1715 674 more
1743 628 1879 673 cum
1912 613 2174 688 parenti-

110 696 228 757 bus
271 696 538 771 puberes
581 693 717 767 filii,
773 709 931 776 cum-
951 694 1188 757 soceris
1226 694 1440 772 generi
1483 703 1610 758 non
1633 698 1938 756 lavantur.
2012 696 2176 757 Reti·

113 779 311 840 nenda
336 777 517 854 igitur
538 784 636 838 est
658 775 838 839 huius
867 779 1113 854 generis
1144 778 1544 852 verecundia,
1569 779 1933 855 praesertim
1956 787 2180 840 natura

109 862 246 938 ipsa
297 860 587 938 magistra
634 867 697 922 et
742 861 920 922 duce.
1006 863 1277 924 XXXVI.
1337 861 1475 922 130.
1565 864 1760 938 Quum
1802 869 2002 923 autem
2045 866 2177 939 pul-

112 944 426 1008 critudinis
470 940 864 1020 duo'genera
898 944 1050 1020 sint,
1103 961 1366 1022 quorum
1404 945 1465 1006 in
1507 949 1698 1007 altero
1740 953 2029 1007 venustas
2073 946 2177 1019 sit,

110 1028 173 1090 in
203 1032 394 1091 altero
440 1028 730 1105 dignitas,
781 1036 1167 1092 venustatem
1188 1029 1555 1091 muliebrem
1599 1031 1826 1090 ducere
1841 1030 2178 1102 debemus,

112 1112 464 1190 dignitatem
485 1111 740 1174 virilem.
815 1113 974 1189 Ergo
1005 1121 1066 1174 et
1090 1130 1128 1173 a
1160 1115 1359 1175 senua
1389 1123 1780 1175 removeatur
1809 1113 2009 1174 omnis
2037 1113 2180 1174 viro

112 1214 236 1259 non
275 1197 497 1274 dignus
533 1203 786 1258 ornatus
834 1204 896 1258 et
924 1197 1064 1258 huie
1101 1196 1299 1258 simile
1326 1196 1536 1258 vitium
1565 1198 1631 1257 -in
1668 1204 1849 1273 gestu
1877 1205 2179 1272 motuque

113 1289 421 1343 caveatur.
491 1282 640 1341 Nam
674 1287 745 1341 et
785 1281 1130 1357 palaestrici
1162 1288 1369 1343 motus
1408 1287 1555 1342 sunt
1591 1297 1783 1358 saepe
1825 1279 2182 1343 odiosiores

113 1373 176 1425 et
202 1364 566 1426 histrionum
595 1378 720 1424 non
750 1363 897 1423 nulli
917 1373 1131 1439 gestus
1158 1363 1405 1441 ineptiis
1435 1381 1560 1425 non
1581 1372 1801 1425 vacant
1829 1373 1890 1425 et
1918 1362 1979 1424 in
2006 1371 2177 1426 utro-

115 1465 236 1524 que
257 1464 513 1523 genere,
541 1463 704 1521 quae
728 1454 872 1507 sunt
891 1455 1061 1509 recta
1083 1456 1144 1508 et
1172 1447 1485 1524 simplicia,
1509 1449 1851 1509 laudantur.
1918 1449 2179 1508 Formae

115 1537 316 1592 autem
355 1529 618 1606 dignitas
663 1529 888 1591 coloris
928 1531 1198 1592 bonitate
1235 1532 1465 1592 tuenda
1507 1539 1633 1605 est,
1685 1533 1859 1592 color
1883 1530 2185 1592 exercita·

113 1613 379 1675 tionibus
431 1612 728 1688 corporis.
809 1612 1174 1676 Adhibenda
1226 1623 1545 1692 praeterea
1586 1614 1875 1676 munditia
1920 1622 2182 1675 estnon

115 1697 335 1759 odiosa
363 1713 567 1772 neque
591 1695 892 1772 exquisita
919 1697 1124 1771 nimis,
1168 1706 1399 1760 tantum
1435 1715 1595 1774 quae
1643 1698 1832 1774 fugiat
1869 1704 2182 1774 agrestem

116 1788 178 1841 et
202 1780 587 1842 inhumanam
616 1778 1058 1856 negligentiam.
1131 1783 1359 1842 Eadem
1390 1783 1541 1843 ratio
1574 1789 1672 1842 est
1692 1782 1972 1842 habenda
1997 1781 2181 1842 vesti-

115 1874 245 1939 tus,
285 1865 345 1926 in
380 1881 535 1942 quo,
579 1864 741 1925 sieut
777 1861 839 1926 in
884 1865 1196 1942 plerisque
1243 1868 1462 1939 rebus,
1510 1866 1900 1927 mediocritas
1949 1866 2184 1940 optima

115 1957 231 2010 est.
323 1950 460 2011 131.
507 1949 858 2009 cavendum
897 1957 1099 2009 autem
1142 1956 1241 2010 est
1273 1965 1352 2010 ne
1391 1958 1498 2011 aut
1528 1950 1906 2011 tarditatibus
1936 1958 2186 2009 utamur
2291 2015 2296 2019 ,

114 2032 176 2093 in
209 2036 490 2110 ingressu
522 2033 932 2107 mollioribuS,
984 2042 1053 2094 ut
1086 2049 1452 2110 pomparum
1492 2033 1735 2094 ferculis
1776 2032 2004 2094 similes
2035 2048 2183 2093 esse

116 2116 464 2188 videamur,
505 2125 610 2176 aut
646 2116 706 2175 in
750 2116 1239 2180 festinationibus
1275 2116 1684 2192 suscipiamus
1724 2115 1939 2177 nimias
1972 2115 2181 2177 celeri·

117 2206 304 2273 tates,
335 2215 495 2274 quae
524 2213 713 2273 quum
748 2201 934 2273 fiunt,
979 2201 1282 2262 anhelitus
1311 2207 1668 2273 moventur,
1710 2202 1916 2261 vultus
1947 2207 2180 2260 mutan-

117 2291 240 2356 tur,
287 2298 397 2343 ora
431 2289 825 2356 torquentur:
879 2300 959 2343 ex
1003 2286 1227 2361 quibus
1265 2300 1487 2359 magna
1535 2283 1898 2361 significatio
1947 2284 2016 2343 fit
2055 2295 2181 2343 non

117 2364 343 2426 adesse
377 2364 798 2425 constantiam.
881 2366 1007 2426 Sed
1050 2370 1241 2429 multo
1276 2366 1458 2428 etiam
1503 2366 1698 2443 magis
1739 2367 2184 2428 elaborandum

117 2458 215 2509 est
259 2464 339 2507 ne
374 2446 559 2508 animi
602 2456 807 2511 motus
848 2466 887 2509 a
924 2457 1145 2523 natura
1182 2451 1506 2512 recedant:
1552 2452 1719 2528 quod
1748 2452 2186 2527 adsequemur,

117 2529 171 2590 si
209 2531 561 2593 cavebimus
594 2548 681 2593 -ne
718 2532 778 2593 in
825 2534 1319 2610 perturbationes
1356 2542 1542 2610 atque
1585 2533 2067 2595 exanimationes
2098 2535 2185 2592 in-

118 2613 392 2677 cidamus
420 2622 526 2690 et,
572 2614 628 2677 si
666 2624 934 2680 attentos
974 2618 1212 2679 animos
1254 2619 1335 2678 ad
1372 2619 1617 2679 decoris
1647 2616 2189 2694 conservationem

121 2698 481 2762 tenebimus.
575 2699 712 2762 132.
761 2702 968 2763 Motus
1021 2708 1228 2763 autem
1279 2701 1621 2762 animorum
1673 2702 1960 2778 'duplices
2018 2709 2188 2772 sunt,

115 2781 290 2843 alteri
329 2782 745 2859 cogitationis,
797 2784 970 2847 alteri
1013 2786 1341 2861 appetitus.
1416 2784 1716 2861 Cogitatio
1765 2784 1826 2845 in
1875 2800 2027 2845 vero
2080 2799 2162 2843 ex

119 2862 415 2939 quirendo
443 2867 704 2929 maxime
746 2876 1058 2943 vomatur,
1099 2868 1418 2947 appetitus
1446 2868 1702 2944 impellit
1731 2869 1811 2928 ad
1856 2867 2188 2944 agendum.

119 2949 459 3010 Curandum
518 2958 617 3012 est
676 2951 856 3028 igitur
911 2960 980 3013 ut
1034 2951 1411 3030 cogitatione
1466 2953 1547 3013 ad
1610 2969 1712 3013 res
1775 2967 1960 3027 quam
2031 2948 2162 3025 opti

117 3049 248 3094 mas
302 3041 571 3109 utamur,
625 3035 961 3112 appetitum
1012 3036 1237 3098 rationi
1279 3036 1711 3098 oboedientem
1754 3036 2189 3112 praebentium

115 3116 412 3179 xxxvu.
451 3119 528 3179 Et
554 3118 845 3195 quoniam
876 3137 1101 3196 magna
1129 3120 1225 3183 vis
1256 3119 1551 3181 orationis
1584 3127 1683 3181 est
1699 3135 1904 3194 eaque
1934 3118 2190 3193 duplex.

115 3200 307 3259 altera
328 3202 777 3274 contentionis,
827 3206 1021 3264 altera
1059 3203 1396 3277 sermonis„
1448 3201 1757 3264 contentio
1793 3199 2191 3277 disceptatio·

117 3279 292 3341 nibus
323 3282 621 3346 tribuatur
658 3285 1054 3359 iudiciorum,
1108 3287 1495 3359 contionum,
1548 3294 1833 3359 senatus,
1885 3299 2090 3346 sermo
2114 3281 2188 3341 -in

118 3362 386 3434 circulis,
438 3366 988 3443 disputationibus,
1037 3369 1583 3445 congressionibus
1628 3366 2005 3428 familiarium
2046 3379 2185 3424 ver-
