2381 3723
164 162 230 213 23
803 148 967 208 cAP.
1002 157 1086 210 18.
1123 157 1209 212 19.
1254 157 1304 216 s.
1340 156 1600 212 63-70.
1832 177 1842 186 ·
2090 114 2231 213 '139

162 301 209 361 Ο
243 298 538 363 miserum
570 315 811 369 senem,
847 298 950 374 qui
986 306 1244 360 mortem
1292 301 1802 361 contemnendam
1834 316 1977 362 esse
2015 299 2075 360 in
2109 309 2229 361 tam

159 388 349 461 longa
379 389 578 444 aetate
608 400 731 444 non
761 380 1009 442 viderit!
1064 400 1222 458 quae
1256 390 1361 454 aut
1389 386 1569 459 plane
1598 381 1974 460 'negligenda
2004 389 2130 457 est,
2183 384 2233 445 si

161 468 417 529 omnino
471 465 803 542 exstinguit
849 465 1143 541 animum,
1201 474 1307 527 aut
1347 467 1525 529 etiam
1573 468 1868 544 optanda,
1931 467 1983 528 si
2026 466 2232 543 aliquo

160 570 301 613 eum
341 549 592 611 deducit
629 550 733 612 ubi
765 550 846 611 sit
888 551 1125 631 iuturus
1166 558 1475 612 aeternus.
1550 551 1739 627 Atqui
1782 549 2023 611 tertium
2068 557 2234 611 certe

160 635 306 695 nibil
348 632 608 694 inveniri
659 641 883 709 potest.
973 634 1070 695 67.
1114 632 1268 709 Quid
1316 633 1495 709 igitur
1533 634 1808 708 timeam,
1861 634 1912 695 si
1965 643 2071 695 aut
2109 651 2230 696 non

161 718 354 779 miser
384 725 534 794 post
572 725 829 778 mortem
872 725 976 779 aut
1013 718 1228 779 beatus
1269 718 1449 778 etiam
1493 721 1730 780 futurus
1772 721 1947 795 sum?
2020 720 2233 795 Quam-

160 819 348 879 quam
383 800 522 876 quis
554 807 651 861 est
679 809 801 861 tam
832 803 1083 873 stultuS‚
1133 801 1411 877 quamvis
1456 802 1534 862 sit
1574 803 1974 875 adolescens,
2029 802 2124 863 cui
2157 803 2235 863 sit

158 888 553 962 exploratum
610 902 681 945 se
724 885 802 944 ad
852 901 1179 960 vesperum
1233 902 1375 945 esse
1422 885 1763 947 victurum?
1852 884 2003 960 Quin
2054 886 2230 946 etiam

157 978 337 1030 aetas
382 968 488 1028 illa
537 970 727 1029 multo
780 970 990 1043 plures
1042 971 1224 1043 quam
1280 974 1493 1031 nostra
1537 968 1749 1029 mortis
1803 986 1986 1030 casus
2028 970 2229 1029 habet.

161 1052 428 1114 Facilius
460 1050 519 1111 in
551 1053 804 1112 morbos
827 1051 1101 1112 incidunt
1124 1053 1587 1125 adolescentes,
1620 1051 1869 1128 gravius
1894 1058 2231 1127 aegrotant,

162 1136 397 1197 tristius
429 1141 736 1197 curantur.
811 1138 1019 1211 Itaque
1051 1135 1231 1211 pauci
1255 1135 1508 1196 veniunt
1532 1132 1610 1195 ad
1635 1142 2033 1207 senectutem,
2067 1137 2233 1209 quod

162 1223 224 1280 ni
248 1220 336 1280 ita
360 1218 685 1292 accideret,
713 1227 775 1280 et
795 1219 1011 1281 melius
1037 1227 1096 1280 et
1120 1219 1485 1295 prudentius
1506 1218 1833 1279 viveretur.
1877 1219 2052 1277 Mens
2076 1217 2232 1277 enim

163 1313 225 1364 et
270 1303 427 1364 ratio
480 1312 542 1363 et
582 1302 899 1364 consilium
939 1303 997 1362 in
1045 1303 1302 1364 senibus
1346 1309 1471 1364 est:
1526 1301 1631 1378 qui
1670 1301 1723 1363 si
1768 1301 1915 1362 nulli
1958 1300 2234 1373 fuissent,

163 1390 372 1448 nullae
402 1385 650 1447 omnino
687 1386 964 1448 civitates
996 1386 1272 1448 fuissent.
1351 1386 1477 1447 Sed
1511 1388 1699 1447 redeo
1731 1388 1809 1446 ad
1840 1379 2094 1447 mortem
2131 1383 2234 1443 im·

162 1471 561 1547 pendentem.
632 1472 807 1545 Quod
848 1477 942 1532 est
986 1470 1132 1532 illud
1183 1469 1410 1531 crimen
1448 1469 1811 1539 senectutis,
1864 1487 2048 1547 quum
2084 1467 2145 1528 id
2180 1466 2232 1528 ei

163 1552 428 1615 videatis
472 1570 608 1614 cum
650 1553 1068 1616 adolescentia
1112 1571 1256 1615 esse
1298 1557 1662 1616 commune?
1747 1552 1846 1615 68.
1894 1554 2075 1616 Sensi
2117 1568 2229 1628 ego

162 1639 223 1698 in
258 1637 491 1712 optimo
522 1637 679 1710 filio,
714 1646 780 1699 tu
808 1638 864 1698 in
903 1637 1276 1714 exspectatis
1313 1640 1390 1699 ad
1415 1638 1849 1715 amplissimam
1885 1637 2229 1715 dignitatem

165 1721 483 1793 fratribuS‚
545 1719 782 1796 ScipiO,
852 1731 1109 1783 mortem
1163 1721 1327 1782 omni
1388 1723 1567 1784 aetati
1625 1739 1768 1784 esse
1827 1738 2232 1784 communem.

169 1810 250 1867 At
287 1811 499 1881 sperat
527 1806 893 1867 adolescens
938 1805 1040 1867 diu
1076 1822 1145 1867 se
1181 1805 1514 1881 victurum,
1569 1808 1735 1882 quod
1781 1821 2034 1882 sperare
2074 1803 2232 1864 idem

168 1906 366 1950 senex
414 1905 536 1949 non
580 1897 806 1965 potest.
880 1888 1245 1967 Insipienter
1287 1898 1514 1966 sperat.
1588 1889 1744 1964 Quid
1788 1887 2232 1949 enim'stultius

169 1990 356 2048 quarn
397 1971 630 2033 incerta
673 1991 783 2049 pro
817 1973 998 2034 certis
1030 1974 1285 2046 habere,
1340 1974 1493 2034 salsa
1523 1990 1638 2048 pro
1672 1972 1877 2032 veris?
1933 1976 2014 2030 At
2043 1985 2234 2029 senex

167 2073 248 2116 ne
270 2056 441 2132 quod
473 2062 683 2133 speret
714 2057 958 2133 quidem
989 2058 1192 2117 habet.
1258 2063 1340 2118 At
1368 2064 1465 2117 est
1487 2073 1562 2116 eo
1596 2054 1847 2115 meliore
1872 2051 2235 2114 condicione

169 2156 355 2216 quam
385 2140 786 2214 adolescens,·
835 2158 1017 2215 quum
1053 2141 1143 2215 id,
1189 2141 1358 2215 quod
1390 2139 1491 2199 ille
1530 2146 1768 2215 sperat,
1811 2137 1907 2197 hic
1941 2151 2211 2198 consecu

169 2231 269 2284 tus
295 2230 410 2283 est.
486 2225 590 2283 Ille
621 2226 751 2285 vult
780 2224 883 2285 diu
908 2223 1146 2297 vivere,
1183 2224 1283 2283 hic
1311 2223 1412 2284 diu
1436 2222 1605 2284 vixit.
1695 2223 1795 2285 69.
1841 2223 2235 2297 Quamquam,

99 2344 104 2349 -
169 2325 206 2367 o
248 2306 308 2366 di
355 2305 530 2367 boni!
594 2308 740 2382 quid
781 2318 875 2369 est
908 2307 967 2368 in
1019 2307 1280 2368 hominis
1330 2307 1452 2367 vita
1496 2307 1639 2369 diu?
1708 2308 1799 2368 Da
1833 2306 1992 2367 enim
2027 2317 2236 2380 supre-

171 2407 334 2450 mum
376 2398 651 2466 tempus,
721 2400 1156 2467 exspectemus
1217 2390 1662 2453 Tartessiorum
1719 2390 1882 2466 regis
1943 2395 2234 2449 aetatem:

169 2474 282 2534 suit
333 2473 526 2552 enim,
580 2485 649 2534 ut
702 2474 995 2551 scriptum
1045 2474 1260 2548 video,
1321 2474 1780 2550 Arganthonius
1828 2473 2099 2568 quidam..
2127 2471 2237 2531 Ga

170 2557 383 2630 dibuS,
458 2556 559 2633 qui
623 2557 933 2633 octoginta
997 2566 1363 2633 regnaverat
1426 2575 1655 2630 annoS‚
1729 2566 1969 2617 centum
2028 2551 2237 2629 viginti

167 2639 439 2700 vixerat·
501 2642 615 2702 sed
646 2640 787 2702 mihi
826 2659 905 2702 ne
938 2641 1286 2703 diuturnum
1322 2639 1567 2716 quidem
1611 2639 1941 2716 quidquam
1984 2637 2236 2707 videtur,

168 2723 226 2784 in
259 2740 384 2800 quo
411 2731 508 2784 est
544 2723 772 2800 aliquid
817 2732 1175 2786 extremum.
1256 2727 1447 2801 Quum
1493 2722 1654 2784 enim
1696 2722 1754 2782 id
1788 2718 2063 2791 advenit,
2114 2727 2238 2780 tum

169 2808 351 2880 illud,
384 2809 553 2882 quod
584 2807 927 2884 praeteriit,
960 2808 1230 2884 effluxit,
1259 2816 1492 2869 tantum
1519 2814 1794 2868 remanet
1822 2805 1990 2881 quod
2019 2802 2242 2865 virtute

169 2899 232 2952 et
262 2898 432 2951 recte
461 2891 642 2952 factis
675 2900 1047 2954 consecutus
1080 2892 1200 2954 sis.
1241 2894 1432 2955 horae
1476 2890 1722 2966 quidem
1748 2892 1974 2952 cedunt
2006 2896 2068 2951 et
2109 2888 2241 2948 dics

171 2982 233 3035 et
261 2991 511 3036 menses
542 2984 604 3036 et
633 2976 802 3049 anni,
848 2993 963 3037 nec
991 2976 1383 3073 prae-teritum
1428 2983 1670 3051 tempus
1709 2992 1997 3073 umquam
2039 2988 2239 3032 rever

171 3057 315 3118 titur
345 3075 463 3119 nec
496 3059 644 3133 quid
680 3067 978 3135 sequatur
1011 3059 1150 3120 sciri
1187 3068 1415 3137 potest.
1484 3061 1661 3135 Quod
1695 3060 1914 3136 cuique
1951 3051 2240 3130 temporis

171 3142 250 3201 ad
281 3141 614 3204 vivendum
658 3143 860 3217 datur,
904 3160 980 3204 eo
1028 3145 1215 3204 debet
1256 3160 1399 3204 esse
1444 3151 1790 3206 contentus.
1880 3141 1980 3199 70.
2031 3139 2244 3210 Neque

175 3224 332 3284 cnim
371 3224 685 3299 histrioni,
743 3234 810 3287 ut
841 3230 1111 3303 placeat,
1166 3227 1524 3303 peragenda
1553 3228 1759 3287 sabula
1791 3231 1919 3300 est,
1974 3218 2238 3281 modom

176 3325 571 3386 quocumque
619 3309 800 3370 suerit
829 3318 969 3371 actu
1010 3311 1335 3387 probetur,
1378 3327 1582 3404 neque
1627 3305 1889 3392 sapienti
1927 3321 2127 3379 usque
2169 3303 2242 3359 ad

174 3392 520 3454 ‘Plaudite’
558 3392 927 3453 veniendum
959 3402 1071 3455 est.
1147 3395 1349 3453 Breve
1382 3392 1540 3452 enim
1573 3400 1817 3466 tempus
1848 3379 2064 3447 aetatis
2097 3381 2243 3442 satis
