2381 3723
104 123 185 186 38
908 130 1012 188 DE
1047 128 1366 189 OFFICIIS

105 277 321 351 fidem,
366 277 814 351 liberalitatem,
847 278 1240 353 modestiam,
1282 278 1765 354 temperantiam,
1812 298 1936 356 quo
1969 279 2174 342 minus

104 361 181 420 ab
213 379 287 422 eo
324 360 415 435 id,
467 362 635 437 quod
679 360 866 434 desit,
921 362 1278 438 requiratur.
1353 362 1593 438 Optima
1631 370 1831 424 autem
1861 363 2173 426 hereditas

103 461 137 502 a
167 443 441 520 patribus
476 444 735 505 traditur
775 444 981 506 liberis
1025 446 1314 522 omnique
1351 445 1713 522 patrimonio
1763 448 2175 523 praestantior

102 526 568 614 gloriaiyirtutis
608 543 938 603 rerumque
969 537 1314 603 gestarum,
1360 528 1455 589 cui
1488 530 1779 592 dedecori
1821 548 1965 593 esse
1995 532 2171 592 nefas

102 619 162 671 et
191 609 394 670 vitium
428 610 816 672 iudicandum
849 619 963 673 est.

226 696 498 754 XXXIV.
554 694 685 753 12⁶2.
774 696 846 785 Β)
876 696 1159 771 quoniam
1194 695 1398 757 officia
1428 714 1550 758 non
1576 699 1791 758 eadem
1817 684 2171 774 disparibus

102 777 406 839 aetatibus
448 777 794 838 tribuuntur
840 779 1080 856 aliaque
1119 788 1262 840 sunt
1304 780 1619 854 iuvenum,
1678 782 1792 842 alia
1836 781 2170 854 seniorum,

101 860 330 937 aliquid
370 860 549 922 etiam
587 863 665 922 de
706 862 820 923 hac
863 862 1251 925 distinctione
1288 864 1611 925 dicendum
1654 871 1766 926 est.
1838 866 1949 926 Est
1988 865 2175 939 igitur
2237 880 2247 895 ·

101 945 517 1007 adolescentis
550 944 814 1008 maiores
844 951 990 1008 natu
1021 947 1219 1007 vereri
1250 964 1455 1024 exque
1491 947 1563 1009 iis
1600 949 1868 1025 deligere
1902 948 2170 1023 optimos

102 1034 165 1088 et
193 1029 696 1106 probatissimOS,
733 1047 995 1105 quorum
1027 1030 1284 1093 consilio
1308 1038 1492 1107 atque
1520 1034 1880 1093 auctoritate
1913 1032 2169 1092 nitatur:

102 1112 368 1176 ineuntis
402 1113 560 1175 enim
593 1113 810 1176 aetatis
842 1113 1079 1176 inscitia
1110 1130 1323 1177 senum
1358 1115 1786 1177 constituenda
1814 1122 1876 1177 et
1897 1117 2172 1192 regenda

103 1197 427 1273 prudentia
445 1206 559 1260 est.
597 1198 862 1259 Maxime
885 1207 1086 1259 autem
1110 1199 1184 1258 ha
1194 1215 1265 1258 ec
1284 1207 1453 1260 actas
1476 1215 1514 1259 a
1535 1199 1880 1260 libidinibus
1900 1200 2172 1260 arcenda

104 1288 200 1342 est
228 1283 699 1358 exercendaque
742 1282 800 1342 in
843 1283 1056 1343 labore
1102 1282 1515 1358 patientiaque
1554 1290 1615 1344 et
1643 1283 1825 1345 animi
1856 1293 1920 1344 et
1947 1300 2171 1359 corpo·

104 1363 220 1438 riS,
263 1374 332 1426 ut
359 1383 574 1427 eorum
613 1365 763 1426 etin
794 1365 1027 1426 bellicis
1070 1365 1219 1427 etin
1261 1366 1537 1427 civilibus
1572 1366 1790 1429 officiis
1829 1366 2034 1443 vigeat
2084 1366 2169 1426 in·

104 1448 358 1509 dustria.
435 1453 643 1524 Atque
693 1448 904 1524 etiam,
959 1467 1146 1525 quum
1200 1452 1477 1511 relaxare
1517 1451 1753 1513 animos
1808 1459 1868 1512 et
1904 1451 2054 1511 dare
2099 1467 2171 1511 se

104 1531 462 1592 iucunditati
485 1533 722 1604 volent,
749 1541 1009 1594 caveant
1030 1534 1571 1609 intemperantiam,
1597 1533 1976 1596 meminerint
1998 1551 2157 1594 vere·

106 1614 393 1690 cundiae,
440 1615 607 1691 quod
643 1615 757 1675 erit
785 1615 1052 1690 saciliuS,
1105 1617 1158 1677 si
1203 1617 1261 1678 in
1307 1618 1439 1679 eius
1483 1619 1646 1679 modi
1690 1618 1932 1694 quidem
1978 1618 2170 1679 rebus

107 1698 367 1760 maiores
399 1705 544 1759 natu
579 1699 1128 1761 volentintercsse.
1174 1718 1178 1722 ·
1213 1700 1348 1762 123.
1394 1700 1658 1764 Senibus
1691 1708 1893 1762 autem
1919 1701 2169 1762 labores

107 1780 386 1859 corporis
416 1781 754 1857 minuendi,
813 1782 1283 1845 exercitationes
1311 1783 1490 1845 animi
1521 1785 1699 1846 etiam
1730 1786 2048 1861 augendae
2082 1784 2163 1844 vi·

106 1868 356 1929 dentur:
412 1868 613 1928 danda
670 1884 819 1929 vero
849 1884 1039 1944 opera
1087 1877 1155 1929 ut
1200 1879 1259 1930 et
1310 1868 1541 1931 amicos
1582 1879 1645 1932 et
1689 1870 2060 1932 iuventutem
2107 1877 2168 1929 et

107 1951 365 2013 maxime
396 1968 521 2013 rem
560 1951 862 2029 publicam
897 1951 1154 2013 consilio
1193 1960 1255 2013 et
1276 1953 1600 2028 prudentia
1631 1971 1813 2031 quam
1843 1953 2166 2030 plurimum

104 2035 410 2098 adiuvent.
487 2036 639 2097 Nihil
671 2045 873 2098 autem
903 2035 1096 2112 magis
1141 2037 1484 2098 cavendum
1519 2045 1614 2099 est
1646 2038 1945 2100 senectuti
1982 2053 2165 2113 quam

107 2135 185 2179 ne
242 2120 519 2195 languori
580 2137 651 2180 se
712 2120 1110 2196 desidiaeque
1161 2121 1363 2181 dedat.
1452 2121 1720 2182 Luxuria
1765 2138 1913 2182 vero
1978 2137 2166 2195 quum

107 2202 270 2262 omni
299 2202 482 2263 aetati
514 2203 708 2279 turpis
742 2211 869 2264 tum
902 2204 1203 2266 senectuti
1234 2203 1591 2265 foedissima
1637 2214 1749 2266 est.
1824 2204 1927 2266 Sin
1962 2210 2165 2264 autem

104 2284 282 2345 etiam
330 2284 639 2346 libidinum
682 2285 1147 2361 intemperantia
1194 2286 1487 2361 accessit,
1537 2289 1764 2366 duplex
1795 2290 2017 2348 malum
2048 2294 2166 2359 est,

105 2370 273 2443 quod
306 2375 367 2429 et
408 2367 548 2443 ipsa
578 2377 866 2431 senectus
899 2371 1170 2432 dedecus
1215 2371 1483 2448 concipit
1526 2380 1589 2435 et
1626 2372 1768 2434 facit
1809 2373 2166 2432 adolescen-

106 2450 250 2511 tium
272 2451 779 2528 impudentiorem
801 2453 1347 2530 intemperantiam.
1444 2456 1578 2516 124.
1624 2458 1713 2516 Ac
1746 2474 1823 2516 ne
1849 2455 1992 2516 illud
2037 2452 2166 2528 qui-

106 2535 243 2594 dem
272 2535 538 2597 alienum
580 2543 704 2610 cst,
747 2539 825 2599 de
857 2539 1348 2615 magistratuum,
1392 2542 1469 2600 de
1500 2539 1874 2617 privatorum
1918 2537 2164 2609 civium,

104 2620 181 2679 de
213 2619 669 2696 peregrinorum
695 2621 915 2684 officiis
955 2621 1181 2684 dicere.
1207 2665 1213 2670 -
1257 2625 1370 2684 Est
1401 2624 1580 2699 igitur
1607 2623 1916 2700 proprium
1944 2638 2166 2681 munus

105 2706 494 2779 magistratus
529 2705 865 2781 intelligere
905 2724 974 2767 se
1007 2722 1224 2782 gerere
1253 2723 1582 2784 personam
1620 2705 1877 2768 civitatis
1911 2705 2167 2765 debere-

103 2803 223 2861 que
267 2787 398 2848 eius
428 2788 780 2864 dignitatem
823 2797 885 2850 et
914 2792 1105 2851 decus
1135 2790 1470 2863 sustinere,
1525 2807 1774 2853 servare
1804 2792 1993 2865 leges,
2033 2789 2166 2848 iura

103 2869 480 2943 describere,
535 2888 608 2933 ea
638 2872 781 2933 fidei
823 2890 974 2934 suae
1024 2873 1353 2935 commissa
1404 2874 1770 2936 meminisse.
1854 2872 2165 2934 Privatum

108 2959 304 3014 autem
338 2962 583 3030 oportet
613 2973 814 3032 aequo
846 2964 907 3018 et
940 2957 1072 3033 pari
1112 2975 1250 3019 cum
1281 2957 1515 3020 civibus
1547 2958 1678 3019 iure
1708 2957 1918 3018 vivere
1958 2972 2165 3031 neque

108 3037 476 3100 submissum
512 3046 574 3099 et
601 3040 903 3102 abiectum
938 3058 1141 3117 neque
1173 3059 1243 3103 se
1276 3042 1664 3115 efferentem,
1703 3049 1830 3102 tum
1860 3040 1918 3100 in
1956 3056 2024 3101 re
2052 3056 2166 3116 pu-

104 3119 258 3182 blica
286 3138 362 3182 ea
395 3123 582 3195 velle,
636 3140 795 3198 quae
830 3124 1154 3199 tranquilla
1196 3132 1260 3187 et
1285 3125 1545 3187 honesta
1581 3123 1736 3186 sint:
1781 3125 1963 3185 talem
2000 3120 2164 3183 enim

101 3205 373 3265 solemus
403 3211 467 3266 et
506 3206 733 3266 sentire
765 3205 994 3267 bonum
1038 3207 1232 3268 civem
1265 3218 1324 3269 et
1354 3209 1576 3270 dicere.
1670 3207 1806 3268 125.
1849 3204 2165 3281 Peregrini

100 3293 300 3346 autem
343 3292 529 3362 atque
569 3289 808 3348 incolae
851 3291 1116 3351 osticium
1159 3291 1429 3352 estnihil
1460 3300 1705 3367 praeter
1744 3307 1923 3352 suum
1974 3305 2165 3364 nego·

102 3366 247 3428 tium
281 3384 482 3443 agere,
514 3369 658 3429 nihil
691 3370 768 3429 de
796 3370 913 3432 alio
949 3372 1274 3448 anquirere
1310 3374 1672 3451 minimeque
1702 3389 1845 3434 esse
1871 3372 1930 3432 in
1961 3369 2164 3433 aliena
