2381 3723
148 129 272 193 212
933 133 1436 193 FRAGMENTA.
2157 146 2232 199 22

274 285 406 359 Qua
450 301 519 345 re
562 301 751 361 quum
793 282 957 345 hu‘nc
996 285 1267 361 populus
1301 286 1618 346 Romanus
1667 284 1903 346 videret
1934 292 1995 345 et
2038 304 2226 361 quum

150 386 186 427 a
238 366 495 429 tribunis
550 366 747 445 plebis
803 367 1133 429 doceretur
1183 411 1527 440 .........
1591 366 1709 429 nisi
1760 384 1962 444 poena
2017 385 2228 430 acces-

150 451 336 512 sisset
392 449 450 512 in
506 451 842 525 divisoreS,
911 449 1176 511 exstinct
1229 494 1799 515 ..............
1853 454 1976 513 ullo
2035 453 2224 514 modo

150 551 343 611 posse
386 582 401 608 ,
435 536 632 611 legem
662 536 822 594 hanc
852 532 1112 595 Cornelii
1140 533 1485 610 flagitabat,
1523 534 1713 609 illam,
1747 552 1906 610 quae
1934 553 2013 596 ex
2048 552 2228 598 sena·

151 625 248 678 tus
304 619 588 690 consulto
641 619 979 690 ferebatur,
1031 617 1423 695 repudiabat,
1479 618 1667 694 idque
1722 617 1883 691 iure,
1942 628 2011 679 ut
2058 620 2228 680 docti

150 718 365 762 sumus
397 702 657 763 duorum
683 703 1006 763 consulum
1038 699 1499 777 designatorum
1531 701 1889 763 calamitate.

708 862 774 900 ET
813 862 999 900 EADEM
1037 862 1105 900 m:
1145 862 1217 900 RE
1257 862 1465 902 PAULLO
1508 862 1663 901 POST.

279 953 376 1013 19.
417 952 496 1013 Ut
526 954 951 1028 spectaculum
989 952 1139 1014 illud
1172 954 1459 1027 [duorum
1508 954 1970 1028 designatorum
2000 967 2224 1014 consu-

150 1038 271 1098 lum
304 1034 677 1110 calamitate]
720 1052 788 1097 re
826 1044 888 1097 et
915 1045 1194 1111 tempore
1237 1038 1484 1098 salubre
1517 1054 1588 1098 ac
1621 1035 2068 1109 necessarium,
2119 1052 2224 1111 ge-

152 1137 299 1181 nere
332 1126 395 1180 et
423 1121 707 1194 exemplo
740 1120 1028 1182 miserum
1058 1136 1131 1181 ac
1161 1123 1473 1183 funestum
1505 1120 1875 1181 videremus.

275 1203 378 1265 20.
434 1202 589 1278 Quid
631 1220 748 1278 ego
791 1220 956 1265 nunc
993 1203 1102 1265 tibi
1145 1204 1521 1280 argumentis
1571 1204 1985 1280 respondeam
2028 1218 2224 1278 posse

150 1287 280 1348 fieri
324 1295 391 1349 ut
431 1286 586 1348 alius
638 1287 856 1362 aliquis
899 1288 1217 1350 Cornelius
1269 1287 1376 1361 sit,
1437 1287 1542 1364 qui
1591 1287 1821 1347 habeat
1854 1285 2223 1346 Philerotem

149 1374 315 1447 †res
365 1372 615 1445 vulgare
667 1387 888 1432 nomen
944 1388 1088 1433 csse
1143 1371 1495 1445 Philerotis,
1557 1370 1877 1432 Cornelios
1935 1385 2084 1429 vero
2138 1368 2224 1428 ita

152 1456 405 1527 multOS,
441 1460 507 1514 ut
537 1453 654 1513 iam
687 1454 866 1514 etiam
899 1454 1224 1531 collegium
1254 1454 1648 1517 constitutum
1683 1453 1781 1515 si‘t.

276 1537 376 1597 21.
419 1540 504 1596 At
534 1536 692 1597 enim
729 1538 984 1600 extremi
1014 1555 1087 1599 ac
1110 1537 1444 1601 difficillimi
1472 1537 1767 1614 temporis
1793 1551 2008 1598 vocem
2039 1536 2220 1609 illam,

152 1623 213 1680 C.
250 1619 519 1692 Corneli,
577 1623 892 1681 consulem
936 1619 1171 1684 mittere
1212 1621 1498 1699 coegisti,
1552 1620 1657 1698 qui
1702 1637 1829 1681 rem
1866 1618 2219 1697 [publicam]

150 1706 383 1765 salvam
416 1720 560 1764 esse
589 1705 846 1779 vellent,
882 1713 953 1766 ut
981 1706 1060 1765 ad
1090 1708 1288 1782 legem
1319 1704 1735 1781 accipiendam
1766 1705 2075 1765 adessent.

275 1786 376 1847 22.
422 1791 582 1848 Ante
611 1795 856 1850 vestros
881 1806 1079 1851 annos
1106 1799 1362 1868 propter
1382 1789 1542 1851 illius
1569 1786 1792 1849 tribuni
1818 1787 2010 1864 plebis
2037 1795 2219 1848 teme-

154 1871 386 1933 ritatem
413 1889 605 1948 posse
639 1873 891 1949 adduci,
924 1883 992 1936 ut
1023 1875 1271 1936 omnino
1306 1915 1919 1934 ...............
1953 1888 2031 1932 ne
2060 1871 2219 1933 illius

150 1963 457 2034 potestate
486 1957 902 2019 abalienemur
934 1956 1037 2032 qui
1065 1961 1464 2020 restituerunt
1483 1973 1616 2018 cam
1646 1962 2046 2034 potestatem,
2077 1956 2221 2015 alte-

149 2059 283 2102 rum
317 2040 458 2100 nihil
480 2059 668 2102 unum
692 2059 886 2118 posse
916 2050 1133 2104 contra
1160 2044 1415 2114 multos,
1448 2043 1706 2102 alterum
1734 2041 1918 2115 longe
1942 2039 2184 2099 abesse.

273 2122 374 2184 23.
427 2125 620 2184 Tanta
664 2125 847 2199 igitur
895 2125 953 2186 in
997 2125 1114 2186 illis
1155 2126 1349 2187 virtus
1404 2125 1544 2199 fuit,
1606 2131 1674 2184 ut
1704 2140 1865 2184 anno
1910 2139 2035 2182 xv1.
2077 2127 2225 2198 post

151 2224 330 2283 reges
367 2214 623 2268 exactos
660 2215 915 2284 propter
952 2208 1196 2270 nimiam
1240 2208 1716 2270 dominationem
1760 2206 2096 2284 potentium
2129 2221 2224 2266 se·

150 2292 472 2361 cederent,
526 2291 696 2364 leges
737 2299 1013 2353 sacratas
1052 2293 1171 2366 ipsi
1211 2292 1327 2353 sibi
1371 2292 1794 2363 restituerent,
1849 2291 2008 2350 duos
2040 2289 2224 2349 tribu·

149 2390 267 2433 nos
300 2379 609 2446 crearent,
642 2381 910 2434 montem
939 2374 1106 2436 illum
1136 2382 1309 2437 trans
1341 2375 1668 2447 Anienem,
1707 2373 1810 2450 qui
1832 2373 2017 2434 hodie
2041 2373 2225 2433 Mons

152 2456 344 2517 Sacer
391 2455 768 2530 nominatur,
832 2457 894 2518 in
959 2474 1081 2533 quo
1141 2459 1355 2519 armati
1421 2459 1865 2529 consederant,
1935 2462 2228 2517 aeternae

151 2538 484 2599 memoriae
528 2555 717 2601 causa
768 2549 1224 2603 consecrarent.
1312 2545 1524 2617 Itaque
1582 2539 1902 2616 auspicato
1965 2546 2224 2616 postero

150 2640 311 2685 anno
344 2628 453 2696 [x]
485 2623 707 2685 tribuni
735 2625 931 2702 plebis
963 2623 1229 2687 comitiis
1268 2626 1515 2686 curiatis
1546 2624 1733 2685 creati
1765 2630 1928 2685 sunt.

276 2706 377 2766 24.
421 2709 573 2771 Tum
613 2707 972 2784 interposita
1009 2709 1132 2769 fide
1175 2725 1288 2786 per
1320 2718 1447 2770 tres
1488 2710 1756 2784 legatos,
1809 2702 2226 2782 amplissimos

152 2790 350 2862 vir08‚
409 2793 661 2852 Romam
716 2792 927 2853 armati
968 2799 1375 2853 revertuntur.
1450 2793 1517 2852 In
1564 2790 1872 2851 Aventino
1926 2789 2228 2850 consede-

150 2880 321 2934 runt:
391 2874 533 2933 inde
584 2875 796 2936 armati
849 2875 908 2936 in
962 2875 1323 2951 Capitolium
1370 2881 1704 2946 venerunt,
1770 2875 1983 2933 decem
2039 2871 2228 2932 tribu-

151 2973 268 3018 nos
328 2955 523 3032 plebis
558 2973 669 3032 per
708 2958 1090 3034 pontificem,
1157 2960 1324 3035 quod
1372 2958 1765 3035 magistratus
1819 2958 2025 3016 nullus
2074 2962 2227 3028 erat,

151 3047 533 3102 creaverunt.

275 3122 472 3184 Etiam
526 3124 679 3183 haec
742 3125 1085 3188 recentiora
1144 3132 1498 3203 praetereo:
1564 3140 1793 3202 ponam
1862 3121 2229 3217 principium

153 3204 519 3266 iustissimae
558 3207 887 3282 libertatis,
941 3207 1244 3283 Cassiam,
1298 3226 1420 3286 qua
1470 3209 1608 3284 lege
1656 3205 2089 3283 suffragiorum
2131 3205 2228 3266 vis

155 3292 554 3428 gotestatsque
586 3290 939 3365 convaluit,
961 3295 1211 3354 alteram
1244 3292 1543 3368 Cassiam,
1578 3307 1740 3369 quae
1762 3291 1977 3367 populi
2000 3285 2232 3350 iudicia

200 3382 389 3426 rmav1
