2381 3723
114 138 229 200 134
464 138 662 199 CATO
696 137 947 201 MAIOR
976 138 1076 197 DE
1110 137 1555 198 SENECTUTE
1590 139 1821 198 Lmen
1906 96 1913 107 ’
2122 147 2181 200 ιε

109 293 223 352 bus
257 306 375 366 ego
420 286 857 349 incredibiliter
891 289 1195 362 delector,
1254 306 1412 364 quae
1453 304 1569 349 nec
1600 291 1720 349 ulla
1769 286 2182 364 impediuntur

109 380 427 435 senectute
458 381 518 434 et
547 372 688 432 mihi
721 373 797 431 ad
834 371 1128 447 sapientis
1163 371 1349 432 vitam
1384 371 1663 447 proxime
1692 371 1977 432 videntur
2010 388 2177 432 acce

107 460 273 518 dere.
347 458 590 517 Habent
643 455 802 517 enim
854 454 1151 517 rationem
1203 472 1339 515 cum
1394 464 1587 528 terra,
1643 472 1802 531 quae
1852 472 2181 531 numquam

109 548 356 602 recusat
382 539 704 618 imperium
728 555 843 604 nec
873 548 1158 615 umquam
1190 539 1539 601 sine.usura
1569 540 1772 600 reddit
1809 541 1978 614 quod
2008 556 2182 601 acce-

108 624 226 701 pit,
255 625 367 684 sed
393 624 541 683 alias
566 623 833 696 minore,
855 625 1219 699 plerumque
1245 623 1476 686 maiore
1509 640 1646 684 cum
1668 625 1901 685 fenore.
1968 625 2183 698 Quam·

110 724 291 783 quam
324 724 419 767 me
451 706 696 782 quidem
728 723 850 767 non
884 709 1119 768 fructus
1152 709 1370 780 mod0,
1403 708 1516 768 sed
1548 706 1726 768 etiam
1759 706 1953 782 ipsius
1987 715 2185 767 terrae

108 791 200 851 vis
230 808 302 851 ac
340 797 555 850 natura
587 792 867 852 delectat.
952 792 1118 867 Quae
1168 808 1355 867 quum
1401 790 1632 866 gremio
1664 790 1893 852 mollito
1940 807 2011 850 ac
2045 791 2186 851 sub·

109 882 246 935 acto
293 892 579 952 sparsum
613 892 823 935 semen
865 875 1138 951 excepit,
1190 874 1452 951 primum
1494 875 1557 935 id
1590 882 1985 936 occaecatum
2022 873 2186 935 cohi·

108 959 238 1034 bet,
272 976 349 1019 ex
382 976 502 1034 quo
544 957 853 1020 ‘occatio’
889 975 1046 1033 quae
1074 959 1195 1020 hoc
1229 958 1418 1020 efficit
1448 958 1759 1020 nominata
1790 965 1916 1032 est,
1961 958 2186 1018 deinde

107 1045 478 1118 tepefactum
529 1060 761 1120 vapore
803 1051 864 1103 et
906 1059 1270 1117 compressu
1308 1060 1422 1104 suo
1468 1041 1731 1103 diffindit
1770 1049 1831 1103 et
1861 1042 2022 1103 elicit
2051 1042 2186 1101 her-

108 1126 466 1187 bescentem
499 1144 577 1187 ex
609 1144 683 1187 eo
719 1126 1114 1200 viriditatem,
1163 1143 1323 1202 quae
1361 1126 1505 1187 nixa
1532 1126 1705 1188 fibris
1737 1126 2013 1202 stirpium
2046 1141 2185 1185 sen·

109 1209 223 1271 sim
257 1210 561 1272 adolescit
600 1213 926 1286 culmoque
958 1218 1163 1272 erecta
1192 1209 1536 1286 geniculato
1570 1210 1804 1287 vaginis
1845 1211 1964 1270 iam
2008 1208 2187 1285 quasi

107 1295 460 1370 pubescens
504 1294 861 1366 includitur,
914 1311 948 1355 e
998 1295 1221 1370 quibus
1268 1304 1453 1370 quum
1499 1294 1773 1367 emersit,
1825 1293 2023 1355 fundit
2064 1294 2185 1352 fru-

108 1395 247 1453 gem
280 1378 434 1454 spici
468 1377 682 1439 ordine
713 1386 1006 1439 structam
1035 1388 1098 1439 et
1131 1386 1346 1438 contra
1380 1377 1581 1439 avium
1606 1378 1907 1439 minorum
1936 1393 2185 1438 morsus

109 1462 377 1523 munitur
404 1463 565 1522 vallo
596 1460 939 1522 aristarum.
1029 1461 1129 1521 52.
1176 1461 1331 1534 Quid
1366 1479 1482 1537 ego
1515 1461 1727 1523 vitium
1761 1472 1953 1536 ortuS,
1990 1467 2185 1532 satuS,

107 1544 481 1605 incrementa
506 1547 1019 1605 commemorem?
1081 1543 1300 1605 Satiari
1325 1545 1733 1607 delectatione
1756 1562 1880 1607 non
1905 1560 2175 1622 possum,

107 1635 175 1688 ut
215 1644 389 1688 meae
440 1628 775 1689 senectutis
820 1627 1152 1703 requietem
1205 1629 1844 1704 oblectamentumque
1888 1627 2176 1690 noscatis.

110 1711 333 1772 Omitto
378 1710 537 1771 enim
576 1711 694 1771 vim
737 1711 935 1787 ipsam
980 1711 1284 1786 omnium,
1338 1730 1498 1788 quae
1529 1710 1904 1789 generant'ur
1935 1730 1969 1772 e
2000 1723 2182 1783 terra,

111 1811 270 1870 quae
301 1811 381 1856 ex
412 1795 510 1856 fici
549 1797 780 1857 tantulo
807 1812 999 1872 grano
1028 1802 1133 1857 aut
1162 1813 1241 1857 ex
1271 1796 1429 1858 acini
1458 1797 1717 1858 vinaceo
1745 1804 1850 1857 aut
1881 1814 1957 1857 ex
1989 1802 2179 1857 caete-

110 1897 312 1941 rarum
359 1881 601 1957 frugum
656 1897 729 1941 ac
781 1879 1061 1956 stirpium
1114 1881 1532 1944 minutissimis
1590 1881 1923 1943 seminibus
1979 1889 2184 1940 tantos

108 1971 364 2025 truncos
413 1981 749 2040 ramosque
790 1970 1110 2040 procreet:
1171 1966 1463 2040 malleoli,
1522 1967 1799 2042 plantae,
1853 1972 2179 2035 sarmenta,

109 2048 504 2123 viviradiceS,
535 2049 911 2125 propagines
945 2065 1151 2110 nonne
1182 2066 1257 2110 ea
1296 2049 1596 2124 efficiunt,
1627 2058 1694 2110 ut
1726 2043 2005 2126 quemvis
2044 2058 2182 2110 cunt

106 2132 507 2193 admiratione
540 2134 881 2194 delectent?
951 2133 1110 2194 Vitis
1155 2132 1431 2209 quidem,
1487 2150 1646 2209 quae
1691 2140 1907 2195 natura
1948 2133 2189 2193 caduca

105 2228 205 2274 est
235 2222 325 2284 et,
360 2214 475 2275 nisi
512 2218 658 2275 fulta
688 2225 813 2289 est,
856 2217 934 2276 ad
964 2224 1185 2277 terram
1224 2220 1444 2292 fertur,
1480 2218 1726 2291 eadem,
1760 2224 1826 2278 ut
1866 2233 1936 2278 se
1970 2215 2185 2292 erigat,

108 2297 420 2359 claviculis
454 2298 582 2359 suis
617 2299 792 2373 quasi
827 2300 1108 2362 manibus
1148 2300 1445 2377 quidquid
1483 2309 1580 2362 est
1623 2308 1800 2362 nacta
1836 2298 2188 2376 complecti-

107 2388 228 2453 tur,
285 2397 469 2456 quam
514 2393 864 2473 serpentem
900 2384 1214 2461 multiplici
1254 2387 1433 2461 lapsu
1475 2392 1537 2446 et
1568 2384 1827 2446 erratico
1868 2387 2028 2445 ferro
2061 2400 2189 2443 am·

104 2470 329 2538 putans
379 2469 625 2527 coercet
666 2483 767 2528 ars
814 2466 1252 2543 agricolarum,
1303 2486 1380 2529 ne
1425 2469 1717 2530 silvescat
1751 2466 2076 2530 sarmentis
2124 2476 2189 2526 et

104 2545 166 2605 in
209 2564 425 2610 omnes
463 2555 672 2624 partes
712 2550 893 2611 nimia
937 2553 1246 2614 fundatur.
1334 2552 1434 2613 53.
1491 2554 1704 2627 ltaque
1746 2552 1996 2614 ineunte
2036 2567 2187 2611 vere

103 2629 294 2705 iniis,
344 2650 503 2709 quae
533 2634 746 2695 relicta
776 2642 950 2709 sunt,
994 2635 1236 2697 exsistit
1278 2644 1585 2713 tamquam
1615 2638 1694 2697 ad
1730 2635 2020 2697 articulos
2056 2651 2188 2695 sar-

105 2724 449 2779 mentorum
479 2735 583 2792 ea,
632 2736 789 2794 quae
820 2736 1061 2795 gemma
1097 2719 1344 2795 dicitur,
1402 2737 1439 2780 a
1478 2738 1600 2795 qua
1636 2719 1842 2781 oriens
1886 2735 2008 2780 uva
2038 2733 2187 2779 sese

106 2800 404 2872 ostendit,
473 2819 632 2876 quae
688 2812 750 2863 et
789 2819 942 2864 suco
988 2810 1188 2864 terrae
1244 2810 1306 2865 et
1363 2806 1569 2864 calore
1623 2804 1774 2865 solis
1834 2817 2184 2877 augescens

105 2881 300 2955 primo
326 2891 422 2945 est
449 2888 789 2958 peracerba
812 2894 1079 2963 gustatu,
1107 2887 1331 2948 deinde
1357 2895 1659 2949 maturata
1682 2887 1983 2948 dulcescit
1999 2883 2185 2945 vcsti-

103 2974 290 3041 taque
320 2967 623 3045 pampinis
668 2987 783 3031 nec
816 2971 1057 3033 modico
1091 2978 1308 3048 tepore
1340 2980 1508 3032 caret
1539 2978 1601 3032 et
1631 2970 1849 3032 nimios
1895 2968 2046 3032 solis
2079 2969 2180 3028 de·

105 3049 295 3111 tendit
337 3054 616 3113 ardores.
695 3054 825 3129 Qua
869 3054 1013 3130 quid
1052 3062 1260 3131 potest
1310 3072 1454 3117 esse
1498 3073 1680 3131 quum
1726 3057 1925 3117 fructu
1965 3052 2181 3113 laetius

105 3140 232 3193 tum
268 3143 526 3211 aspectu
561 3137 873 3212 pulcrius?
948 3139 1131 3210 Quius
1161 3138 1411 3215 quidem
1441 3156 1564 3201 non
1590 3138 1817 3201 utilitas
1840 3154 1939 3199 me
1963 3138 2181 3206 solum,

105 3221 172 3272 ut
205 3225 346 3277 ante
379 3219 538 3293 dixi,
588 3220 702 3280 sed
731 3220 910 3281 etiam
942 3224 1179 3284 cultura
1209 3230 1271 3284 et
1310 3232 1531 3285 natura
1564 3224 1702 3300 ipsa
1741 3223 2034 3294 delectat,
2076 3219 2182 3280 ad-

106 3296 530 3362 minIculorum
564 3301 846 3367 ordines.
902 3304 1165 3380 capitum
1218 3305 1478 3383 iugatiO,
1530 3307 1808 3383 religatio
1855 3313 1935 3366 et
1958 3320 2182 3381 propa·

104 3377 264 3453 gatio
295 3379 505 3443 vitium
537 3394 1110 3463 sarmentorumque
1142 3407 1243 3461 ea,
1277 3408 1458 3464 quam
1491 3389 1650 3465 dixi,
1684 3389 1939 3452 aliorum
1971 3403 2181 3462 ampu-

350 3577 382 3597 h.
