2381 3723
538 611 702 663 Partis
738 616 945 673 quartae
979 607 1239 660 volumine
1272 607 1419 658 tertio
1457 608 1796 658 continentum

210 758 529 814 Prooemium
565 756 775 806 editoris
800 788 1849 804 ................
1895 772 1948 822 p.
2055 772 2111 807 ιιι
2144 771 2249 820 sqq.

210 843 279 893 M.
315 841 472 892 Tullii
507 838 764 889 Ciceronis
802 838 866 888 de
902 836 1087 889 officiis
1126 838 1193 887 ad
1228 838 1296 890 M.
1337 837 1494 886 fllium
1530 836 1648 886 libri
1683 846 1785 887 tres
1843 874 1857 887 .
1901 853 1955 904 p.
2064 837 2250 889 1-116

208 927 451 977 Eiusdem
490 922 610 974 Cato
649 924 813 973 maior
845 922 909 973 de
936 930 1190 973 senectute
1220 921 1350 971 liber
1375 922 1442 972 ad
1463 922 1523 972 Τ.
1544 922 1878 988 Pomponium

482 1008 705 1057 Atticum
726 1041 1851 1058 .................
1896 1022 1949 1072 p.
1992 1007 2252 1060 117-—145

208 1091 448 1144 Eiusdem
485 1091 691 1140 Laelius
745 1090 810 1140 de
856 1090 1082 1139 amicitia
1128 1088 1259 1139 liber
1312 1089 1377 1138 ad
1423 1089 1485 1142 Τ.
1542 1090 1875 1153 Pomponium

486 1175 709 1225 Atticum
731 1206 1856 1223 .................
1898 1187 1949 1238 Ρ.
1991 1174 2257 1228 145-175

208 1259 448 1310 Eiusdem
481 1257 742 1323 paradoxa
777 1256 845 1305 ad
881 1255 949 1309 M.
982 1254 1192 1305 Brutum
1212 1290 1847 1305 ..........
1843 1243 1856 1254 ’
1891 1271 1946 1321 Ρ.
1989 1257 2259 1310 176-190

209 1344 448 1395 Eiusdem
484 1343 645 1393 oratio
677 1341 741 1391 de
776 1355 907 1406 pace
929 1339 1105 1389 habita
1137 1338 1190 1387 in
1226 1345 1403 1387 senatu
1423 1336 1614 1388 Graece
1649 1353 1680 1388 a
1700 1338 1875 1389 Cassio

481 1425 644 1475 Dione
681 1431 881 1474 servata
945 1456 1303 1473 ......
1348 1409 1373 1470 ἶ
1424 1454 1846 1473 .......
1894 1422 2262 1488 p.·191—198

209 1510 449 1561 Eiusdem
485 1510 788 1574 scriptorum
825 1506 1110 1572 fragmenta
1142 1539 1569 1554 .......
1590 1541 1637 1567 ,.
1692 1541 1705 1554 .
1761 1541 1775 1555 .
1831 1541 1844 1554 .
1890 1521 1941 1571 Ρ.
1984 1505 2261 1559 199-355

414 1594 470 1641 In
506 1590 616 1640 his:

512 1673 766 1723 Orationis
797 1685 891 1736 pro
928 1671 998 1724 M.
1035 1669 1226 1720 Scauro
1266 1686 1395 1733 quae
1429 1679 1724 1722 manserunt
1764 1709 1780 1722 .
1832 1709 1846 1722 .
1891 1689 1945 1739 p.
1985 1673 2267 1726 223—239

510 1758 709 1808 Timaei
744 1757 808 1807 de
838 1757 1075 1807 universo
1113 1756 1231 1805 libri
1257 1755 1541 1822 fragmenta
1560 1792 1846 1808 .....
1891 1773 1943 1823 Ρ.
1982 1758 2263 1811 266—281

514 1843 815 1892 Arateorum
853 1855 983 1904 quae
1018 1847 1310 1891 manserunt
1353 1876 1849 1893 ........
1893 1857 1946 1909 Ρ.
1984 1840 2268 1897 305-338

208 1923 408 1989 Scripta
443 1924 779 1989 suppositicia
798 1959 1850 1976 ................
1896 1940 1951 1991 Ρ.
1988 1923 2274 1993 355—372

276 2006 695 2058 Pseudosallustii
731 2009 784 2058 in
818 2008 888 2059 Μ.
926 2007 1148 2059 Tullium
1186 2007 1477 2059 Ciceronem
1513 2009 1814 2058 declamatio
1836 2044 1850 2059 .
1895 2023 1948 2073 p.
1987 2008 2269 2062 355-357

276 2092 726 2143 Pseudociceronis
762 2093 814 2142 in
851 2091 1148 2144 Sallustium
1185 2092 1421 2158 Crispum
1455 2093 1721 2157 responsio
1764 2128 1778 2141 .
1835 2128 1849 2141 .
1892 2107 1947 2157 Ρ.
1984 2091 2270 2147 357--363

281 2175 450 2229 Oratio
479 2178 544 2227 ad
580 2176 824 2242 populum
862 2184 912 2227 et
947 2180 1141 2241 equites
1168 2177 1426 2228 Romanos
1455 2185 1569 2228 ante
1604 2191 1751 2241 quam
1781 2178 1875 2226 iret

345 2261 399 2311 in
435 2261 673 2312 exsilium
707 2262 881 2312 habita
951 2296 1845 2315 ..............
1889 2275 1945 2327 Ρ.
1984 2260 2271 2316 364-372

210 2345 393 2397 Incerti
429 2346 650 2397 auctoris
686 2347 962 2399 consolatio
1008 2381 1846 2398 .............
1889 2362 1942 2412 Ρ.
1982 2345 2284 2404 372-431,
2317 2416 2318 2423 ἵ
