2381 3723
178 140 246 195 ³7
825 131 989 189 CAP.
1022 138 1213 193 6—8.
1257 137 1309 192 S.
1344 137 1607 192 20—26.
2128 129 2245 191 153

177 285 246 344 ld
279 282 332 345 si
374 280 575 342 minus
607 281 982 359 intelligitur,
1027 290 1255 356 quanta
1284 281 1380 342 vis
1424 279 1721 340 amicitiae
1756 278 2251 356 concordiaeque

178 366 259 428 sit
283 382 362 426 ex
386 364 881 428 diSsensionibus
900 372 1086 438 atque
1110 381 1185 424 ex
1212 361 1538 425 discordiis
1558 364 1790 439 percipi
1814 371 2037 440 potest.
2083 365 2252 438 Quae

178 449 342 511 enim
383 449 605 510 domus
647 457 768 510 tam
815 446 1080 520 stabilis,
1132 464 1290 523 quae
1332 444 1448 507 tam
1487 448 1662 507 firma
1703 447 1915 508 civitas
1956 453 2054 507 est
2093 463 2251 523 quae

176 551 306 597 non
370 531 529 594 odiis
593 540 656 594 et
721 532 990 594 discidiis
1053 531 1326 592 funditus
1388 530 1588 606 possit
1652 528 1887 592 everti?
1972 532 2064 591 Ex
2127 546 2249 606 quo

179 624 478 693 quantum
515 617 661 678 boni
699 617 779 678 sit
811 616 869 678 in
901 614 1163 679 amicitia
1196 614 1450 675 iudicari
1490 621 1718 691 potest.
1808 614 1909 674 24.
1955 612 2250 690 Agrigen-

176 701 370 760 tinum
415 699 661 775 quidem
706 702 953 763 doctum
1000 700 1325 775 quemdam
1362 696 1555 759 virum
1600 697 1968 759 carminibus
2002 697 2250 759 Graecis

178 783 574 845 vaticinatum
638 801 783 845 esse
834 786 1060 856 ferunt,
1126 799 1285 857 quae
1342 782 1399 841 in
1456 799 1659 842 rerum
1718 789 1936 843 natura
1996 788 2252 857 totoque

175 867 410 928 mundo
448 873 806 929 constarent
840 882 1125 942 quaeque
1156 872 1580 937 moverentur,
1613 882 1686 925 ea
1717 866 2080 926 contrahere
2109 864 2250 925 ami·

178 950 413 1022 citiam,
472 949 774 1027 dissipare
823 949 1216 1012 discordiam.
1306 953 1513 1024 Atque
1565 948 1683 1009 hoc
1736 949 1979 1025 quidem
2035 965 2250 1010 omnes

176 1036 468 1096 mortales
499 1042 561 1095 et
582 1033 921 1110 intelligunt
956 1042 1019 1094 et
1057 1049 1125 1093 re
1157 1032 1436 1109 probant.
1511 1034 1753 1106 Itaque,
1788 1033 1840 1093 si
1873 1034 2118 1109 quando
2150 1031 2252 1092 ali·

179 1119 351 1194 quod
396 1116 665 1179 officium
719 1116 946 1179 exstitit
985 1115 1162 1176 amici
1214 1114 1273 1175 in
1318 1114 1603 1191 periculis
1651 1124 1754 1175 aut
1794 1115 2094 1176 adeundis
2151 1121 2253 1175 au*

181 1200 740 1274 communicandiS,
802 1201 937 1278 quis
970 1207 1068 1261 est
1107 1197 1211 1274 qui
1249 1197 1310 1257 id
1342 1216 1465 1259 non
1504 1197 1779 1259 maximis
1816 1199 2034 1260 efferat
2065 1198 2253 1258 laudi-

178 1286 339 1346 bus?
409 1284 521 1360 Qui
574 1287 874 1347 clamores
917 1292 1052 1345 ‘tota
1098 1299 1290 1344 cavea
1331 1299 1530 1358 nuper
1569 1280 1630 1342 in
1666 1281 1929 1358 hospitis
1976 1291 2037 1342 et
2077 1279 2255 1341 amici

179 1367 300 1428 mei
353 1369 435 1427 M.
489 1368 736 1429 Pacuvii
787 1385 950 1430 nova
983 1368 1214 1428 fabula!
1286 1382 1473 1441 quum
1543 1365 1862 1442 ignorante
1920 1382 2067 1441 rege
2120 1373 2253 1426 uter

156 1459 353 1526 ,esset
381 1451 630 1514 Orestes
659 1454 925 1530 Pylades
962 1452 1240 1512 Orestem
1283 1466 1353 1510 se
1397 1466 1540 1511 esse
1587 1450 1844 1523 diceret,
1894 1459 1961 1512 ut
1999 1467 2113 1526 pro
2149 1449 2252 1509 illo

178 1542 537 1609 necaretur,
571 1536 820 1597 Orestes
847 1543 1079 1606 autem,
1113 1534 1198 1594 ita
1227 1540 1299 1594 ut
1326 1542 1486 1607 erat,
1521 1534 1798 1595 Orestem
1832 1551 1902 1596 se
1935 1550 2078 1595 esse
2117 1549 2252 1611 per-

178 1627 515 1679 severaret.
581 1619 831 1680 Stantes
880 1619 1252 1695 plaudebant
1290 1616 1350 1677 in
1392 1634 1461 1677 re
1491 1618 1661 1678 ficta:
1708 1617 1855 1694 quid
1894 1617 2253 1679 arbitramur

176 1703 237 1762 in
281 1719 428 1763 vera
467 1704 737 1764 facturos
782 1702 1017 1764 fuisse?
1091 1699 1292 1761 Facile
1334 1699 1642 1762 indicabat
1686 1701 1822 1778 ipsa
1873 1709 2090 1763 natura
2129 1700 2253 1761 vim

183 1801 388 1859 suam,
420 1803 606 1863 quum
637 1786 935 1859 homineS,
970 1786 1139 1863 quod
1163 1787 1367 1844 facere
1391 1783 1509 1861 ipsi
1538 1800 1660 1846 non
1686 1793 1964 1861 possent,
2001 1785 2064 1845 id
2087 1791 2254 1846 recte

181 1869 317 1931 fieri
342 1868 403 1930 in
436 1872 629 1932 altero
665 1871 1025 1933 iudicarent.

309 1968 622 2029 Hactenus
654 1967 798 2030 mihi
826 1968 1045 2031 videor
1074 1970 1152 2029 de
1182 1965 1444 2028 amicitia
1477 1967 1621 2043 quid
1654 1965 1940 2027 sentirem
1971 1964 2255 2040 potuisse

180 2050 421 2112 dicere:
468 2049 521 2111 si
553 2068 675 2126 qua
696 2060 1018 2129 praeterea
1042 2059 1187 2114 sunt
1211 2086 1295 2097 -—-
1321 2051 1508 2111 credo
1539 2057 1742 2110 autem
1773 2065 1916 2109 esse
1944 2050 2129 2108 multa
2150 2082 2253 2120 -,

180 2136 258 2194 ab
297 2133 404 2207 iis,
439 2133 492 2193 si
520 2134 853 2211 videbitur,
889 2136 992 2213 qui
1022 2135 1140 2197 ista
1172 2134 1516 2210 disputant,
1548 2130 1909 2209 quaeritote.

312 2232 413 2294 25.
482 2236 771 2297 FAmtms·
835 2239 963 2297 Nos
993 2244 1199 2297 autem
1228 2250 1263 2292 a
1295 2241 1353 2294 te
1386 2231 1622 2309 potius:
1669 2249 2037 2310 quamquam
2077 2232 2254 2293 etiam

180 2318 259 2376 ab
292 2316 424 2378 istis
462 2335 652 2394 saepe
697 2319 974 2394 quaesivi
1015 2327 1076 2380 et
1104 2316 1309 2379 audivi
1345 2334 1469 2377 non
1508 2315 1734 2379 invitus
1775 2317 2091 2393 equidem,
2142 2316 2254 2377 sed

182 2400 351 2462 aliud
381 2402 693 2476 quoddam
725 2403 891 2465 filum
925 2402 1219 2464 orationis
1250 2407 1413 2461 tuae.

313 2498 658 2560 ScAnvotA.
731 2503 885 2562 Tum
924 2500 1118 2577 magis
1170 2499 1234 2560 id
1276 2498 1546 2572 diceres,
1596 2497 1819 2571 Fanni,
1870 2497 1925 2559 si
1966 2515 2165 2574 nuper
2195 2495 2255 2555 in

179 2581 378 2644 hortis
423 2581 761 2659 ScipioniS,
820 2601 1005 2662 quum
1052 2590 1149 2645 est
1196 2584 1273 2643 de
1316 2599 1385 2642 re
1416 2582 1656 2656 publica
1698 2580 2101 2657 disputatum,
2153 2580 2256 2638 ad-

180 2665 447 2728 fuisses:
496 2667 693 2742 qualis
731 2675 859 2728 tum
889 2676 1184 2745 patronus
1230 2664 1494 2725 iustitiae
1526 2663 1634 2724 fuit
1668 2671 1882 2723 contra
1913 2670 2254 2723 accuratam

180 2748 524 2811 orationem
552 2749 733 2832 Phili!
769 2796 786 2812 .

302 2848 590 2908 ΕΑΝΝιυε.
660 2846 862 2909 Facile
902 2849 964 2907 id
1000 2847 1246 2924 quidem
1283 2846 1392 2908 fuit
1421 2844 1706 2907 iustitiam
1745 2843 2082 2907 iustissimo
2125 2842 2255 2904 viro

178 2931 541 2992 defendere.

311 3028 658 3089 ScAEvoLA.
738 3028 895 3104 Quid
919 3027 1285 3090 amicitiam?
1328 3044 1532 3089 nonne
1566 3026 1740 3089 facile
1769 3027 1852 3100 ei,
1886 3025 1990 3102 qui
2020 3026 2098 3085 ob
2123 3042 2255 3086 eam

181 3129 426 3175 summa
457 3111 611 3184 fide,
671 3110 1015 3175 constantia
1047 3112 1402 3189 iustitiaque
1444 3118 1751 3172 servatam
1780 3110 2099 3170 maximam
2131 3110 2255 3183 glo·

176 3197 333 3258 riam
371 3194 646 3271 ceperit?

304 3296 468 3356 vm.
514 3292 614 3356 26.
700 3294 988 3355 Laeuus.
1059 3292 1198 3353 Vim
1231 3294 1350 3354 hoc
1376 3289 1621 3367 quidem
1645 3296 1740 3348 est
1771 3287 2031 3346 adferre.
2103 3286 2256 3361 Quid

177 3378 342 3440 enim
371 3379 564 3439 refert
599 3394 720 3453 qua
750 3393 847 3439 me
891 3376 1129 3439 ratione
1161 3375 1436 3451 cogatis?
1508 3369 1735 3446 cogitis
1766 3374 1950 3430 certe.
2026 3368 2254 3428 Studiis
