2381 3723
720 194 865 253 [ΑΒ.
898 195 940 254 1.
986 194 1149 254 CAP.
1180 203 1408 257 8—10.
1454 203 1506 265 §-
1539 204 1606 258 27
1623 203 1801 257 —33.
2220 194 2297 256 11

222 346 452 407 bonum
498 343 790 418 dicimuS,
844 353 1295 407 commutantur
1338 347 1618 421 fiuntque
1669 343 2002 418 contraria,
2053 352 2121 404 ut
2165 346 2302 404 red·

214 427 371 489 de're
400 427 789 504 depositum,
838 430 1043 489 facere
1092 429 1495 506 promissum,
1546 445 1833 504 quaeque
1872 425 2183 504 pertinent
2221 429 2299 487 ad

218 510 543 571 veritatem
586 519 647 572 et
673 513 750 572 ad
786 512 1001 584 fidem,
1044 529 1118 574 ea
1149 513 1409 588 migrare
1447 513 1751 574 interdum
1798 520 1860 572 et
1894 527 2018 572 non
2049 527 2300 571 servare

217 596 289 655 fit
320 595 568 655 iustum.
646 596 880 655 Referri
913 595 1071 656 enim
1102 596 1282 656 decet
1312 597 1390 656 ad
1422 613 1526 670 ea,
1563 613 1723 672 quae
1758 594 1944 672 posui
1975 593 2298 670 principi0,

218 679 621 739 fundamenta
667 678 963 740 iustitiae:
1008 679 1272 756 primum
1313 686 1382 740 ut
1424 697 1501 740 ne
1544 680 1642 741 cui
1688 686 2015 753 noceatur,
2075 678 2299 738 deinde

216 772 285 823 ut
319 762 630 823 communi
653 762 885 824 utilitati
906 763 1226 824 serviatur.
1290 764 1382 823 Ea
1409 781 1596 838 quum
1623 773 1899 840 tempore
1923 769 2299 824 commutan-

212 855 348 914 tur,
382 852 793 907 commutatur
815 846 1082 908 officium
1108 856 1168 908 et
1188 863 1312 907 non
1340 863 1587 922 semper
1606 855 1704 907 est
1729 845 1910 907 idem.
1956 845 2053 906 32.
2084 848 2299 907 Potest

208 927 382 990 enim
415 927 698 990 accidere
728 929 1100 1006 promissum
1133 931 1385 1007 aliquod
1418 937 1479 990 et
1516 937 1914 1003 conventum,
1947 936 2017 990 ut
2043 929 2104 990 id
2133 927 2297 990 effici

214 1011 300 1073 sit
325 1011 536 1073 inutile
569 1015 669 1072 vel
698 1014 783 1086 ei,
830 1013 925 1074 cui
955 1014 1330 1089 promissum
1368 1013 1474 1087 sit,
1520 1017 1617 1075 vel
1650 1013 1737 1087 ei,
1789 1013 1894 1090 qui
1924 1012 2294 1090 promiserit.

217 1098 368 1156 Nam
403 1094 486 1169 si,
536 1105 602 1157 ut
638 1095 697 1155 in
732 1097 949 1158 fabulis
982 1106 1106 1172 est,
1154 1100 1473 1175 Neptunus
1517 1099 1685 1172 quod
1712 1099 1952 1158 Theseo
1999 1096 2296 1173 promise·

219 1186 316 1240 rat
359 1195 483 1239 non
519 1179 785 1254 fecisset,
835 1182 1114 1243 Theseus
1144 1182 1483 1258 Hippolyto
1509 1180 1632 1240 filio
1665 1197 1788 1242 non
1820 1189 1990 1241 esset
2020 1182 2294 1241 orbatus.

219 1264 312 1323 Ex
347 1263 539 1322 tribus
573 1263 729 1324 enim
763 1263 1020 1341 optatis,
1068 1272 1134 1325 ut
1164 1265 1476 1338 scribitur,
1510 1266 1632 1326 hoc
1664 1271 1797 1324 erat
1823 1262 2093 1337 tertium,
2126 1264 2294 1338 quod

208 1347 298 1406 ade
336 1346 660 1423 Hippolyti
689 1347 932 1409 interitu
961 1349 1153 1410 iratus
1187 1347 1453 1425 optavit:
1498 1366 1622 1423 quo
1652 1348 1976 1424 impetrato
2011 1346 2069 1407 in
2109 1345 2294 1407 maxi·

218 1446 358 1490 mos
399 1432 602 1491 luctus
631 1430 856 1492 incidit.
927 1435 1052 1492 Nec
1087 1432 1394 1509 promissa
1438 1432 1622 1508 igitur
1660 1432 1968 1494 servanda
2012 1439 2157 1492 sunt
2199 1447 2290 1500 ea,

217 1530 382 1590 quae
414 1513 669 1587 Sintiis,
724 1515 945 1590 quibus
987 1515 1380 1591 promiseris,
1426 1515 1690 1588 inutilia,
1725 1533 1869 1591 nec,
1922 1514 1976 1576 si
2016 1518 2156 1592 plus
2185 1512 2293 1575 tibi

214 1614 293 1658 ea
314 1604 585 1658 noceant
608 1615 790 1672 quam
822 1598 903 1658 illi
928 1601 1200 1675 prosint,
1233 1598 1331 1661 cui
1354 1598 1741 1676 promiseriS,
1773 1607 1988 1661 contra
2018 1598 2290 1660 officium

204 1688 316 1742 est
370 1680 567 1741 maius
611 1682 900 1756 anteponi
951 1682 1200 1757 minori,
1252 1691 1347 1758 ut,
1406 1683 1458 1744 si
1494 1682 1886 1746 constitueris
1930 1682 2189 1760 cuipiam
2231 1690 2291 1741 te

215 1765 591 1825 advocatum
623 1764 681 1825 in
714 1783 841 1826 rem
873 1774 1264 1843 praesentem
1299 1784 1443 1828 esse
1471 1775 1795 1828 venturum
1829 1775 2018 1842 atque
2053 1765 2289 1827 interim

208 1847 489 1924 graviter
537 1856 876 1925 aegrotare·
905 1851 1077 1912 filius'
1117 1850 1418 1927 coeperit,
1471 1869 1592 1913 non
1642 1851 1718 1913 sit
1764 1858 1978 1913 contra
2021 1849 2290 1911 officium

214 1949 339 1993 non
375 1934 578 1992 facere
605 1935 772 2007 quod
818 1932 1071 2006 dixeriS,
1125 1934 1444 2011 magisque
1472 1935 1601 2009 ille,
1657 1932 1754 1996 cui
1788 1934 2160 2009 promissum
2192 1933 2288 2006 sit,

213 2017 291 2075 ab
350 2015 558 2077 officio
617 2016 922 2091 discedat,
983 2017 1033 2078 si
1074 2035 1144 2079 se
1200 2018 1557 2079 destitutum
1614 2024 1920 2092 queratur.
2008 2020 2130 2077 Iam
2170 2016 2289 2077 illis

212 2098 545 2174 promissis
590 2102 872 2161 standum
912 2118 1035 2162 non
1069 2118 1213 2162 esse
1253 2100 1389 2176 quis
1436 2118 1559 2161 non
1597 2100 1794 2173 videt,
1846 2116 2006 2177 quae
2037 2107 2290 2161 coactus

214 2183 360 2257 quis
389 2190 589 2257 metu,
639 2201 798 2259 quae
828 2185 1127 2261 deceptus
1158 2185 1301 2245 dolo
1336 2183 1728 2260 promiserit?
1814 2183 1915 2245 33.
1958 2184 2125 2258 Quae
2163 2182 2289 2259 qui-

206 2267 359 2328 dem
385 2269 680 2343 pleraque
714 2268 845 2329 iure
875 2267 1186 2345 praetorio
1219 2267 1580 2343 liberantur,
1613 2285 1738 2329 non
1766 2269 1934 2328 nulla
1962 2267 2220 2345 legibus.

340 2349 666 2411 Exsistunt
695 2350 872 2412 etiam
898 2368 1088 2427 saepe
1116 2351 1371 2413 iniuriae
1402 2352 1701 2414 calumnia
1731 2352 1995 2426 quadam
2021 2359 2082 2413 et
2110 2349 2287 2411 nimis

208 2433 436 2495 callida
503 2441 567 2494 et
612 2434 916 2496 malitiosa
977 2434 1125 2496 iuris
1196 2435 1717 2511 interpretatione:
1804 2436 1898 2495 Ex
1959 2452 2084 2511 quo
2138 2434 2288 2498 illud

212 2522 233 2554 ‘
250 2517 571 2579 Summum
597 2516 691 2579 ius
718 2536 956 2581 summa
975 2516 1225 2580 iniuria’
1260 2522 1483 2580 factum
1508 2527 1605 2581 est
1628 2520 1747 2579 iam
1769 2518 1977 2580 tritum
2000 2529 2288 2580 sermone

212 2602 633 2678 proverbium.
709 2603 840 2678 Quo
884 2602 946 2662 in
977 2619 1206 2679 genere
1244 2602 1424 2664 etiam
1463 2603 1524 2662 in
1558 2620 1625 2663 re
1653 2602 1901 2679 publica
1929 2604 2118 2663 multa
2147 2618 2289 2678 pec·

213 2692 460 2759 cantur,
492 2693 563 2746 ut
589 2685 719 2758 ille,
754 2686 887 2761 qui,
936 2704 1123 2762 quum
1154 2686 1400 2762 triginta
1432 2686 1666 2746 dierum
1698 2691 1910 2745 essent
1938 2702 2076 2746 cum
2107 2686 2289 2746 hoste

207 2767 497 2830 induciae
557 2770 773 2844 sactae,
833 2777 1020 2831 noctu
1082 2771 1495 2847 populabatur
1548 2786 1767 2845 agroS‚
1831 2769 2000 2844 quod
2052 2767 2288 2829 dierum

206 2859 429 2914 essent
477 2859 729 2930 pactae,
794 2870 918 2914 non
966 2853 1234 2915 noctium
1279 2853 1579 2915 induciae.
1656 2853 1745 2913 Ne
1786 2858 2001 2914 noster
2041 2851 2288 2929 quidem

192 2936 607 3013 'probanduS,
669 2936 723 2996 si
765 2954 978 2998 verum
1013 2945 1108 2998 est
1157 2937 1223 3013 Ω.
1270 2937 1523 2999 Fabium
1564 2937 1915 2998 Labeonem
1946 2953 2061 3022 seu
2103 2952 2285 3012 quem

202 3019 393 3081 alium
421 3052 509 3065 -—
541 3018 686 3080 nihil
731 3020 890 3081 enim
931 3021 1130 3083 habeo
1164 3030 1409 3096 praeter
1442 3020 1713 3082 auditum
1734 3020 2127 3082 -arbitrum
2170 3020 2286 3077 No-

207 3102 364 3165 lanis
410 3110 473 3163 et
512 3103 928 3179 Neapolitanis
973 3105 1052 3165 de
1090 3104 1315 3165 finibus
1357 3121 1393 3165 a
1441 3110 1659 3166 senatu
1692 3104 1931 3178 datum,
1975 3118 2165 3179 quum
2208 3099 2298 3159 ad‘

206 3188 411 3249 locum
443 3188 749 3261 venisset,
785 3205 923 3249 cum
950 3186 1231 3270 utrisque
1258 3188 1586 3263 separatim
1618 3190 1890 3250 locutum
1909 3233 1923 3259 ,
1955 3202 2033 3244 ne
2065 3182 2288 3259 cupide

210 3270 356 3346 quid
401 3278 690 3346 agerent,
741 3288 820 3332 ne
868 3278 1232 3349 appetenter
1280 3280 1469 3348 atque
1510 3278 1579 3332 ut
1628 3268 1871 3344 regredi
1924 3284 2107 3341 quam
2147 3283 2285 3355 pro:

206 3353 384 3429 gredi
416 3356 685 3415 mallent.
754 3355 823 3415 Id
861 3372 1047 3431 quum
1092 3354 1333 3429 utrique
1363 3353 1686 3424 fecissent,
1741 3348 2113 3421 aliquantum
2157 3359 2285 3436 agri

205 3434 265 3498 in
295 3436 504 3499 medio
535 3436 814 3499 relictum
846 3446 960 3499 est.
1030 3438 1247 3512 Itaque
1269 3435 1511 3495 illorum
1543 3434 1699 3490 fines
1733 3429 1840 3500 sic,
1872 3434 1940 3485 ut
1971 3424 2092 3499 ipsi
2122 3425 2289 3480 d1xe-
