2381 3723
191 124 301 181 199
446 203 461 212 .
812 114 977 175 cAP.
1014 122 1275 179 17—19.
1318 122 1371 186 s.
1403 122 1664 181 63—69.
2155 119 2282 184 389

187 268 387 329 verbo
440 264 806 340 retinemus,
861 283 930 328 re
970 266 1110 343 ipsa
1154 265 1492 329 amisimus.
1564 267 1867 344 Equidem
1919 287 2044 331 non
2096 272 2277 336 videc

190 351 342 428 quid
384 349 445 411 in
494 348 758 412 hominis
792 347 919 411 vita
948 352 1127 412 valde
1151 352 1492 427 optandum
1534 360 1641 414 aut
1683 353 1828 415 felix
1870 370 2015 416 esse
2057 357 2262 433 possit

187 437 422 497 Multos
449 433 688 510 potius,
712 451 791 496 ne
818 434 878 495 in
902 435 1163 507 maiora,
1201 451 1384 511 quam
1410 452 1571 512 quae
1596 437 1863 499 humana
1888 443 2279 504 consuetudo

191 519 421 583 cotidie
451 520 596 591 fert,
633 521 791 579 mala
817 518 1189 592 inciderent,
1234 527 1491 580 mortem
1522 520 1640 581 sibi
1670 523 1882 584 dedita
1912 540 2106 600 opera
2138 541 2281 588 con-

191 604 457 667 scivisse
487 602 640 665 scio.
716 604 897 679 Quod
927 610 1132 664 tamen
1164 621 1291 665 non
1323 602 1556 665 idcirco
1601 604 1832 668 dictum
1863 607 2044 669 velim
2063 655 2078 683 ‚
2137 610 2283 686 quia

188 688 582 766 probandum
614 694 857 763 putem,
889 688 1001 749 sed
1025 693 1093 748 ut
1114 704 1195 749 ex
1217 704 1293 748 eo
1324 696 1623 765 appareat
1643 690 1912 753 humana
1940 691 2068 754 vita
2097 711 2281 771 quam

190 770 398 833 multis
457 769 733 847 undique
786 778 1103 850 prematur
1165 770 1646 835 difficultatibus.
1748 776 1849 838 67.
1916 777 2279 839 Cleomenes

187 854 820 918 Lacedaemoniorum
868 872 980 917 rex
1025 855 1286 930 eiusque
1334 856 1497 919 filius
1537 865 1737 919 morte
1781 861 1945 921 ultro
1988 862 2279 939 appetita,

190 947 517 1018 praeterea
535 939 898 1016 Theagenes
920 940 1353 1012 Numantinus,
1385 942 1522 1017 qui,
1552 959 1632 1003 ne
1663 941 1723 1002 in
1756 942 2026 1005 hostium
2058 962 2279 1006 manus

186 1024 454 1098 veniret,
487 1026 749 1100 primum
784 1023 947 1097 suis,
980 1024 1207 1085 deinde
1236 1023 1350 1085 sibi
1370 1024 1492 1102 ipsi
1512 1034 1772 1087 mortem
1796 1028 2012 1101 attulit,
2046 1037 2277 1105 quanto

190 1124 384 1186 opere
413 1108 536 1170 vita
566 1107 857 1185 fugienda
891 1109 970 1170 sit
1000 1108 1152 1170 satis
1180 1108 1472 1170 videntur
1500 1117 1714 1186 aperte
1744 1112 2118 1174 declarasse.
2182 1116 2277 1174 Ac

187 1193 311 1255 nisi
339 1200 519 1269 turpe
548 1192 834 1255 videatur
862 1193 1145 1255 homines
1177 1210 1214 1254 a
1249 1193 1621 1256 mulierculis
1652 1197 1843 1257 multo
1876 1203 2045 1258 certe
2089 1197 2277 1258 imbe-

189 1276 525 1339 cillioribus
559 1276 930 1340 fortitudinis
972 1280 1259 1355 exempla
1290 1285 1530 1360 petere,
1583 1287 1935 1356 repetamus
1980 1298 2058 1341 ex
2088 1281 2277 1343 histo-

184 1360 297 1423 riis
325 1361 728 1423 Hasdrubalis
758 1379 1018 1424 uxorem
1060 1362 1253 1437 illam,
1307 1378 1467 1439 quae
1506 1364 1882 1440 Karthagine
1911 1365 1971 1426 in
2004 1365 2276 1427 hostium

184 1452 561 1522 potestatem
592 1448 847 1508 redacta
875 1463 947 1508 se
988 1446 1188 1522 ipsam
1221 1464 1359 1507 cum
1393 1446 1586 1509 tribus
1615 1446 1758 1510 filiis
1800 1448 1861 1510 in
1894 1448 2278 1526 conflagran-

185 1530 267 1592 tis
306 1529 536 1608 patriae
562 1529 913 1592 incendium
941 1530 1207 1593 immisit.
1296 1529 1395 1592 68.
1441 1532 1568 1593 Sed
1597 1541 1843 1609 praeter
1871 1535 2057 1607 haec,
2117 1551 2275 1610 quae

184 1615 310 1680 iam
338 1620 565 1676 testata
596 1622 742 1676 sunt
775 1624 838 1677 et
862 1614 1152 1687 illustria,
1206 1617 1507 1690 fateamur
1545 1633 1697 1679 sane
1736 1617 2005 1695 ingenue
2043 1625 2276 1680 tantam
2359 1617 2362 1622 ⁴

186 1714 336 1760 esse
381 1698 683 1761 humanae
737 1707 992 1761 naturae
1042 1698 1378 1773 miseriam,
1445 1708 1512 1762 ut
1567 1718 1771 1777 neque
1822 1720 2023 1779 genus
2072 1703 2277 1780 ipsum

183 1781 501 1845 hominum
531 1799 718 1846 nece
744 1792 878 1847 toto
901 1800 1130 1861 genere
1160 1783 1385 1860 singuli
1409 1783 1791 1845 miseriarum
1819 1792 2109 1863 expertes
2133 1802 2277 1847 esse

185 1867 450 1946 possint.
525 1870 701 1944 Quod
733 1886 809 1930 eo
843 1868 1036 1945 magis
1067 1867 1411 1930 mirandum
1449 1877 1573 1942 est,
1609 1870 1935 1944 quodfnon
1968 1869 2041 1932 iis
2073 1871 2275 1931 solum

184 1951 397 2025 maliS,
431 1950 656 2027 quibus
679 1953 943 2016 hominis
976 1960 1194 2015 natura
1217 1952 1477 2013 adsidue
1505 1952 1848 2028 adfligitur,
1880 1954 2039 2013 mala
2063 1962 2277 2015 nostra

183 2036 576 2114 praescripta
605 2044 778 2112 sunt,
815 2038 931 2099 sed
962 2035 1081 2114 ipsi
1110 2054 1260 2110 nos,
1294 2043 1587 2112 quantum
1621 2037 1680 2096 in
1713 2036 1892 2098 nobis
1924 2045 2050 2110 est,
2095 2037 2276 2098 mise·

181 2120 389 2182 riores
419 2121 646 2182 cotidie
672 2123 937 2183 reddere
968 2137 1287 2189 conamur.
1357 2121 1597 2182 Nullum
1632 2119 1792 2181 enim
1822 2119 1987 2182 aliud
2029 2121 2090 2181 in
2138 2129 2271 2182 toto

180 2213 489 2266 terrarum
547 2206 699 2266 orbe
749 2222 950 2282 genus
997 2203 1393 2266 animantium
1452 2203 1729 2282 reperias
1785 2212 2034 2281 praeter
2084 2221 2276 2265 unum

182 2286 526 2360 hominem,
562 2289 732 2364 quod
758 2289 821 2349 in
851 2288 1162 2367 proprium
1195 2306 1394 2364 genus
1427 2296 1614 2364 atque
1645 2287 1705 2351 in
1736 2306 1807 2351 se
1838 2289 2042 2366 ipsum
2073 2287 2275 2350 saevi·

182 2374 332 2434 tiam
385 2380 678 2435 exerceat
731 2390 940 2446 suam,
1005 2373 1350 2449 meritoque
1389 2373 1805 2436 Dicaearchus
1860 2374 1916 2434 in
1972 2390 2047 2435 eo
2097 2374 2274 2447 libro,

186 2472 375 2533 quem
408 2456 488 2518 de
529 2457 794 2519 hominis
836 2456 1080 2519 interitu
1121 2459 1498 2519 luculentum
1546 2466 1608 2518 et
1654 2458 1957 2520 eruditum
2002 2457 2273 2521 conscri-

184 2540 340 2618 psit,
397 2539 543 2601 nihil
596 2542 824 2604 habere
881 2540 1279 2602 dubitationis
1329 2539 1568 2617 putavit
1616 2542 1761 2616 quin
1816 2545 2005 2604 multo
2060 2545 2273 2617 plures

183 2624 475 2686 exstincti
516 2624 639 2687 sint
685 2626 968 2687 homines
1008 2624 1147 2703 ipsa
1184 2624 1498 2686 hominum
1539 2624 1797 2684 saevitia
1838 2634 1899 2685 et
1938 2625 2272 2685 acerbitate

186 2724 375 2784 quam
423 2709 591 2770 omni
630 2710 868 2786 reliquo
912 2725 1142 2784 genere
1182 2708 1563 2769 calamitatis.
1635 2709 1831 2767 Tanta
1870 2714 1967 2768 est
2009 2708 2169 2768 enim
2210 2707 2271 2766 in

183 2792 509 2869 permultis
551 2793 832 2867 avaritia,
895 2800 1127 2855 tantum
1167 2790 1545 2864 ambitionis,
1597 2790 1866 2866 imperii,
1927 2788 2271 2852 divitiarum

183 2874 490 2951 studium,
518 2885 591 2939 ut
621 2878 968 2953 explendae
1000 2875 1352 2953 cupiditatis
1379 2874 1575 2952 gratia
1604 2874 1751 2935 nihil
1780 2874 1900 2937 sibi
1931 2892 2053 2937 non
2088 2875 2273 2937 licere

184 2967 424 3037 putent.
492 2964 701 3038 Atque
723 2962 845 3024 hoc
874 2964 1097 3023 malum
1114 2978 1239 3023 non
1263 2960 1380 3020 iam
1404 2957 1681 3034 angustis
1711 2958 1935 3022 finibus
1961 2975 2273 3036 compres-

186 3061 326 3105 sum
354 3046 674 3120 videmus,
731 3046 845 3107 sed
874 3045 1300 3123 superioribus
1336 3042 1599 3105 saeculis
1633 3043 1917 3119 erupisse
1947 3044 2248 3104 vehemen

183 3135 282 3188 ter
311 3138 374 3189 et
407 3146 696 3191 manasse
725 3129 927 3191 latius.
997 3130 1128 3191 Non
1171 3128 1333 3190 enim
1374 3134 1607 3188 certum
1650 3126 1912 3202 aliquem
1957 3125 2270 3188 hominum

185 3229 544 3288 numerum,
593 3215 708 3277 sed
737 3230 929 3289 regna
957 3213 1094 3291 ipsa
1124 3220 1187 3273 et
1222 3219 1388 3274 totas
1418 3227 1723 3289 persaepe
1755 3208 2028 3273 funditus
2069 3217 2270 3272 sustu-

185 3296 253 3356 lit
282 3296 584 3359 civitates.
672 3299 828 3358 XIX.
874 3295 973 3358 69.
1060 3300 1175 3368 At,
1224 3295 1277 3356 si
1305 3297 1382 3356 ad
1426 3295 1705 3370 singulos
1748 3294 2057 3366 homines,
2110 3308 2268 3368 quae

187 3381 473 3456 proxima
493 3381 650 3443 ratio
683 3388 808 3456 est,
841 3387 1109 3441 mentem
1142 3379 1695 3455 cogitationemque
1735 3375 2148 3450 converteriS‚
2192 3391 2268 3433 ne
