2381 3723
144 132 264 194 122
495 129 697 190 CATO
734 128 986 191 MAIOR
1019 128 1121 187 DE
1157 124 1599 186 SENECTUTE
1639 125 1868 184 LIBER
2184 135 2215 188 ⁶

143 283 250 361 qui
280 300 419 344 eum
450 281 697 356 librum,
748 278 850 355 qui
891 277 1446 340 ‘Panathenaicus’
1479 276 1857 348 inscribitur,
1906 282 2124 351 quarto
2158 286 2210 336 et

144 365 548 443 nonagesimo
583 381 744 425 anno
779 362 1109 440 scripsisse
1146 379 1217 423 se
1251 361 1396 421 dicit
1425 361 1696 437 vixitque
1735 359 2218 435 quinquennium

145 458 384 529 postea,
424 448 598 511 cuius
631 447 922 523 magister
955 445 1292 507 Leontinus
1328 445 1585 521 Gorgias
1619 452 1861 505 centum
1892 451 1954 503 et
1980 452 2220 519 septem

145 534 477 609 complevit
508 549 734 603 annos,
775 547 978 606 neque
1007 547 1296 606 umquam
1328 529 1386 589 in
1419 546 1534 591 suo
1569 527 1772 590 studio
1806 534 1990 602 atque
2027 543 2221 604 opere

144 616 431 678 cessavit.
502 614 643 690 Qui,
690 632 875 690 quum
907 631 985 675 ex
1029 630 1105 676 eo
1144 620 1543 710 quaereretur
1585 630 1694 674 cur
1733 621 1857 672 tarn
1898 611 1999 672 diu
2032 612 2219 671 vellet

145 716 289 762 esse
328 699 387 760 in
432 698 590 759 vita:
640 697 827 758 ‘Nihil
857 699 1091 760 habeo'
1121 696 1317 773 inquit
1366 697 1574 773 ‘quod
1615 712 1901 757 accusem
1938 701 2232 756 senectu·.

145 786 311 845 tem.’
398 783 784 844 Praeclarum
851 798 1223 858 responsum
1282 792 1345 841 et
1395 781 1580 842 docto
1638 779 1886 840 homine
1946 777 2218 854 dignum.

150 870 245 929 14.
293 866 419 928 Sua
453 865 613 928 enim
646 865 793 926 vitia
834 865 1195 942 insipientes
1237 871 1298 925 et
1341 881 1514 926 suam
1549 867 1790 941 culpam
1831 861 1893 922 in
1938 869 2220 923 senectu-

143 961 265 1013 tem
292 952 644 1012 conserunt:
696 951 865 1025 quod
887 967 1010 1011 non
1043 947 1401 1022 faciebatis,
1432 948 1605 1010 cuius
1636 949 1822 1010 modo
1848 944 2220 1007 mentionem

145 1034 295 1109 feci,
330 1035 597 1097 Ennius:

314 1188 480 1250 Sicut
502 1189 683 1263 fortis
713 1205 920 1263 equus,
963 1189 1155 1262 spatio
1184 1188 1290 1261 qui
1313 1203 1491 1262 saepe
1519 1201 1792 1261 supremo

330 1274 481 1333 Vicit
510 1273 806 1348 olympia,
851 1287 1008 1331 nunc
1034 1273 1197 1330 senio
1222 1269 1526 1343 confectus
1554 1271 1812 1345 quiescit.

145 1422 303 1499 Equi
332 1422 506 1483 fortis
540 1429 602 1482 et
625 1421 877 1483 victoris
918 1421 1221 1483 senectuti
1256 1427 1573 1497 comparat
1601 1437 1796 1481 suam.
1868 1421 2059 1495 Quem
2092 1417 2222 1493 qui·

150 1508 291 1566 dem
332 1506 528 1580 probe
572 1503 925 1565 meminisse
964 1504 1248 1581 potestiS.
1324 1508 1508 1566 Anno
1552 1504 1712 1564 enim
1754 1501 2221 1564 undevicesimo

147 1594 294 1662 post
316 1587 446 1648 eius
477 1595 737 1648 mortem
767 1587 828 1646 hi
859 1589 1181 1661 consules,
1237 1590 1301 1647 T.
1333 1587 1704 1648 Flamininus
1739 1595 1801 1647 et
1836 1588 1937 1647 Μ’.
1963 1585 2224 1659 ΑοὶΙὶιιε,

147 1670 288 1744 sacti
331 1679 501 1745 sunt,
548 1669 649 1731 ille
690 1678 894 1732 autem
929 1670 1238 1747 Caepione
1280 1678 1342 1732 et
1367 1671 1645 1748 Philippo
1691 1670 1908 1732 iterum
1953 1668 2217 1730 consuli·

148 1757 263 1816 bus
307 1762 586 1816 mortuus
630 1761 755 1827 est,
807 1771 994 1829 quum
1046 1771 1163 1830 ego
1199 1755 1444 1831 quidem
1493 1773 1536 1815 v
1578 1762 1638 1815 et
1676 1771 1753 1813 Lx
1801 1771 1998 1814 annos
2038 1759 2221 1814 natus

148 1841 345 1915 legem
374 1837 717 1901 Voconiam
753 1854 973 1915 magna
1017 1855 1178 1901 voce
1221 1846 1282 1900 et
1326 1837 1506 1900 bonis
1536 1835 1826 1900 lateribus
1858 1835 2222 1899 suasissem.

147 1927 363 1984 Annos
390 1939 510 1984 Lxx
541 1930 720 1985 natus
748 1957 832 1968 —
862 1929 955 1983 tot
982 1923 1141 1983 enim
1171 1922 1322 1983 v1xit
1348 1922 1581 1984 Ennius
1611 1958 1693 1969 -—
1721 1921 1804 1983 ita
1833 1922 2069 1983 serebat
2094 1922 2221 1982 duo

150 2023 310 2083 quae
341 2007 606 2068 maxima
645 2014 938 2084 putantur
986 2023 1206 2081 onera,
1252 2013 1676 2082 paupertatem
1720 2013 1782 2067 et
1821 2011 2219 2078 senectutem,

148 2097 216 2150 ut
256 2090 344 2151 eis
387 2108 587 2179 paene
619 2089 911 2152 delectari
945 2089 1274 2151 videretur.
1372 2091 1463 2149 15.
1508 2089 1776 2164 Etenim,
1826 2107 2011 2166 quum
2057 2105 2216 2150 com·

148 2174 387 2249 plector
413 2162 647 2248 animo,
693 2180 982 2249 quattuor
1009 2176 1252 2251 reperio
1277 2189 1498 2234 causas
1533 2189 1642 2234 cur
1675 2180 1963 2235 senectus
1995 2172 2223 2234 misera

148 2255 458 2317 videatur.
526 2271 710 2318 unam
766 2258 934 2332 quod
984 2264 1208 2319 avocet
1253 2273 1289 2317 a
1339 2257 1522 2319 rebus
1573 2256 1890 2333 gerendiS,
1965 2259 2221 2318 alteram

148 2339 314 2414 quod
351 2355 579 2414 corpus
613 2338 794 2399 faciat
834 2339 1162 2415 infirmius,
1207 2339 1439 2401 tertiam
1486 2341 1653 2417 quod
1686 2340 1892 2417 privet
1933 2339 2221 2403 omnibus

147 2423 276 2481 fere
305 2421 754 2498 voluptatibus,
792 2431 1068 2499 quartam
1101 2425 1269 2499 quod
1293 2424 1458 2487 haud
1490 2426 1709 2500 procul
1742 2423 1901 2485 absit
1931 2441 1968 2484 a
1999 2431 2221 2485 morte.

146 2506 403 2579 Earum,
450 2505 504 2566 si
542 2508 773 2582 placet,
836 2523 1157 2568 causarum
1190 2515 1416 2583 quanta
1446 2525 1754 2584 quamque
1784 2510 1865 2568 sit
1894 2507 2056 2570 iusta
2098 2524 2222 2569 una

147 2605 433 2665 q-uaeque
461 2588 801 2651 videamus.

273 2702 375 2760 Vl.
430 2702 487 2761 A
529 2702 714 2762 rebus
758 2700 1046 2778 gerendis
1087 2710 1377 2764 senectus
1423 2702 1737 2765 abstrahit.
1814 2700 2087 2778 Qui-bus?
2142 2720 2221 2765 an

143 2783 249 2857 iis,
285 2800 445 2857 quae
477 2785 794 2847 iuventute
823 2793 1119 2861 geruntur
1154 2792 1217 2846 et
1244 2785 1518 2848 viribus?
1591 2788 1884 2848 Nullaene
1911 2784 2096 2861 igitur
2116 2803 2220 2848 res

145 2872 289 2927 sunt
318 2866 576 2941 seniles,
631 2886 790 2945 quae
821 2871 919 2930 vel
956 2867 1210 2929 infirmis
1243 2870 1606 2947 corporibus
1637 2869 1837 2931 animo
1869 2877 2071 2930 tamen
2113 2871 2215 2930 ad-

143 2948 597 3012 ministrentur?
659 2952 814 3013 Nihil
858 2968 1006 3028 ergo
1039 2953 1262 3028 agebat
1291 2956 1357 3029 Q.
1390 2952 1724 3028 Maximus,
1774 2952 1918 3013 nihil
1949 2954 2014 3013 L.
2047 2953 2196 3015 Paul

146 3035 271 3108 luS,
304 3041 482 3110 pater
510 3041 683 3109 tuuS,
718 3035 957 3112 Scipio,
988 3053 1172 3098 socer
1204 3037 1414 3113 optimi
1447 3036 1588 3111 viri,
1635 3036 1738 3097 filii
1781 3036 1936 3098 mei?
1983 3036 2223 3098 Caeteri

144 3134 359 3191 senes,
392 3116 681 3190 Fabricii,
714 3119 903 3193 Curii,
938 3120 1333 3195 Coruncanii,
1371 3138 1554 3197 quum
1586 3139 1714 3182 rem
1738 3119 2042 3198 publicam
2074 3137 2220 3181 con-

144 3198 279 3260 silio
333 3208 396 3260 et
446 3163 808 3262 auctoritate
864 3204 1307 3277 defendebant,
1378 3204 1519 3265 nihil
1569 3206 1872 3281 agebant?
1964 3203 2059 3264 16.
2116 3205 2220 3264 Ad

143 3281 328 3356 Appii
360 3283 587 3343 Claudii
634 3290 1014 3345 senectutem
1058 3289 1398 3349 accedebat
1425 3288 1606 3349 etiam
1649 3296 1717 3349 ut
1759 3304 1982 3349 caecus
2027 3295 2219 3364 esset,

146 3367 345 3422 tamen
376 3363 460 3435 is,
505 3382 693 3437 quum
726 3367 1029 3428 sententia
1065 3376 1316 3432 senatus
1349 3369 1665 3432 inclinaret
1702 3373 1782 3432 ad
1811 3387 2030 3447 pacem
2076 3386 2217 3433 cum
