2381 3723
69 170 141 224 29
220 157 229 165 ’
852 160 1351 220 FRAGMENTA.
2015 165 2138 228 219

69 313 207 377 quod
243 312 373 362 inter
419 326 474 361 se
511 319 798 372 moverant,
856 312 1015 363 oratio
1059 312 1156 362 ista
1192 314 1474 377 composita
1510 322 1611 375 est,
1668 316 1813 366 cuius
1850 316 2137 381 inscriptio·

68 385 149 435 nis
191 381 419 441 titulum,
462 382 610 462 prius
655 396 806 445 quam
853 382 1180 431 commentari
1217 382 1516 446 adgrediar,
1571 384 1949 449 explanandum
1996 394 2135 450 puto,

68 468 169 503 non
205 451 269 501 ab
304 465 360 499 re
396 450 692 500 existimans
731 449 950 499 futurum
993 448 1220 515 [nostris]
1260 449 1548 514 lectoribus,
1588 454 1633 501 si
1670 453 1911 504 orationis
1939 454 2138 504 titulum

70 536 171 572 non
223 519 426 569 indocte
478 520 847 584 perspexerint.
919 518 1119 582 Quippe
1165 519 1457 569 inscribitur
1508 520 1993 572 INTERROGATIO
2051 523 2138 571 DE

69 588 246 639 AERE
295 586 535 637 ALIENO
580 585 865 640 MILONIS.
943 588 1349 653 interrogationis
1403 597 1571 638 autem
1628 604 1728 640 non
1781 604 1882 640 una
1937 592 2137 656 species

67 665 204 720 erat,
241 656 333 705 sed
373 656 538 719 varia,
583 662 637 703 ut
673 655 776 705 alia
810 656 1115 721 sipiificaret
1151 657 1485 707 accusationis
1522 658 1976 720 denunciationem,
2014 675 2138 722 qua-

68 727 137 777 lis
173 694 263 775 i’na
299 724 632 789 praescriptio
668 731 744 775 est
792 725 1036 775 orationis
1072 725 1207 780 eius.
1263 740 1362 787 qua
1396 741 1521 776 usus
1557 726 1653 777 fuit
1688 729 1737 778 in
1777 744 1890 777 eum
1928 730 1981 779 P.
2022 728 2137 778 Clo-

69 796 213 849 dius‚
273 791 453 858 [quum]
495 792 696 859 legibus
738 794 1109 860 interrogasset.
1181 793 1405 858 Legibus
1443 795 1577 845 enim
1612 798 1687 846 sic
1733 797 2137 863 interrogabatur

70 864 355 925 inquirente
391 873 710 920 accusatore,
748 876 811 911 an
850 864 1017 914 omnia
1053 862 1329 913 secundum
1366 862 1533 929 legum
1571 867 1885 931 praescripta
1921 867 2137 932 gesserit

71 934 137 992 is,
175 931 257 980 cui
294 931 481 980 crimen
518 931 884 981 intendebatur.
953 931 1072 980 Erat
1120 930 1222 980 alia
1257 940 1515 996 praeterea
1551 934 1875 999 interrogatio
1913 935 2133 994 testium,

70 1002 202 1050 sicut
238 1000 348 1063 ipse
383 999 452 1051 M.
491 998 690 1049 Tullius
726 1001 782 1053 P.
820 1001 1076 1050 Vatinium
1113 1006 1290 1049 testem
1330 1001 1672 1066 interrogavit.
1747 1003 1958 1069 Proprie
1992 1018 2135 1053 nam-

71 1085 172 1131 que
207 1069 532 1132 interrogatio
584 1069 876 1128 dicebatur,
934 1085 1035 1132 qua
1088 1076 1245 1119 testes
1291 1070 1735 1135 redarguebantur.
1806 1071 1974 1121 Tertia
2009 1072 2135 1121 haec

70 1145 150 1188 est
203 1137 547 1202 interrogandi
595 1138 822 1201 specie8‚
877 1144 931 1188 ut
980 1136 1156 1187 Sinnio
1206 1137 1437 1203 Capitoni
1487 1139 1710 1199 videtur,
1765 1141 2023 1205 pertinens
2070 1140 2135 1189 ad

72 1206 296 1256 officium
343 1214 393 1256 et
439 1207 852 1257 consuetudinem
898 1207 1219 1257 senatoriam.
1293 1206 1502 1265 Quando
1544 1208 1677 1257 enim
1714 1208 1899 1271 aliquis
1935 1216 2137 1258 senten·

70 1276 195 1323 tiam
233 1273 342 1324 loco
380 1288 472 1324 suo
509 1275 609 1324 iam
647 1276 844 1325 dixerat
880 1285 929 1325 et
963 1275 1093 1324 alius
1128 1282 1307 1339 postea
1344 1277 1677 1341 interrogatus
1711 1277 1958 1338 quaedam
1996 1278 2136 1326 vide-

70 1346 220 1393 batur
255 1343 326 1393 ita
362 1342 586 1402 locutus,
640 1352 695 1392 ut
730 1344 940 1394 refutari
976 1358 1127 1408 posse
1160 1344 1442 1394 >iustissime
1479 1344 1795 1404 viderentur,
1846 1344 2135 1410 postulabat

70 1412 188 1472 ine,
226 1411 312 1475 qui
349 1411 451 1461 iam
482 1414 780 1462 sententiam
817 1413 1039 1473 dixerat,
1080 1419 1131 1461 ut
1167 1412 1268 1462 sibi
1304 1412 1477 1463 liceret
1512 1413 1854 1479 interrogare,
1907 1412 2005 1462 hoc
2041 1420 2134 1472 est,

70 1480 218 1530 illum
270 1480 603 1546 redarguere,
665 1483 810 1531 cuius
867 1481 1115 1532 sententia
1167 1480 1220 1528 in
1277 1481 1449 1531 multis
1507 1483 1653 1544 quasi
1695 1483 1915 1531 mendax
1961 1489 2009 1530 et
2054 1496 2137 1530 ca·

71 1547 325 1598 lumniosa
371 1550 608 1615 redargui
657 1557 851 1615 posset.
924 1550 1169 1609 Quoniam
1223 1564 1344 1615 ergo
1399 1551 1598 1600 dixerat
1633 1550 1838 1601 Clodius
1887 1557 1935 1599 et
1971 1551 2136 1599 minus

73 1616 355 1680 professum
392 1621 525 1668 aeris
569 1619 723 1669 alieni
759 1619 994 1669 Milonem
1007 1653 1158 1668 .....

197 1716 241 1773 1.
295 1714 349 1773 1.
443 1759 458 1772 .
484 1758 499 1773 .
526 1758 541 1773 .
571 1760 583 1771 .
613 1758 628 1773 .
656 1758 670 1773 .
701 1715 1058 1775 adversarii.

194 1796 253 1855 2.
297 1797 649 1858 Eiiciundus
694 1805 790 1858 est
836 1814 914 1858 ex
949 1800 1097 1859 urbe
1130 1798 1280 1859 civis
1310 1806 1526 1861 auctor
1555 1806 1617 1860 et
1648 1806 1860 1859 custos
1898 1795 2132 1870 salutis,

79 1879 214 1954 otii,
247 1881 586 1958 dignitatis,
625 1881 788 1942 fidei.

202 1964 261 2026 3.
305 1966 716 2026 Includendus
749 1966 904 2026 intra
938 1966 1222 2041 parietes.

196 2049 256 2108 4.
301 2049 409 2123 Qui
434 2048 645 2125 populi
666 2047 926 2109 Romani
947 2049 1265 2125 imperium
1289 2066 1410 2109 non
1440 2055 1735 2108 terrarum
1763 2045 2135 2121 regionibuS‚

74 2132 191 2190 sed
223 2131 370 2191 caeli
404 2131 676 2207 partibus
706 2131 1067 2192 terminavit.

201 2229 273 2288 ΙΙ.
325 2231 380 2289 1.
466 2229 592 2288 Nec
626 2245 775 2288 vero
825 2236 945 2288 tum
981 2228 1312 2289 timendum
1344 2226 1483 2300 fuit,
1513 2243 1699 2302 quum
1732 2223 2049 2286 cessimus,

200 2311 258 2368 2.
303 2313 573 2373 Eosdem
604 2312 681 2370 ad
715 2313 966 2372 caedem
998 2311 1217 2373 civium
1251 2312 1329 2376 de
1356 2310 1679 2386 Apennino
1711 2305 2037 2371 deduxisti.

203 2392 260 2453 3.
305 2393 636 2471 Lapidibus
669 2395 791 2455 duo
830 2398 1118 2457 consules
1151 2393 1519 2456 ceciderunt.

199 2478 258 2537 4.
304 2477 413 2551 Qui
446 2479 647 2538 multis
677 2477 1158 2553 inspectantibus
1192 2484 1375 2555 caput
1400 2477 1689 2549 feriebas,
1720 2474 1942 2536 femina
1971 2477 2137 2551 plan-

69 2562 288 2637 gebas.

197 2728 321 2787 5..
349 2772 364 2787 .
392 2772 407 2787 .
438 2773 449 2785 .
475 2729 587 2788 ber
616 2728 932 2788 animosae
962 2726 1303 2785 confidens.

204 2809 262 2871 6.
307 2813 440 2871 Non
487 2812 713 2886 pudet?
789 2810 912 2871 Sed
964 2808 1108 2884 quid
1154 2810 1385 2884 pudeat
1428 2804 1733 2867 hominem
1779 2821 1900 2864 non
1949 2803 2135 2863 modo

71 2895 211 2956 sine
245 2895 513 2971 pudore,
545 2911 757 2954 verum
787 2892 1033 2953 omnino
1066 2891 1202 2952 sine
1237 2892 1386 2952 ore?

203 2979 262 3036 7.
309 2976 411 3037 Sic
442 2976 599 3037 enim
641 2975 920 3038 homines
960 2982 1213 3050 egentes
1245 2981 1307 3034 et
1352 2973 1662 3034 turbarum
1695 2969 1900 3047 cupidi
1927 2972 2138 3045 loque-

70 3062 328 3122 bantur:
402 3061 448 3120 Ο
485 3063 528 3136 †
555 3061 747 3120 virum
775 3059 1030 3141 usuum·¹

202 3143 264 3205 8.
309 3144 468 3203 Male
492 3143 697 3203 dicere
727 3149 948 3215 autem,
984 3136 1166 3201 immo
1190 3156 1342 3199 vero
1371 3138 1556 3199 domo
1581 3135 1918 3214 principem
1945 3133 2141 3193 civem

69 3227 128 3287 vi
163 3234 228 3288 et
257 3234 423 3287 metu
456 3226 785 3288 continere.

197 3312 398 3371 111.1.
484 3311 567 3371 Ut
595 3327 750 3386 quas
779 3309 1033 3370 haberet
1064 3306 1123 3366 in
1151 3305 1453 3367 vestibulo
1484 3303 1725 3365 tabulas
1753 3301 2056 3376 refigeret.

200 3392 263 3455 2.
306 3394 542 3455 Etenim
591 3395 737 3467 tria,
792 3400 858 3453 ut
912 3391 1158 3466 opinor,
1214 3391 1366 3450 haec
1414 3387 1472 3447 in
1517 3383 1760 3447 Milonis
1812 3398 2140 3460 personam

2346 1873 2381 2136 vultu!
2344 1701 2381 1798 ΙΙΓ
2343 1221 2381 1638 ΜΙΙἹΔΗἾὶιι
2347 740 2381 1165 ΙΙΠΠΔΠιΙ-Α

2345 2161 2368 2337 ³10·th
