2381 3723
94 109 174 172 54
893 113 995 171 DE
1030 109 1349 172 OFFICllS

93 278 240 322 vero
267 270 327 322 et
372 279 581 323 earum
622 278 857 333 rerum,
913 260 1132 335 quibus
1166 262 1650 333 abundaremuS,
1702 264 2046 335 exportatio
2101 271 2168 322 et

92 362 330 419 earum,
386 345 606 421 quibus
650 360 1004 421 egeremus,
1058 344 1323 406 invectio
1379 352 1545 405 certe
1583 346 1746 404 nulla
1782 350 1981 416 essct,
2038 344 2166 404 nisi

90 429 184 491 his
217 429 568 490 muneribus
598 427 875 490 homines
909 429 1322 503 fungerentur.
1398 429 1755 502 Eademque
1779 426 2016 487 ratione
2044 444 2167 488 nec

90 511 327 587 lapides
371 529 447 572 ex
478 519 643 572 terra
673 510 1105 572 exciderentur
1136 513 1214 570 ad
1248 529 1428 574 usum
1478 517 1756 573 nostrum
1799 510 2164 582 necessarii,

90 612 204 654 nec
237 597 532 665 ‘serrum,
588 612 727 667 aeS‚
781 611 1022 665 aurum,
1079 598 1431 670 argentum’
1463 594 1843 654 effoderetur
1875 594 2164 669 ‘penitus

89 678 398 738 abditum’
456 677 590 738 sine
632 678 944 739 hominum
969 679 1177 739 labore
1222 687 1282 739 et
1321 692 1524 738 manu.
1611 679 1715 736 IV.
1759 679 1947 736 Tecta
1983 694 2162 749 ver0,

91 761 312 836 quibus
346 768 408 821 et
436 761 729 836 frigorum
756 761 851 822 vis
883 763 1214 838 pelleretur
1240 769 1302 821 et
1332 763 1603 822 calorum
1635 759 1951 821 molestiae
1981 761 2163 821 seda-

89 852 332 918 rentur,
389 846 554 904 unde
598 854 703 905 aut
746 843 914 907 initio
945 844 1155 920 generi
1202 845 1467 906 humano
1499 844 1632 905 dari
1674 844 2026 920 potuissent
2054 853 2166 905 aut

89 935 311 1003 postea
337 928 679 1002 subveniri,
732 929 784 989 si
814 937 919 990 aut
949 929 1006 989 vi
1037 928 1419 1004 tempestatis
1448 935 1553 989 aut
1599 935 1802 988 terrae
1840 935 2012 988 motu
2054 936 2166 988 aut

89 1018 394 1072 vetustate
439 1011 836 1086 cecidissent,
880 1011 996 1073 nisi
1037 1012 1378 1073 communis
1409 1011 1534 1072 vita
1568 1012 1645 1071 ab
1675 1010 2023 1072 hominibus
2057 1011 2163 1070 ha·

89 1111 221 1156 rum
252 1112 454 1156 rerum
486 1095 708 1156 auxilia
730 1104 942 1173 petere
970 1095 1327 1157 didicisset?
1376 1097 1470 1155 14.
1509 1095 1691 1155 Adde
1722 1096 1945 1156 ductus
1972 1111 2164 1170 aqua-

88 1196 256 1252 rum,
307 1179 721 1242 derivationes
763 1180 1108 1252 fluminum,
1162 1196 1448 1254 agrorum
1485 1178 1908 1254 irrigationes,
1958 1181 2162 1238 moles

91 1263 412 1339 oppositas
455 1264 776 1337 fluctibuS,
827 1272 1043 1340 portus
1093 1280 1275 1324 manu
1328 1265 1557 1335 sactOS,
1615 1278 1774 1337 quae
1818 1264 1982 1323 unde
2023 1261 2164 1323 sine

89 1346 402 1408 hominum
450 1365 641 1422 opere
694 1347 922 1407 habere
973 1349 1343 1423 possemus?
1414 1348 1507 1406 Ex
1551 1345 1772 1421 quibus
1828 1345 2161 1421 multisque

88 1431 223 1490 aliis
252 1430 645 1506 perspicuum
671 1437 797 1502 est,
833 1431 934 1504 qui
966 1432 1200 1491 fructus
1232 1447 1514 1506 quaeque
1543 1429 1832 1490 utilitates
1862 1447 1940 1489 ex
1963 1430 2158 1489 rebus

87 1511 191 1584 iis,
224 1529 381 1586 quae
411 1521 555 1573 sunt
580 1513 912 1588 inanimae,
945 1513 1387 1590 percipiantur,
1440 1529 1547 1574 eas
1589 1530 1706 1574 nos
1753 1515 1917 1573 nullo
1966 1514 2160 1573 modo

89 1594 222 1655 sine
250 1595 560 1656 hominum
586 1613 767 1656 manu
799 1605 985 1671 atque
1016 1615 1208 1674 opera
1229 1614 1454 1673 capere
1483 1595 1780 1672 potuisse.
1854 1595 1968 1672 Qui
1991 1596 2160 1656 deni-

91 1695 210 1753 que
252 1694 331 1738 ex
371 1679 583 1740 bestiis
627 1681 861 1741 fructus
905 1687 1011 1740 aut
1057 1699 1214 1755 quae
1242 1680 1675 1752 commoditas,
1730 1679 1846 1740 nisi
1878 1679 2156 1739 homines

88 1761 480 1837 adiuvarent,
511 1763 743 1840 percipi
772 1766 1027 1839 posset?
1066 1766 1215 1824 Nam
1247 1773 1309 1826 et
1338 1765 1439 1840 qui
1470 1763 1778 1840 principes
1805 1762 2155 1824 inveniendi

88 1846 333 1908 fuerunt
391 1865 574 1923 quem
625 1865 702 1909 ex
757 1864 1000 1924 quaque
1062 1849 1244 1910 belua
1293 1865 1473 1909 usum
1534 1847 1762 1908 habere
1822 1864 2155 1923 possemus

85 1930 367 1994 homines
403 1940 569 1993 certe
593 1934 836 1993 ruerunt
873 1948 988 1992 nec
1012 1932 1129 1993 hoc
1158 1940 1438 2008 tempore
1472 1931 1607 1992 sine
1629 1931 1940 1991 hominum
1964 1946 2157 2006 opera

86 2022 192 2074 aut
208 2032 469 2092 pascere
495 2033 605 2077 eas
629 2024 735 2077 aut
762 2017 1013 2078 domare
1040 2023 1146 2076 aut
1173 2017 1332 2075 tueri
1361 2022 1466 2075 aut
1484 2014 1886 2090 tempestivos
1920 2016 2156 2073 fructus

87 2114 163 2158 ex
193 2098 269 2159 iis
299 2116 521 2175 capere
550 2117 916 2176 possemus,
952 2101 1029 2160 ab
1061 2100 1419 2174 eisdemque
1450 2106 1511 2158 et
1544 2114 1684 2169 eae,
1719 2113 1876 2173 quae
1906 2104 2155 2169 nocent,

84 2179 529 2242 interficiuntur
551 2193 613 2241 et
643 2200 799 2255 quae
823 2182 964 2245 usui
984 2189 1251 2259 possunt
1272 2197 1415 2244 esse
1441 2180 1778 2258 capiuntur.
1869 2182 1965 2241 15.
2000 2180 2153 2256 Quid

85 2280 439 2325 enumerem
480 2264 698 2325 artium
742 2265 1207 2338 multitudinem,
1275 2266 1409 2325 sine
1462 2264 1684 2340 quibus
1730 2263 1853 2325 vita
1903 2263 2154 2324 omnino

84 2347 250 2406 nulla
298 2364 440 2407 esse
483 2347 830 2421 potuisset?
901 2348 1054 2423 Quid
1097 2349 1256 2409 enim
1306 2346 1511 2423 aegris
1555 2347 1937 2420 subveniret,
1995 2363 2156 2423 quae

85 2436 254 2489 esset
299 2430 624 2491 oblectatio
660 2431 1023 2505 valentium,
1085 2432 1187 2507 qui
1232 2431 1431 2493 victus
1464 2438 1570 2492 aut
1600 2434 1829 2504 cultuS,
1883 2428 2000 2492 nisi
2027 2437 2154 2490 tam

86 2513 308 2574 multae
338 2513 514 2574 nobis
541 2522 705 2577 artes
737 2514 1185 2576 ministrarent?
1230 2517 1448 2591 quibus
1478 2516 1663 2576 rebus
1696 2514 1940 2575 exculta
1965 2512 2154 2573 homi·

85 2614 228 2657 num
265 2597 388 2658 vita
416 2605 648 2659 tantum
692 2599 923 2661 destitit
955 2615 991 2658 a
1033 2598 1198 2659 victu
1230 2608 1290 2659 et
1320 2602 1483 2659 cultu
1526 2598 1878 2659 bestiarum.
1950 2597 2153 2657 Urbes

81 2697 235 2743 vero
268 2682 401 2743 sine
433 2681 741 2744 hominum
771 2691 950 2745 coetu
982 2699 1104 2743 non
1144 2683 1495 2756 potuissent
1532 2699 1647 2742 nec
1685 2680 1997 2742 aedificari
2037 2697 2155 2740 nec

85 2765 486 2839 frequentari,
548 2784 626 2827 ex
673 2784 795 2844 quo
845 2768 1018 2842 leges
1058 2782 1391 2841 moresque
1436 2765 1779 2838 constituti,
1829 2772 1957 2825 tum
2001 2761 2153 2825 iuris

82 2863 283 2922 aequa
330 2847 663 2926 descriptio
714 2858 1005 2925 certaque
1048 2848 1293 2909 vivendi
1335 2848 1682 2925 disciplina:
1743 2864 1898 2923 quas
1946 2863 2051 2908 res
2094 2854 2155 2907 et

82 2933 493 2993 mansuetudo
517 2933 858 2994 animorum
886 2939 1221 2994 consecuta
1245 2941 1305 2993 et
1327 2931 1698 2993 verecundia
1718 2940 1814 2992 est
1836 2932 2151 2992 effectum-

84 3031 204 3090 que
234 3023 304 3076 ut
331 3022 502 3077 esset
525 3015 644 3075 vita
671 3016 956 3077 munitior
984 3023 1167 3092 atque
1204 3026 1273 3077 ut
1305 3018 1509 3077 dando
1545 3023 1616 3092 et,
1639 3014 2000 3091 accipiendo
2024 3031 2153 3075 mu-

85 3098 452 3175 tuandisque
484 3100 869 3159 facultatibus
888 3107 950 3160 ct
973 3099 1439 3160 commodandis
1471 3101 1635 3160 nulla
1663 3114 1731 3159 re
1761 3114 2109 3175 egeremus

208 3184 285 3240 V.
339 3183 432 3243 16.
521 3182 861 3257 Longiores
903 3183 1024 3243 hoc
1066 3186 1205 3243 loco
1249 3199 1464 3243 sumus
1508 3198 1689 3257 quam
1732 3198 1994 3243 necesse
2035 3188 2152 3250 est.

85 3261 231 3336 Quis
281 3271 378 3323 est
427 3263 586 3324 enim
637 3264 735 3325 cui
776 3282 899 3325 non
944 3265 1274 3341 perspicua
1323 3266 1445 3328 sint
1482 3266 1611 3339 illa,
1663 3282 1819 3340 quae
1872 3263 2152 3341 pluribus

86 3344 290 3405 verbis
321 3360 357 3403 a
384 3347 669 3408 Panaetio
706 3356 1289 3422 commemorantur,
1347 3347 1651 3409 neminem
1684 3363 1885 3424 neque
1928 3347 2153 3409 ducem
2191 3387 2196 3388 ff
