2381 3723
144 115 273 181 :330
947 115 1440 177 FRAGMENTA
2133 126 2233 182 ιω

145 270 266 331 Aut
291 270 522 330 Phoebo
549 271 863 330 instantem
892 270 1164 329 tardanti
1185 270 1444 331 reddere
1469 273 1677 343 lucem,

142 354 222 415 Se
247 360 361 415 toto
384 352 659 426 fundant
683 356 803 414 late
829 355 1008 428 iqnea
1034 354 1241 413 nubila
1270 356 1454 428 caelo,
2132 364 2232 420 135

143 439 274 499 Non
300 441 458 499 sicco
472 453 832 514 praeqnans
862 437 1055 497 arebit
1068 441 1323 511 pulvere
1340 441 1534 511 tellus,

144 522 269 583 Nec
296 522 426 593 tibi,
467 525 550 594 si,
591 523 828 596 superis
853 536 1033 596 quum
1059 519 1165 581 Sol
1193 528 1283 582 est
1300 524 1612 596 proximus
1637 524 1776 594 oris,

144 604 412 666 Obscura
437 604 646 665 radios
666 612 1031 679 praeeuntes
1057 607 1194 665 luce
1217 606 1454 679 videbis,

141 689 237 749 Sit
250 690 458 763 pudor
485 694 593 748 aut
606 690 879 764 pluviam
908 695 1014 749 aut
1042 695 1236 749 ventos
1264 691 1452 750 vitare
1480 689 1739 762 futuros.

145 773 384 846 Quoque
411 772 563 833 adeo
587 788 841 846 sumens
861 774 1059 847 primo
1086 773 1263 832 iubar
1280 789 1539 848 aequore
1563 773 1825 833 condunt
2132 780 2232 836 140

141 855 409 918 Maiores
437 856 738 929 tenebrae,
778 858 970 916 maior
992 859 1391 931 supereminet
1413 857 1616 917 inuber.

141 939 251 1000 Sin
284 942 448 1001 tenui
476 942 702 1000 lateant
725 939 894 1000 radii
917 942 1202 1014 caliyine‚
1245 943 1444 1016 qualis

142 1023 253 1085 Est
278 1031 518 1084 tenerae
538 1024 737 1096 facies
770 1025 1018 1085 nebulae
1043 1031 1105 1084 et
1128 1025 1431 1085 subtilibus
1457 1024 1696 1098 umbris,

159 1109 452 1169 Venturus
478 1109 715 1184 rapidis
742 1106 846 1168 Sol
869 1108 1280 1169 obscurabitur
1304 1111 1541 1168 austris.

138 1190 269 1252 Sed
292 1209 480 1267 neque
493 1238 507 1263 ‚
549 1194 606 1252 si
628 1195 834 1266 cinyat
852 1195 1033 1267 niqro
1058 1192 1376 1270 splendore
1400 1195 1644 1265 corolla,
2127 1202 2228 1256 145

140 1273 316 1336 Suda
345 1276 535 1350 dabit,
579 1292 807 1351 quoque
830 1284 920 1337 est
943 1275 1096 1337 Solis
1121 1278 1369 1336 vicinior
1396 1282 1575 1349 astro,

145 1358 271 1430 Quo
297 1363 554 1433 morior,
579 1363 782 1435 peior:
827 1360 1000 1421 binae
1027 1362 1367 1421 saevissima
1393 1362 1587 1434 siona.

141 1444 358 1518 Aspice
385 1458 552 1516 num,
594 1450 792 1504 terras
818 1459 995 1518 quum
1024 1444 1126 1505 Sol
1147 1445 1295 1519 petit
1323 1451 1431 1503 aut
1450 1445 1600 1519 petit
1620 1443 1832 1515 undas,

140 1527 450 1587 Erubeant
477 1527 660 1586 nubes
688 1560 768 1570 —
799 1529 1011 1589 dixere
1040 1522 1331 1605 παρήλια
1366 1527 1541 1588 Graii
1560 1559 1663 1599 --·‚

142 1611 197 1669 A
221 1609 427 1670 Borea
455 1617 564 1668 aut
588 1609 802 1669 Austro
832 1617 939 1669 aut
962 1627 1003 1669 a
1029 1610 1237 1672 Borea
1261 1617 1322 1671 et
1350 1612 1428 1671 ab
1455 1612 1700 1672 Austro.-
2127 1622 2233 1674 150

141 1692 357 1768 Aspice
387 1699 447 1753 et
468 1694 629 1753 banc
654 1709 852 1753 secors
878 1709 995 1754 non
1022 1711 1304 1770 umquam
1328 1697 1561 1769 neoliye
1586 1710 1815 1755 curam.

141 1776 410 1852 Namque
438 1783 751 1851 utrumque
771 1777 965 1851 sacis,
1006 1780 1063 1839 si
1086 1779 1293 1839 nubila
1319 1782 1566 1854 surqere
1592 1794 1800 1839 cernes

142 1863 392 1922 Aemula
417 1863 719 1924 Phoebeae
745 1863 1115 1938 mediumque
1141 1864 1314 1939 apud
1338 1879 1603 1938 aequora
1631 1861 1939 1936 Phoebwn,
2362 1847 2365 1920 1

139 1946 325 2007 Nulla
358 1962 528 2007 mora
555 1952 668 2020 est,
710 1948 897 2008 subito
924 1948 1304 2008 densissimus
1329 1950 1559 2021 inaruit
1579 1948 1780 2007 imber.
2363 1953 2364 2020 ι

151 2029 252 2089 Sin
278 2029 515 2092 Boreas
540 2047 724 2091 unam
751 2034 910 2093 caeli
931 2031 1039 2092 sub
1064 2034 1327 2093 culmina
1351 2030 1561 2092 nubem
2125 2039 2229 2091 155

140 2113 413 2188 Emittat,
456 2120 644 2176 metue
679 2131 720 2174 a
752 2114 984 2188 Borea,
1025 2118 1119 2175 sin
1145 2117 1388 2188 Auster,
1431 2115 1765 2175 ab⁴Austro.

138 2197 387 2258 Iunctus
413 2202 532 2259 erit
555 2199 809 2270 nimbus,
854 2201 911 2258 si
932 2201 1169 2260 iunctae
1197 2199 1444 2260 nubibus
1471 2199 1687 2259 undae.

144 2280 297 2351 Quin
329 2284 506 2341 etiam
535 2282 769 2341 occidui
796 2283 1087 2356 spectabis
1112 2285 1325 2343 littoris
1350 2297 1480 2355 ora,

144 2365 321 2424 Certa
350 2365 456 2424 tibi
479 2364 716 2425 occidui
738 2365 1086 2424 monstrabit
1108 2367 1319 2425 littoris
1340 2381 1470 2425 ora.
2363 2413 2364 2452 ἦ

139 2448 221 2506 At
245 2463 383 2508 vero
402 2450 575 2507 tenui
597 2450 871 2522 catiqans
896 2450 1117 2509 lumine
1142 2449 1375 2509 Phatne
1394 2447 1459 2520 '⁸)
2124 2456 2230 2511 16⁰
2361 2455 2364 2516 4

139 2530 330 2605 Siqna
359 2531 468 2591 dat
500 2533 563 2590 in
596 2532 826 2593 Cancro
856 2539 1129 2608 spectans
1156 2533 1470 2607 Aquilonia
1491 2531 1694 2605 flabra

142 2615 223 2675 Et
241 2617 515 2690 qeminae
543 2619 706 2676 tenui
728 2618 933 2677 stellae
953 2616 1200 2690 sulqore
1225 2619 1540 2690 micantes.-
2359 2543 2364 2754 1

142 2699 274 2760 Has
298 2715 415 2761 non
443 2701 725 2761 distantes
752 2702 993 2760 nimium
1021 2700 1334 2759 niiniumve
1353 2701 1724 2775 propinquas

139 2783 435 2858 ,Dispescit
462 2787 720 2859 spatium
747 2783 938 2845 cubito
965 2799 1083 2844 non
1111 2785 1293 2843 latius
1320 2798 1437 2843 uno
1452 2804 1472 2842 .·
2361 2789 2364 2928 ι

141 2866 263 2927 Illa
290 2867 445 2927 subit
466 2866 713 2930 Borean
726 2912 741 2941 ,
786 2867 939 2928 subit
962 2867 1112 2927 haec
1140 2868 1388 2928 vicinior
1411 2867 1709 2926 Austrum.
2124 2873 2226 2928 165
2363 2931 2364 2958 ¹

142 2949 274 3011 Has
302 2951 512 3011 Asinos
537 2951 772 3024 dicunt,
817 2951 1072 3012 mediam
1098 2951 1397 3026 stae-sepe
1422 2955 1723 3021 vocarunt,
2363 2969 2364 2990 ¹

145 3034 317 3106 Quod
340 3034 525 3095 subito
551 3035 812 3109 liquidas
837 3051 1017 3110 saepe
1040 3037 1338 3095 evanescit
1363 3037 1426 3093 in
1454 3049 1659 3104 auras,

281 3213 331 3277 ¹⁶²)
373 3216 527 3279 Apud
577 3215 824 3265 Priscian.
876 3215 967 3267 lib.
997 3216 1132 3266 xvl.
1189 3231 1302 3282 cap.
1336 3219 1387 3268 2.
1443 3218 1491 3278 S.
1530 3215 1612 3267 16.
1671 3215 1738 3266 cl.
1788 3213 1860 3263 ib.
1916 3212 2008 3262 lib.
2039 3211 2227 3264 xvm.

143 3294 257 3343 cap.
279 3281 365 3332 21.
404 3283 456 3343 S.
482 3284 601 3337 172.
643 3284 829 3350 legitur
860 3283 947 3334 hic
982 3300 1161 3337 verens
1199 3286 1303 3335 sic:

152 3365 263 3422 Ast
295 3370 499 3425 autem
532 3367 701 3429 tenui
736 3383 895 3443 quae
927 3371 1193 3431 candent
1221 3367 1448 3451 lumine
1475 3368 1769 3429 Phatnae.
