2381 3723
137 136 217 191 57
784 124 950 183 CAP.
981 134 1072 186 25.
1102 130 1190 186 26.
1236 132 1288 193 s.
1320 132 1581 188 91-99.
2094 123 2209 188 173

143 272 510 338 meministis
554 273 622 347 Q.
664 272 926 335 Maximo
981 275 1165 334 fratre
1208 273 1513 350 Scipionis
1560 283 1622 334 et
1654 275 1718 333 L.
1754 274 2030 340 Maneino
2071 292 2217 336 euti-

142 358 422 430 sulibuS,
474 374 653 433 quam
686 356 1000 433 popularis
1043 359 1140 418 lex
1181 358 1259 417 de
1290 356 1651 418 sacerdotiis
1681 357 1742 417 C.
1774 356 1982 418 Licinii
2011 355 2218 417 Crassi

145 441 503 502 videbatur!
576 440 895 516 cooptatio
950 440 1110 500 enim
1160 439 1555 516 collegiorum
1606 442 1680 500 ad
1731 440 1941 517 populi
1989 440 2215 501 benefi-

145 525 313 586 cium
359 525 862 592 transferebatur.
950 527 1155 599 Atque
1206 522 1259 584 is
1311 523 1543 599 primus
1595 523 1853 586 instituit
1904 523 1963 584 in
2017 525 2216 584 forum

142 625 376 669 versus
409 624 594 683 agere
625 624 763 668 cum
795 610 1047 683 populo.
1118 607 1344 667 Tamen
1387 607 1545 670 illius
1593 608 1955 669 vendibilem
1999 606 2215 668 oratio·

143 708 292 752 nem
322 690 533 767 religio
568 691 824 752 deorum
863 691 1288 754 immortalium
1332 690 1510 752 nobis
1540 692 2010 753 defendentibus
2043 691 2217 750 facile

145 774 454 835 vincebat.
524 776 734 850 Atque
784 774 846 834 id
886 782 1089 835 aetum
1141 782 1238 836 est
1283 785 1566 851 praetore
1614 793 1742 849 me,
1794 773 2214 852 quinquennio

144 866 294 918 ante
335 875 514 933 quam
559 859 777 918 consul
818 875 952 919 sum
991 860 1208 918 factus.
1275 859 1363 917 lta
1402 875 1470 917 re
1515 858 1708 935 magis
1746 875 1929 934 quam
1956 855 2216 919 auctori·

143 948 277 1001 tate
311 957 498 1002 causa
528 940 625 1000 illa
658 942 912 1002 defensa
942 952 1054 1001 est.

278 1053 493 1113 XXVI.
540 1051 641 1111 97.
730 1053 905 1127 Quod
938 1050 992 1112 si
1026 1051 1087 1112 in
1130 1068 1387 1124 scaena,
1429 1051 1490 1111 id
1523 1060 1646 1124 est,
1688 1052 1746 1112 in
1786 1049 2103 1122 contione,
2156 1049 2215 1109 in

148 1152 277 1212 qua
318 1137 504 1197 rebus
561 1134 720 1195 fictis
768 1143 826 1197 et
866 1134 1239 1196 adumbratis
1293 1134 1411 1196 loci
1458 1135 1780 1211 plurimum
1831 1142 1955 1207 est,
2016 1143 2213 1193 tamen

149 1237 364 1280 verum
395 1220 588 1292 valet,
639 1218 690 1279 si
719 1220 903 1281 modo
931 1219 995 1279 id
1027 1219 1395 1295 patefactum
1426 1226 1486 1279 et
1513 1219 1871 1281 illustratum
1903 1224 2027 1289 est,
2071 1215 2215 1291 quid

146 1304 212 1364 in
243 1302 500 1368 amicitia
540 1302 674 1362 fieri
703 1310 976 1379 oportet,
1035 1319 1192 1380 quae
1231 1309 1362 1362 tota
1390 1301 1644 1363 veritate
1676 1301 2114 1378 perpenditur?
2158 1299 2216 1358 in
2332 1314 2337 1318 ·

148 1404 276 1463 qua
301 1386 446 1459 nisi,
492 1395 556 1447 ut
587 1385 830 1459 dieitur,
875 1393 1151 1462 apertum
1183 1381 1401 1461 peetus
1435 1386 1649 1447 videas
1689 1393 1986 1461 tuumque
2016 1389 2217 1442 osten-

148 1471 295 1543 daS,
350 1469 490 1530 nihil
536 1470 758 1543 fidu-m,
815 1469 956 1529 nihil
996 1471 1377 1546 exploratum
1423 1470 1684 1544 habeas,
1735 1486 1813 1529 ne
1844 1484 2047 1529 amare
2091 1465 2216 1542 qui·

148 1554 293 1614 dem
322 1562 427 1613 aut
448 1552 666 1627 amari,
702 1571 889 1629 quum
917 1552 977 1613 id
1006 1571 1186 1629 quarn
1213 1568 1358 1613 vere
1385 1554 1492 1631 fiat
1511 1554 1781 1629 ignores.
1840 1554 2215 1628 Quamquam

148 1637 266 1697 ista
310 1636 684 1711 adsentatio,
742 1636 1019 1712 quamvis
1064 1636 1409 1713 perniciosa
1440 1637 1546 1709 sit,
1599 1654 1825 1699 nocere
1873 1644 2071 1696 tamen
2118 1649 2218 1692 ne-

151 1719 294 1780 mini
348 1727 557 1796 potest
608 1720 724 1780 nisi
769 1720 855 1793 ei,
917 1719 1021 1795 qui
1061 1738 1198 1781 eam
1238 1720 1454 1797 recipit
1504 1727 1689 1796 atque
1737 1737 1812 1781 ea
1863 1721 2216 1779 delectatur.

150 1807 240 1864 Ita
269 1803 338 1863 fit
367 1809 434 1863 ut
458 1803 511 1864 is
545 1803 1041 1865 adsentatoribus
1074 1804 1397 1880 patefaciat
1424 1820 1605 1865 aures
1630 1821 1775 1865 suas
1806 1801 2083 1873 maxime,
2116 1798 2219 1875 qui

151 1886 288 1962 ipse
310 1886 427 1947 sibi
450 1889 807 1949 adsentetur
830 1895 892 1948 et
920 1890 990 1948 'se
1014 1888 1275 1948 maxime
1298 1888 1434 1962 ipse
1457 1888 1736 1947 delectet.
1824 1885 1925 1946 98.
1958 1881 2217 1944 Omnino

156 1979 252 2030 est
282 1987 496 2031 amans
540 1971 636 2032 sui
662 1972 887 2032 virtus:
932 1971 1161 2046 optime
1208 1970 1366 2030 enim
1407 1987 1477 2029 se
1523 1970 1658 2045 ipsa
1697 1968 1868 2030 novit
1913 1981 2220 2040 quamque

154 2052 428 2115 amabilis
459 2053 540 2116 sit
560 2054 871 2131 intelligit.
905 2071 1022 2130 ego
1055 2061 1255 2115 autem
1291 2070 1416 2113 non
1441 2054 1518 2112 de
1549 2053 1769 2113 virtute
1790 2068 1951 2112 nunc
1978 2053 2211 2123 loquor,

157 2136 271 2196 sed
304 2139 383 2197 de
414 2138 653 2199 virtutis
686 2138 995 2215 opinione.
1069 2137 1309 2197 Virtute
1351 2135 1510 2196 enim
1555 2136 1691 2211 ipsa
1728 2140 1851 2197 non
1893 2142 2014 2195 tam
2053 2129 2221 2190 multi

158 2221 413 2296 praediti
444 2239 587 2283 esse
619 2239 801 2297 quam
833 2220 1028 2282 videri
1069 2222 1301 2281 volunt.
1375 2221 1507 2280 Hos
1551 2221 1813 2281 delectat
1858 2213 2213 2286 adsentatio,

156 2304 250 2364 his
298 2304 478 2367 fictus
532 2307 609 2365 ad
653 2306 929 2382 ipsorum
979 2307 1356 2366 voluntatem
1400 2320 1605 2366 sermo
1653 2321 1838 2379 quum
1882 2299 2219 2369 adhibetur,

157 2387 495 2449 orationem
546 2390 705 2449 illam
756 2405 975 2449 vanam
1029 2386 1439 2449 testimonium
1490 2404 1634 2450 esse
1677 2389 1921 2447 laudum
1975 2394 2221 2445 suarum

158 2478 393 2545 putant.
465 2473 640 2533 Nulla
683 2479 779 2534 est
818 2471 1000 2548 igitur
1039 2473 1193 2532 haee
1234 2469 1521 2543 amicitia,
1582 2489 1767 2545 quum
1818 2472 1970 2530 alter
2011 2480 2221 2526 verum

159 2554 370 2614 audire
403 2573 525 2616 non
558 2557 713 2628 vult,
760 2557 913 2615 alter
942 2556 1020 2615 ad
1054 2553 1467 2614 mentiendum
1499 2561 1750 2629 paratus
1784 2561 1899 2614 est.
1963 2550 2088 2609 Nee
2116 2563 2221 2622 pa—

159 2637 485 2699 rasitorum
537 2639 594 2699 in
639 2638 975 2700 comoediis
1024 2636 1368 2699 adsentatio
1419 2639 1616 2697 faceta
1662 2635 1839 2698 nobis
1891 2632 2220 2701 videretur,

161 2719 277 2780 nisi
316 2729 528 2782 essent
559 2722 775 2783 milites
808 2721 1080 2796 gloriosi.

330 2834 590 2909 Maqnas
618 2850 754 2894 vero
784 2851 966 2908 aqere
992 2838 1227 2909 qratias
1262 2834 1441 2894 Thais
1468 2828 1651 2892 mihi?

165 2942 328 3004 Satis
369 2950 500 3003 erat
541 2946 939 3020 respondere
971 2962 1239 3021 maanus.
1319 2946 1622 3020 luperam,
1671 2941 1884 3018 inquit.
1970 2940 2226 3014 Semper

136 3032 351 3101 -auget
382 3027 742 3089 adsentator
770 3027 862 3102 id,
916 3028 1124 3104 quod
1112 3046 1193 3101 ιε,
1248 3028 1421 3089 cuius
1466 3028 1542 3086 ad
1584 3029 1959 3088 voluntatem
1991 3019 2224 3095 dicitur,

166 3110 295 3169 vult
340 3126 481 3170 esse
535 3127 859 3187 magnum·
927 3112 1025 3172 99.
1068 3114 1259 3187 Quam
1303 3112 1383 3172 ob
1425 3128 1553 3171 rem
1598 3122 1961 3186 quamquam
2004 3104 2226 3164 blanda

169 3191 287 3252 ista
329 3192 568 3255 vanitas
608 3196 772 3271 apud
814 3211 926 3256 eos
971 3196 1157 3268 valet,
1208 3194 1312 3270 qui
1341 3193 1460 3270 ipsi
1499 3196 1672 3254 illam
1700 3191 2005 3251 adlectant
2038 3195 2097 3247 et
2142 3188 2201 3248 in

173 3274 391 3349 vitant,
439 3285 639 3338 tamen
676 3279 856 3338 etiam
885 3278 1201 3353 graviores
1243 3277 1817 3348 constantioresque
1859 3268 2226 3332 admonendi

166 3367 343 3433 sunt,
402 3368 468 3421 ut
516 3360 1000 3450 animadvertant
1039 3379 1125 3422 ne
1161 3360 1380 3421 callida
1422 3356 1845 3421 adsentatione
1890 3353 2225 3430 capiantur,
