2381 3723
145 118 258 180 166
608 115 936 176 LAELIUS
972 116 1073 176 DE
1107 116 1455 176 AMICITIA
1490 116 1721 175 LIBER
2136 127 2205 180 50

134 270 207 331 iis
242 268 320 330 eti
326 286 450 342 t,1m
485 286 642 344 quac
674 275 818 329 sunt
853 267 1147 339 inanima,
1183 268 1568 327 consuetudo
1602 268 1785 340 valet,
1832 285 2018 343 quum
2050 268 2203 330 locis

134 352 286 429 ipsis
321 354 723 425 delectemur,
757 350 1102 413 montuosis
1135 349 1315 410 etiam
1348 356 1408 410 et
1438 349 1854 424 silvestribus,
1887 350 1945 410 in
1981 350 2204 465 quibus

135 435 362 497 diutius
401 436 760 497 commorati
799 453 1033 497 sumus.

261 519 360 580 69.
407 519 530 579 Sed
571 519 897 579 maximum
938 527 1035 581 est
1075 518 1132 577 in
1176 516 1436 577 amicitia
1478 534 1685 593 parem
1729 533 1870 577 esse
1911 515 2202 579 inferiori.

134 604 336 678 Saepe
368 601 526 662 enim
566 603 964 664 excellentiae
1002 603 1304 678 quaedam
1339 608 1515 674 sunt,
1574 600 1769 676 qualis
1814 607 1945 661 erat
1972 600 2203 677 Scipio-

132 687 227 748 nis
257 685 316 744 in
350 693 593 759 nostro,
631 692 694 744 ut
723 687 804 746 ita
839 688 1066 758 dicam,
1113 701 1323 761 grege.
1407 686 1748 759 Numquam
1782 700 1852 744 se
1882 683 1981 744 ille
2012 684 2200 756 Philo,

132 785 463 842 numquam
520 768 798 845 Rupilio,
857 785 1188 846 numquam
1245 767 1535 829 Mummio
1596 767 1975 842 anteposuit,
2034 786 2201 829 num-

134 870 317 928 quam
360 851 664 914 inferioris
706 854 938 915 ordinis
968 851 1197 914 amicis.
1281 853 1348 926 Q.
1386 868 1533 913 vero
1562 851 1892 911 Maximum
1936 852 2202 925 fratrem,

133 936 443 1012 egregium
490 935 685 997 virum
719 938 997 1013 omnino,
1054 935 1170 1000 sibi
1220 953 1608 1012 nequaquam
1645 953 1883 1012 parem,
1939 938 2104 1012 quod
2148 936 2199 995 is

131 1019 398 1081 anteibat
428 1027 650 1094 aetate,
680 1028 988 1098 tamquam
1016 1020 1395 1096 superiorem
1423 1021 1666 1081 colebat
1691 1036 1966 1095 suosque
1986 1036 2199 1081 omnes

129 1121 245 1180 per
285 1120 356 1164 se
403 1120 546 1166 esse
584 1105 914 1181 ampliores
958 1104 1224 1167 volebat.
1313 1104 1411 1163 70.
1469 1104 1644 1179 Quod
1691 1103 2032 1164 faciendum
2075 1102 2200 1163 imi-

133 1189 638 1264 tandumque-est
668 1189 982 1261 omnibus,
1025 1196 1124 1261 ut,
1170 1186 1226 1249 si
1263 1204 1443 1262 quam
1478 1186 1908 1263 praestantiam
1942 1185 2198 1259 virtutis,

133 1270 386 1346 ingenii,
420 1273 702 1332 fortunae
733 1273 1052 1334 consecuti
1085 1279 1257 1344 sunt,
1293 1270 1640 1347 impertiant
1669 1287 1743 1330 ea
1774 1269 1902 1330 suis
1933 1286 2199 1331 commu·

132 1354 460 1429 nicentque
492 1371 628 1414 eum
660 1356 988 1431 proximis,
1043 1364 1135 1427 ut,
1181 1354 1235 1416 si
1271 1354 1623 1428 parentibus
1663 1353 1786 1414 nati
1817 1353 1939 1414 sint
1969 1352 2197 1414 humili-

134 1439 280 1510 bus,
349 1438 404 1498 si
454 1438 839 1513 propinquos
892 1439 1156 1500 habeant
1212 1437 1639 1499 imbecilliores
1692 1439 1789 1496 vel
1842 1436 2043 1498 animo
2102 1438 2196 1497 vel

132 1522 401 1592 fortuna,
466 1536 678 1581 eorum
725 1531 991 1599 augeant
1033 1539 1187 1598 opes
1236 1522 1451 1596 eisque
1501 1519 1722 1582 honori
1762 1520 1883 1580 sint
1914 1528 1975 1581 et
2009 1519 2194 1596 digni-

133 1602 263 1663 tati:
320 1610 387 1663 ut
436 1600 493 1661 in
541 1605 792 1678 fabuliS,
850 1605 954 1682 qui
995 1606 1257 1681 aliquam
1301 1605 1405 1665 diu
1459 1611 1711 1680 propter
1758 1603 2195 1680 ignorationem

130 1684 336 1761 stIrpis
374 1693 436 1746 et
461 1687 706 1761 generis
749 1688 807 1748 in
843 1687 1416 1761 famulatu-fuerim,
1463 1706 1648 1762 quum
1695 1687 1918 1763 cogniti
1964 1697 2106 1747 sunt
2139 1694 2199 1747 et

130 1776 234 1829 aut
266 1770 522 1830 deorum
554 1780 659 1831 aut
691 1788 906 1847 regum
935 1772 1036 1833 filii
1065 1772 1320 1845 inventi,
1368 1770 1627 1832 retinent
1652 1778 1853 1831 tamen
1887 1770 2195 1831 caritatem

130 1852 187 1912 in
215 1860 531 1930 pastoreS,
569 1871 727 1930 quos
761 1864 967 1933 patres
993 1859 1215 1921 multos
1240 1873 1437 1917 annos
1462 1872 1603 1916 esse
1634 1856 1960 1917 duxerunt.
2020 1854 2197 1935 Quod

130 1944 226 1998 est
255 1939 442 1999 multo
475 1940 755 2012 profecto
801 1941 993 2016 magis
1024 1941 1083 2001 in
1124 1939 1289 2001 veris
1321 1939 1594 2016 patribus
1632 1938 1940 2015 certisque
1973 1936 2196 1998 faciun-

131 2021 298 2081 dum.
366 2022 625 2084 Fructus
657 2023 816 2084 enim
856 2023 1082 2100 ingenii
1129 2031 1190 2084 et
1228 2022 1466 2084 virtutis
1512 2022 1835 2097 omnisque
1880 2029 2193 2098 praestan-

131 2103 249 2164 tiae
290 2112 415 2165 tum
470 2106 768 2168 maximus
824 2109 1089 2185 capitur,
1161 2124 1347 2182 quum
1397 2107 1457 2165 in
1501 2105 1844 2181 proximum
1888 2122 2195 2181 quemque

131 2189 461 2247 confertur.

255 2270 385 2330 XX.
431 2271 529 2328 71.
605 2273 680 2333 Ut
707 2271 890 2346 igitur
917 2272 985 2347 ii,
1021 2275 1124 2349 qui
1148 2274 1371 2335 suntin
1395 2272 1693 2334 amicitiae
1721 2271 2191 2333 coniunctionis·

131 2370 251 2427 que
282 2353 738 2414 necessitudine
783 2356 1168 2431 superiores,
1223 2373 1570 2432 exaequare
1600 2373 1671 2417 se
1713 2373 1851 2417 cum
1900 2352 2196 2416 inferiori-

129 2435 241 2495 bus
277 2435 530 2510 debent,
586 2436 676 2497 sic
718 2437 1037 2501 inferiores
1078 2458 1201 2501 non
1232 2441 1444 2502 dolere
1482 2457 1551 2502 se
1586 2457 1622 2499 a
1654 2439 1781 2500 suis
1819 2445 1921 2498 aut
1948 2437 2191 2514 ingenio

125 2525 232 2579 aut
289 2520 534 2579 fortuna
585 2528 692 2581 aut
736 2521 1023 2597 dignitate
1074 2523 1372 2600 superari.
1462 2526 1729 2599 Quorum
1770 2521 2049 2599 plerique
2090 2529 2197 2583 aut

127 2609 466 2676 queruntur
503 2620 748 2681 semper
778 2605 1003 2681 aliquid
1039 2614 1144 2667 aut
1176 2606 1355 2667 etiam
1388 2608 1792 2683 exprobrant,
1838 2620 2042 2680 eoque
2073 2622 2195 2665 ma-

125 2686 247 2760 giS,
282 2686 333 2748 si
363 2688 590 2748 habere
623 2705 691 2750 se
724 2696 941 2765 putant
977 2691 1143 2764 quod
1181 2689 1463 2751 officiose
1506 2696 1567 2750 et
1604 2689 1798 2749 amice
1838 2697 1899 2748 et
1944 2705 2079 2749 cum
2112 2690 2193 2747 la—

128 2770 276 2830 bore
306 2768 509 2845 aliquo
543 2789 658 2832 suo
700 2773 919 2833 factum
952 2780 1178 2848 queant
1210 2773 1446 2834 dicere:
1494 2773 1778 2834 odiosum
1814 2789 1965 2832 sane
1994 2787 2192 2846 genus

125 2849 434 2912 hominum
476 2855 680 2915 officia
721 2855 1251 2932 exprobrantium,
1306 2874 1465 2933 quae
1506 2855 1859 2918 meminisse
1892 2854 2076 2915 debet
2118 2853 2191 2925 is,

125 2932 184 2995 in
247 2951 428 3011 quem
496 2940 716 2999 collata
774 2947 948 3013 sunt,
1017 2956 1141 3000 non
1208 2955 1687 3002 commemorare
1745 2937 1851 3015 qui
1920 2936 2191 2999 contulit

61 3097 70 3104 ‘
115 3023 215 3083 72.
265 3023 454 3097 Quam
493 3024 572 3082 ob
603 3041 731 3083 iem
764 3033 831 3084 ut
860 3024 930 3094 ii,
982 3024 1086 3098 qui
1117 3025 1478 3098 superiores
1511 3033 1682 3095 sunt,
1724 3024 2090 3084 submittere
2128 3038 2200 3082 se

114 3108 342 3169 debent
385 3107 446 3168 in
494 3106 788 3178 amicitia,
837 3107 928 3168 sic
967 3109 1248 3182 quodam
1287 3108 1474 3168 modo
1521 3105 1847 3168 inferiores
1879 3110 2196 3169 extollere.

115 3191 272 3252 Sunt
318 3192 476 3253 enim
510 3194 788 3267 quidam,
839 3192 943 3268 qui
990 3195 1291 3254 molestas
1338 3191 1637 3253 amicitias
1685 3192 1946 3265 faciunt,
2008 3208 2198 3267 quum

113 3275 231 3346 ipsi
273 3292 345 3335 se
387 3278 696 3338 contemni
741 3284 990 3353 putant:
1044 3279 1215 3353 quod
1263 3295 1387 3338 non
1435 3279 1565 3337 fere
1597 3276 1896 3353 contingit
1937 3276 2055 3336 nisi
2100 3274 2199 3348 iiS,
2241 3333 2250 3342 ,

116 3356 219 3429 qui
267 3359 445 3419 etiam
477 3362 975 3425 contemnendos
1025 3379 1096 3423 se
1143 3361 1549 3435 arbitrantur,
1598 3362 1702 3438 qui
1748 3363 1865 3422 hac
1902 3358 2203 3437 opinione
