2381 3723
666 111 807 170 LlB.
845 110 942 169 111.
990 109 1155 170 CAP.
1188 119 1381 173 6—8.
1425 119 1480 180 S.
1512 120 1780 176 32—--37.
2007 111 2014 117 ’
2181 114 2264 177 89

174 269 359 339 parte
388 268 535 338 post
564 259 917 324 Panaetium
948 261 1351 338 explicatum,
1387 264 1556 340 quod
1588 263 1834 339 quidem
1871 261 2014 325 mihi
2042 262 2262 343 proba·

107 363 122 369 “
176 351 369 418 retur,
406 346 484 405 de
514 345 621 419 iis,
658 362 816 422 quae
846 345 906 407 in
939 344 1156 408 manus
1188 363 1360 408 meas
1392 347 1689 408 venerint.

303 429 463 489 Vlll.
510 429 610 491 35.
702 430 900 505 Quum
939 429 1124 507 igitur
1165 432 1371 506 aliqua
1414 431 1660 507 species
1709 429 1979 493 utilitatis
2023 431 2264 494 obiecta

178 520 308 585 est,
344 513 730 574 commoveri
773 530 1038 576 necesse
1068 521 1182 575 est.
1256 514 1379 575 Sed
1424 514 1511 588 si,
1562 533 1748 592 quum
1779 514 2044 577 animum
2075 524 2263 577 atten-

177 595 380 669 deriS,
425 596 862 673 turpitudinem
900 597 1113 660 videas
1155 597 1503 660 adiunctam
1535 599 1592 660 ei
1630 601 1747 674 rei,
1805 615 1963 676 quae
1989 599 2261 677 speciem

119 750 127 769 1
176 678 452 741 utilitatis
482 681 777 754 attulerit,
829 689 953 743 tum
985 698 1106 743 non
1140 681 1364 744 utilitas
1402 683 1808 760 relinquenda
1856 691 1977 758 est,
2034 686 2147 746 sed
2179 685 2262 745 in-

177 764 577 840 telligendum
618 765 720 826 ubi
752 765 1063 842 turpitudo
1097 765 1204 840 sit,
1246 766 1328 826 ibi
1357 766 1671 829 utilitatem
1707 785 1851 829 esse
1879 785 2003 829 non
2046 786 2261 846 posse.

177 849 361 923 Quod
406 848 459 908 si
501 848 646 909 nihil
695 858 791 911 est
824 859 943 911 tam
996 859 1211 911 contra
1269 860 1548 912 naturam
1601 868 1781 928 quam
1833 852 2146 928 turpitudo
2177 887 2260 897 —

174 938 348 992 reeta
407 931 567 992 enim
608 939 669 993 et
714 932 1141 994 convenientia
1183 941 1245 995 et
1293 933 1639 996 constantia
1693 941 1911 996 natura
1953 936 2263 998 desiderat

174 1022 672 1091 aspernaturque
704 1016 1007 1078 contraria
1029 1053 1114 1063 —-
1144 1017 1414 1094 nihilque
1447 1025 1566 1079 tam
1611 1019 1953 1080 secundum
1984 1027 2259 1081 naturam

177 1115 365 1174 quam
410 1098 667 1173 utilitas,
729 1107 895 1161 certe
934 1101 993 1161 in
1037 1103 1254 1162 eadem
1292 1119 1361 1163 re
1405 1100 1628 1162 utilitas
1662 1109 1722 1162 et
1760 1101 2075 1178 turpitudo
2118 1121 2261 1165 esse

175 1198 302 1243 non
340 1190 572 1258 potest.
643 1185 948 1259 Itemque,
1006 1184 1062 1242 si
1103 1186 1184 1246 ad
1221 1186 1607 1247 honestatem
1646 1186 1773 1246 nati
1813 1202 2028 1247 sumus
2065 1204 2262 1262 eaque

175 1273 283 1326 aut
334 1268 474 1327 sola
526 1269 875 1343 expetenda
922 1276 1047 1343 est,
1105 1277 1174 1330 ut
1224 1269 1456 1331 Zenoni
1509 1269 1712 1330 visum
1764 1276 1885 1342 est,
1953 1278 2058 1331 aut
2097 1278 2263 1331 certe

178 1348 347 1410 omni
384 1351 667 1427 pondere
701 1352 949 1427 gravior
989 1353 1274 1414 habenda
1311 1369 1495 1429 quam
1533 1352 1769 1429 reliqua
1802 1352 2033 1426 omnia,
2094 1352 2261 1430 quod

174 1433 501 1496 Aristoteli
548 1437 784 1513 placet,
835 1452 1100 1498 necesse
1128 1445 1252 1511 est,
1309 1438 1477 1513 quod
1505 1438 1834 1500 honestum
1869 1436 1976 1513 sit,
2024 1437 2084 1498 id
2120 1455 2263 1498 esse

176 1525 284 1579 aut
334 1520 537 1580 solum
582 1527 692 1581 aut
731 1538 1035 1583 summum
1088 1522 1381 1596 bonum„
1410 1523 1579 1598 quod
1629 1528 1833 1582 autem
1877 1521 2137 1595 bonum,
2200 1520 2262 1582 id

178 1610 351 1664 certe
384 1604 563 1677 utile,
605 1603 719 1679 ita,
764 1603 1060 1681 quidquid
1107 1606 1465 1679 honestum,
1516 1605 1575 1665 id
1617 1605 1780 1668 utile.
1868 1605 1970 1668 36.
2018 1607 2147 1682 Qua
2194 1622 2261 1665 re

178 1704 357 1748 error
409 1687 721 1750 hominum
768 1706 890 1750 non
934 1690 1303 1764 proborum,
1354 1707 1540 1766 quum
1587 1690 1844 1775 aliquid,
1901 1691 2066 1765 quod
2116 1690 2260 1751 utile

178 1772 378 1832 visum
416 1782 539 1846 est,
584 1772 878 1850 adripuit,
921 1772 983 1833 id
1014 1773 1304 1835 continuo
1341 1773 1608 1835 secernit
1649 1775 1725 1835 ab
1749 1775 2034 1835 honesto.
2106 1772 2260 1833 Hinc

176 1855 381 1929 sicae,
426 1855 567 1917 hinc
600 1874 871 1933 venena,
922 1856 1063 1918 hinc
1105 1859 1259 1920 salsa
1288 1867 1654 1920 testamenta
1697 1865 2066 1933 nascuntur,
2118 1856 2260 1918 hinc

176 1942 370 2014 furta,
432 1943 790 2017 peculatuS,
850 1942 1256 2016 expilationes
1301 1941 1807 2018 direptionesque
1844 1941 2152 2002 sociorum
2202 1949 2263 2000 et

176 2024 439 2100 civium,
498 2025 640 2085 hinc
673 2042 858 2102 opum
895 2025 1212 2086 nimiarum
1255 2026 1569 2102 potentiae
1609 2042 1733 2085 non
1779 2025 2095 2096 ferendae,
2155 2041 2260 2099 po-

175 2118 411 2169 stremo
459 2109 641 2170 etiam
683 2108 742 2169 in
776 2108 981 2171 liberis
1015 2108 1366 2170 civitatibus
1413 2109 1710 2184 regnandi
1745 2107 2053 2168 exsistunt
2093 2103 2260 2181 cupi·

176 2192 432 2266 ditateS‚
495 2194 720 2269 quibus
773 2192 917 2254 nihil
980 2209 1097 2254 nec
1146 2192 1404 2253 taetrius
1455 2209 1570 2253 nec
1626 2191 1869 2254 foedius
1925 2187 2260 2267 excogitari

173 2283 408 2353 potest.
478 2277 906 2340 Emolumenta
946 2277 1105 2337 enim
1145 2294 1352 2338 rerum
1399 2276 1714 2339 fallacibus
1759 2275 1997 2337 iudiciis
2028 2275 2258 2347 vident,

173 2378 450 2437 poenam
479 2378 602 2423 non
629 2360 768 2423 dico
801 2363 1035 2438 legum,
1067 2378 1224 2437 quas
1249 2378 1439 2437 saepe
1472 2368 1892 2438 perrumpunt,
1925 2362 2038 2422 sed
2063 2358 2259 2436 ipsius

176 2445 606 2521 turpitudinis,
652 2461 813 2522 quae
838 2444 1239 2507 acerbissima
1272 2452 1396 2519 est,
1443 2463 1567 2508 non
1602 2445 1834 2506 vident.
1924 2444 2024 2506 37.
2068 2443 2258 2518 Quam

176 2529 258 2590 ob
291 2545 429 2589 rem
453 2530 573 2591 hoe
607 2529 853 2605 quidem
887 2529 1351 2591 deliberantium
1374 2546 1570 2605 genus
1601 2531 1864 2603 pellatur
1896 2546 1931 2589 e
1958 2527 2259 2589 medio—-

175 2621 274 2674 est
323 2611 489 2674 enim
545 2620 740 2675 totum
794 2615 1160 2675 sceleratum
1213 2621 1274 2675 et
1327 2612 1576 2689 impium
1616 2645 1718 2685 —-,
1777 2611 1880 2686 qui
1925 2611 2261 2672 deliberant

178 2705 383 2759 utrum
431 2697 493 2757 id
544 2705 912 2772 sequantur,
966 2699 1135 2772 quod
1175 2698 1504 2758 honestum
1549 2712 1692 2757 esse
1736 2695 2014 2767 videant,
2070 2711 2143 2753 an
2190 2710 2261 2754 se

175 2780 454 2843 scientes
485 2784 724 2843 scelere
770 2782 1210 2843 contaminent:
1244 2781 1312 2841 -in
1348 2781 1485 2857 ipsa
1517 2779 1675 2842 enim
1710 2777 2086 2840 dubitatione
2120 2774 2261 2837 faci-

177 2883 298 2927 nus
328 2865 525 2941 inest‚
571 2865 749 2927 etiam
782 2866 836 2925 si
881 2867 961 2926 ad
990 2865 1049 2926 id
1084 2882 1207 2926 non
1240 2864 1646 2941 pervenerint.
1720 2864 1882 2940 Ergo
1928 2879 2003 2923 ea
2039 2863 2261 2924 delibe-

176 2951 377 3010 randa
409 2949 659 3011 omnino
692 2967 815 3012 non
843 2958 1010 3026 sunt,
1041 2949 1099 3009 in
1128 2948 1351 3023 quibus
1375 2957 1473 3011 est
1497 2949 1691 3026 turpis
1715 2947 1852 3025 ipsa
1880 2947 2261 3009 deliberatio.

176 3036 390 3111 Atque
444 3033 627 3095 etiam
685 3052 765 3095 ex
815 3034 981 3096 omni
1029 3033 1466 3095 deliberatione
1515 3033 1753 3095 celandi
1799 3040 1861 3097 et
1916 3027 2262 3093 occultandi

180 3136 331 3197 spes
368 3117 711 3196 opinioque
738 3120 1117 3180 removenda
1147 3125 1262 3179 est.
1335 3117 1496 3180 Satis
1540 3117 1701 3179 enim
1732 3115 1941 3188 nobiS,
1994 3113 2046 3175 si
2076 3113 2259 3173 modo

180 3204 237 3263 in
267 3202 669 3281 philosophia
712 3201 941 3280 aliquid
991 3201 1396 3279 profecimuS,
1458 3217 1827 3279 persuasum
1872 3214 2016 3259 esse
2058 3195 2260 3266 debet,

180 3286 234 3347 si
287 3304 512 3349 omnes
564 3289 720 3349 deos
766 3287 1175 3362 hominesque
1225 3288 1427 3347 celare
1469 3284 1814 3361 possimuS,
1863 3279 2011 3373 nihil
2060 3288 2259 3339 tamen

189 3388 406 3445 avare,
441 3369 590 3432 nihil
620 3370 875 3443 iniuste,
911 3370 1054 3431 nihil
1087 3367 1450 3441 libidinose,
1481 3366 1628 3427 nihil
1650 3364 2100 3423 incontinenter
2123 3372 2264 3417 esse
