2381 3723
136 122 258 198 140
495 135 692 196 cATo
723 135 977 197 MAIOR
1010 136 1111 200 mx
1146 135 1594 197 SENECTUTE
1626 136 1858 198 LlssEa
2145 147 2209 199 ας

134 289 384 363 longum
416 290 492 348 ad
537 287 697 347 bene
725 286 1111 361 honesteque
1144 286 1504 349 vivendum:
1554 286 1646 348 sin
1673 284 2059 363 processeris
2083 289 2206 348 lon-

133 372 288 447 giuS,
312 387 434 432 non
462 370 655 446 magis
683 371 1013 431 dolendum
1037 377 1136 430 est
1160 386 1343 445 quam
1367 370 1673 446 agricolae
1705 372 1916 433 dolent
1943 378 2211 447 praeter·

131 456 211 515 ita
244 457 415 515 verni
444 453 741 529 temporis
773 452 1073 514 suavitate
1105 461 1402 515 aestatem
1433 464 1916 531 autumnumque
1940 452 2210 514 venisse.

133 541 260 598 Ver
318 538 473 598 enim
530 545 841 612 tamquam
897 537 1376 597 adolescentiam
1445 538 1749 614 significat
1815 539 2211 612 ostenditque

131 623 367 681 fructus
401 624 666 693 futuros,
702 618 936 694 reliqua
964 627 1167 680 autem
1199 628 1475 698 tempora
1506 622 1886 683 demetendis
1914 620 2209 682 fructibus

133 712 194 765 et
226 704 636 781 percipiendis
680 704 1146 765 accommodata
1188 712 1349 765 sunt.
1425 707 1525 765 71.
1566 705 1824 767 Fructus
1870 712 2071 765 autem
2114 719 2211 764 se·

133 787 393 848 nectutis
425 796 551 861 est,
585 795 650 848 ut
684 804 873 863 saepe
905 787 1059 859 dixi,
1103 796 1244 848 ante
1284 796 1599 863 partorum
1642 790 1947 850 bonorum
1983 803 2209 847 memo·

133 872 221 930 ria
266 878 327 931 et
362 871 560 948 copia.
632 870 846 931 Omnia
876 879 1105 942 autem,
1158 888 1317 946 quae
1350 874 1690 935 secundum
1724 882 2002 933 naturam
2036 871 2210 942 fiunt,

133 962 277 1016 sunt
304 955 598 1017 habenda
629 955 690 1015 in
720 953 920 1016 bonis.
998 953 1151 1029 Quid
1196 963 1293 1015 est
1328 961 1531 1015 autem
1563 961 1685 1016 tam
1730 956 2073 1017 secundum
2104 970 2212 1012 na—

133 1046 326 1112 turam
363 1056 544 1115 quam
573 1038 825 1099 senibus
858 1036 1093 1099 emori?
1137 1039 1303 1112 quod
1336 1038 1496 1098 idem
1526 1038 1822 1115 contingit
1849 1039 2213 1098 adolescen-

131 1121 293 1183 tibus
334 1126 703 1184 adversante
726 1130 785 1183 et
809 1129 1192 1198 repugnante
1228 1131 1459 1183 natura.
1533 1123 1747 1197 Itaque
1776 1123 2210 1183 adolescentes

133 1205 274 1266 mihi
313 1207 466 1269 mori
499 1207 589 1269 sic
625 1207 934 1281 videntur,
974 1214 1041 1266 ut
1073 1222 1262 1281 quum
1292 1222 1491 1281 aquae
1521 1205 1900 1267 multitudine
1926 1205 2212 1264 flammae

132 1290 225 1350 vis
252 1291 631 1367 opprimitur,
666 1307 849 1352 senes
884 1296 1088 1350 autem
1112 1289 1203 1349 sic
1221 1296 1290 1349 ut
1315 1306 1499 1363 quum
1525 1306 1639 1350 sua
1660 1296 1886 1367 sponte
1913 1289 2079 1349 nulla
2104 1290 2212 1346 ad·

132 1374 317 1434 hibita
360 1374 419 1434 vi
450 1382 855 1450 consumptus
885 1372 1042 1448 ignis
1076 1372 1508 1448 exstinguitur,
1580 1380 1644 1433 et
1685 1372 1860 1448 quasi
1902 1388 2086 1448 poma
2129 1387 2212 1431 ex

132 1458 483 1531 arboribus,
517 1459 707 1518 cruda
736 1455 789 1517 si
818 1463 990 1528 sunt,
1044 1455 1147 1515 vix
1178 1457 1550 1529 evelluntur,
1585 1456 1637 1516 si
1663 1464 1897 1517 matura
1924 1463 1985 1515 et
2010 1462 2227 1527 cocta?

131 1539 453 1614 decidunt,
502 1541 592 1600 sic
640 1540 820 1600 vitam
864 1539 1363 1602 adolescentibus
1398 1541 1491 1601 vis
1533 1541 1760 1614 aufert,
1805 1539 2054 1601 senibus
2085 1554 2213 1596 ma-

133 1622 374 1697 turitas,
431 1640 590 1699 quae
629 1623 876 1698 quidem
922 1622 1064 1682 mihi
1105 1630 1229 1683 tam
1274 1624 1539 1685 iucunda
1570 1631 1692 1697 est,
1745 1632 1841 1697 ut,
1900 1639 2023 1698 quo
2067 1639 2213 1697 pro·

132 1705 269 1782 pius
311 1708 391 1767 ad
439 1715 696 1768 mortem
744 1706 1062 1778 accedam,
1117 1707 1294 1781 quasi
1338 1715 1559 1768 terram
1604 1706 1815 1767 videre
1860 1706 2072 1766 videar
2104 1704 2201 1764 ali·

137 1791 506 1867 quandoque
532 1792 589 1852 in
632 1798 876 1869 portum
908 1807 984 1851 ex
1022 1792 1207 1867 longa
1240 1790 1628 1867 navigatione
1659 1807 1801 1852 esse
1835 1798 2152 1850 venturus.

255 1876 385 1936 XX.
431 1876 530 1937 72.
622 1874 969 1937 Senectutis
1015 1883 1219 1935 autem
1255 1879 1455 1936 nullus
1507 1882 1604 1936 est
1633 1885 1836 1936 certus
1889 1873 2212 1944 terminus,

131 1968 423 2035 recteque
455 1960 513 2020 in
541 1978 614 2021 ea
649 1958 900 2034 vivitur,
945 1960 1149 2033 quoad
1182 1977 1405 2020 munus
1452 1959 1638 2020 officii
1679 1958 1939 2033 exsequi
1961 1965 2022 2018 et
2051 1956 2213 2017 tueri

129 2043 339 2118 possis
397 2053 778 2121 mortemque
838 2051 1262 2103 contemnere:
1329 2061 1406 2103 ex
1460 2059 1583 2118 quo
1636 2044 1704 2103 fit
1754 2049 1823 2104 ut
1872 2040 2215 2101 animosior

130 2127 312 2187 etiam
351 2135 640 2188 senectus
679 2128 756 2188 sit
789 2145 971 2202 quam
1013 2126 1432 2188 adolescentia
1475 2135 1537 2187 et
1573 2126 1804 2188 fortior.
1880 2126 2015 2185 Hoc
2059 2121 2212 2183 illud

131 2218 254 2282 est,
291 2211 457 2286 quod
489 2211 805 2270 Pisistrato
840 2218 1104 2288 tyranno
1140 2227 1177 2269 a
1199 2210 1430 2272 Solone
1461 2227 1829 2286 responsum
1862 2215 1975 2281 est,
2020 2224 2212 2283 quum

129 2292 212 2352 illi
243 2294 558 2368 quaerenti
602 2298 621 2328 ‘
643 2310 763 2367 qua
787 2295 1033 2354 tandem
1065 2311 1179 2370 spe
1213 2296 1400 2354 fretus
1444 2293 1559 2353 sibi
1588 2302 1709 2354 tam
1755 2291 2070 2368 audaciter
2103 2291 2212 2351 ob-

130 2375 409 2436 sisteret’
443 2377 1133 2453 respondisse-dicitur:
1187 2378 1597 2438 ‘Senectute'
1677 2378 1803 2438 Sed
1832 2374 2077 2436 vivendi
2110 2381 2213 2435 est

129 2458 269 2519 finis
303 2459 597 2534 optimus,
646 2477 830 2536 quum
862 2460 1098 2538 integra
1137 2469 1340 2522 mente
1372 2461 1679 2537 certisque
1721 2460 2008 2523 sensibus
2042 2475 2208 2533 opus

128 2543 266 2618 ipsa
307 2561 484 2604 suum
529 2545 742 2604 eadem
794 2562 952 2620 quae
999 2544 1450 2621 coagmentavit
1490 2553 1708 2606 natura
1755 2539 2057 2604 dissolvit.
2128 2542 2212 2602 Ut

129 2643 379 2702 navem,
431 2637 498 2690 ut
529 2627 873 2701 aedificium
908 2627 1071 2689 idem
1104 2629 1364 2689 destruit
1394 2628 1670 2689 facillime
1704 2629 1806 2703 qui
1840 2624 2210 2697 construxit,

131 2711 220 2772 sic
245 2712 553 2774 hominem
585 2714 802 2774 eadem
833 2712 1062 2787 optime
1089 2728 1248 2788 quae
1280 2711 1717 2787 conglutinavit
1744 2719 1960 2772 natura
1984 2708 2210 2770 dissol-

129 2795 234 2855 vit.
297 2799 424 2856 lam
458 2797 657 2859 omnis
689 2796 1125 2872 conglutinatio
1157 2812 1378 2857 recens
1408 2813 1626 2871 aegre,
1657 2795 1994 2856 inveterata
2026 2792 2210 2851 facile

132 2878 451 2941 divellitur.
524 2882 611 2940 Ita
658 2882 728 2941 fit
771 2888 838 2941 ut
878 2880 1024 2942 illud
1070 2880 1259 2940 breve
1311 2879 1469 2940 vitae
1512 2880 1813 2955 reliquum
1862 2893 1977 2937 nec
2023 2875 2210 2935 avide

129 2966 542 3039 appetendum
565 2966 820 3025 senibus
843 2980 958 3024 nec
983 2962 1114 3025 sine
1141 2979 1329 3024 causa
1354 2963 1765 3024 deserendum
1791 2961 1899 3023 sit-
1948 2959 2048 3021 73.
2080 2959 2209 3017 Ve-

129 3054 338 3124 tatque
367 3048 752 3125 Pythagoras
791 3047 1062 3108 ‘iniussu
1090 3046 1507 3122 imperatoris,
1544 3046 1606 3106 id
1638 3055 1736 3107 est
1764 3044 1893 3119 dei,
1918 3044 1999 3103 de
2029 3058 2207 3118 prae-

129 3131 284 3193 sidio
334 3139 396 3191 et
438 3131 701 3193 statione
752 3132 911 3192 vitae
956 3132 1308 3192 decedere.’.
1393 3130 1639 3191 Solonis
1679 3127 1920 3205 quidem
1962 3123 2206 3200 sapien·

129 3213 204 3272 tis
241 3215 505 3289 elogium
547 3221 674 3288 est,
735 3231 858 3289 quo
897 3219 1000 3275 ‘se
1038 3222 1223 3289 negat
1268 3215 1426 3275 velle
1468 3231 1640 3275 suam
1686 3219 1942 3274 mortem
1985 3209 2206 3269 dolore

131 3294 463 3356 amicorum
495 3297 865 3358 etlamentis
896 3303 1166 3358 vacare?
1247 3299 1424 3370 Vult,
1458 3299 1676 3370 eredo,
1722 3312 1793 3358 se
1824 3310 1967 3356 esse
1992 3307 2203 3352 carum

132 3376 289 3450 suis,
321 3380 430 3438 sed
463 3381 626 3439 haud
659 3380 788 3441 scio
830 3396 903 3439 an
942 3380 1158 3440 melius
1189 3380 1454 3442 Ennius:
