2381 3723
917 155 1300 208 PROOEMIUM
1332 155 1655 209 EDITORIS.
2263 167 2324 205 Χι

242 294 315 344 ad
374 294 743 356 aequationem
780 294 1026 343 bonorum
1084 294 1364 358 spectabat.
1449 292 1694 354 Orellius,
1752 295 1903 344 etiam
1960 292 2222 357 Zumptius
2277 301 2325 342 et

240 362 476 428 Unger-us
511 363 843 425 scripserunt:
914 363 1158 424 Capitalis
1192 364 1357 412 oratio
1390 370 1442 412 et
1469 363 1541 411 ad
1573 366 1913 428 aequationem
1944 369 2040 411 etc.
2115 361 2323 411 Stfiren-

238 432 456 496 burgius
502 438 697 480 autem:
755 431 1000 492 Capitalis
1026 433 1228 491 oratic,
1281 432 1354 480 ad
1388 433 1729 495 aequationem
1765 431 2000 481 bonorum
2041 433 2321 492 pertinens,

238 500 382 562 quod
413 507 548 549 certe
581 505 756 548 contra
789 500 1029 549 librorum
1081 500 1429 550 auctoritatem
1462 499 1585 549 facit
1618 515 1712 549 nec
1752 508 1853 549 tam
1898 500 2168 565 perspicue
2211 513 2322 548 sen-

236 570 430 617 tentiae
473 569 580 618 vim
626 567 860 617 ostendit.
931 568 1109 618 Paullo
1144 574 1262 633 post
1297 583 1393 634 ego
1439 576 1644 619 auctore
1672 567 1873 633 Ungero
1916 575 2209 619 tenerentur
2246 583 2323 616 re-

236 637 412 698 stitui,
446 638 581 698 quod
619 637 669 685 iu
703 635 845 685 libris
883 635 1071 700 legitur
1099 651 1260 702 prope
1293 638 1543 687 omnibuS.
1616 636 1827 687 Orellius
1847 644 2074 687 tenerent
2105 637 2323 702 scripse-

236 713 348 764 rat,
398 705 660 770 Zumptius
695 712 972 758 tuerentur.
1046 708 1230 756 Postea
1269 706 1321 767 S.
1357 707 1441 757 74.
1476 706 1690 770 scripsi:
1736 709 1867 756 malo
1898 708 2022 756 enim
2054 707 2146 755 alii
2179 721 2324 770 quam

234 782 450 824 nostrae
482 776 708 824 ennium-i.
781 773 908 823 Nam
944 776 1037 824 etsi
1079 782 1375 840 propterea,
1431 775 1567 836 quod
1605 777 1658 824 in
1702 774 1844 825 libris
1880 791 1940 825 eo
1987 774 2098 824 loco
2136 776 2321 839 partim

234 845 400 893 alteri
435 844 619 907 partim
668 844 867 892 alienae
899 844 1081 907 partim
1116 845 1210 894 alii
1241 842 1452 909 legitur,
1506 859 1567 893 ea
1600 859 1703 896 vox
1744 845 1797 893 in
1839 843 2047 894 dubium
2094 852 2323 899 vocatur,

235 921 410 960 tamen
448 911 578 961 mihi
604 925 705 961 non
728 911 929 961 videtur
959 926 1168 977 prorsus
1206 913 1369 963 omitti
1403 925 1585 976 posse,
1632 927 1734 975 qua
1763 913 1817 961 in
1850 913 2089 977 opinione
2125 921 2324 975 praeter

235 979 490 1030 Orellium
524 980 674 1029 video
713 981 865 1029 etiam
900 980 1188 1045 Zumptium
1237 988 1285 1030 et
1318 981 1577 1044 Ungerum
1612 980 1792 1031 fuisse.
1866 984 1916 1044 S.
1950 983 2035 1032 75.
2070 995 2167 1045 ego
2204 995 2321 1030 cum

237 1049 474 1113 Zumptio
510 1057 561 1098 et
585 1049 786 1114 Ungero
827 1051 1025 1113 quando
1071 1050 1276 1114 scripsi.
1350 1049 1568 1100 Orellius
1610 1058 1661 1099 et
1695 1048 2091 1116 Stiirenburgius
2129 1064 2157 1098 e
2193 1064 2320 1114 pau-

235 1118 469 1168 cioribus
506 1117 653 1167 libris
678 1116 738 1168 'si
777 1119 978 1182 quando
1020 1118 1304 1169 ediderunt.
1376 1118 1553 1167 Paullo
1588 1127 1705 1182 post
1749 1125 1937 1168 tantam
1973 1119 2079 1183 fait
2122 1118 2322 1168 roboris

234 1201 355 1235 cum
381 1186 631 1250 Zumptio-
654 1193 702 1235 et
719 1186 923 1251 Ungero
960 1188 1176 1240 restitui.
1251 1186 1466 1237 Orellius
1504 1185 1964 1252 etStiirenburgius
2000 1202 2116 1236 cum
2139 1189 2321 1252 paucis

237 1254 386 1304 libris
442 1255 644 1305 roboris
691 1256 985 1308 omiserunt.
1059 1255 1184 1320 Cap.
1232 1258 1316 1306 22.
1375 1258 1426 1319 S.
1473 1255 1557 1305 76.
1607 1255 1802 1304 restitui
1843 1261 1958 1303 eum
1991 1255 2223 1319 Zumptio
2273 1266 2321 1304 et

230 1324 472 1390 Ungero:
518 1321 609 1372 At
647 1323 726 1372 hie
766 1323 889 1375 nihil
923 1325 1109 1374 donmm
1143 1340 1285 1374 suam
1330 1325 1494 1373 tutudit
1539 1328 1766 1386 praeter'
1797 1326 2074 1374 memoriam
2117 1325 2321 1372 nominis

234 1395 587 1455 sempiternam
617 1399 825 1456 propter
857 1392 1193 1458 plurimorum
1225 1401 1274 1442 et
1313 1395 1619 1457 optimorum
1657 1391 1901 1443 librorum
1934 1392 2317 1441 auctoritatem.

235 1459 459 1510 Orellius
506 1475 618 1510 cum
664 1462 846 1524 paucis
896 1461 1039 1510 libris
1081 1460 1268 1511 edidit:
1315 1460 1413 1510 -At
1443 1461 1521 1512 lu'c
1555 1460 1678 1511 nihil
1719 1461 1905 1510 domm
1932 1476 2072 1511 suam
2104 1468 2321 1523 praeter

233 1530 518 1580 memoriam
541 1532 748 1580 nammis
776 1531 1123 1592 sempiternam
1148 1530 1354 1590 detulit,
1394 1543 1543 1592 quem
1564 1528 1962 1595 Stt'irenburgius
1993 1537 2197 1579 secutus
2223 1537 2315 1579 est.

237 1601 293 1661 5.
325 1599 413 1647 27.
468 1613 498 1647 e
534 1597 677 1647 libris
727 1599 933 1662 optimis
976 1605 1025 1648 et
1060 1597 1293 1662 plurimis
1340 1613 1451 1648 cum
1485 1599 1712 1663 Zumptio
1761 1605 1810 1648 et
1854 1597 2057 1664 Ungero
2099 1598 2317 1656 restitui,

232 1667 292 1717 id
328 1667 467 1729 quod
505 1667 754 1716 sententia
789 1680 890 1715 non
933 1666 1099 1715 solum
1136 1667 1318 1731 recipit
1360 1667 1574 1731 optime,
1619 1682 1790 1717 verum
1833 1669 1986 1717 etiam
2022 1681 2185 1732 paene
2227 1667 2317 1714 ssa-

235 1737 393 1800 gitat:
432 1737 485 1785 in
519 1734 831 1798 principibus
865 1742 919 1785 et
950 1750 1053 1784 rem
1080 1735 1331 1797 publicam
1353 1735 1761 1800 gaber-nantibus.
1833 1735 2050 1786 Orellius
2097 1737 2318 1797 itemque

234 1803 637 1868 Stiirenburgius
681 1811 731 1853 et
776 1810 893 1853 ante
935 1817 1040 1854 rem
1069 1803 1315 1867 publicam
1358 1804 1647 1855 omiserant.
1717 1805 1766 1866 S.
1805 1803 1891 1858 76.
1952 1818 2067 1854 cum
2110 1802 2319 1853 Stiiren-

235 1872 448 1937 burg-io,
508 1872 740 1937 Zumptio
757 1908 772 1932 ,
833 1872 1032 1938 Ungero
1083 1874 1277 1937 aceepit
1327 1875 1539 1924 restitui.
1611 1872 1828 1924 Orellius
1887 1889 2001 1923 cum
2060 1872 2317 1938 plerisque

236 1942 383 1991 libris
449 1942 633 2002 accipit
690 1940 873 2000 edidit,
943 1942 1037 1991 sed
1092 1943 1144 1991 in
1212 1941 1293 1991 his
1353 1941 1459 1992 fere
1526 1956 1729 2006 semper
1783 1943 2033 2006 scriptura
2093 1942 2315 1990 fluctuat.

239 2009 370 2074 Gap.
408 2010 495 2060 24.
532 2011 583 2071 5.
621 2009 708 2061 84.
747 2010 946 2060 restitui
983 2025 1097 2060 cum
1136 2009 1531 2075 Stfirenburgio,
1570 2009 2099 2074 Zumpt10,Ungero:
2138 2015 2197 2059 at
2227 2008 2319 2057 hoc

238 2084 395 2128 tottam
421 2079 593 2127 malam
623 2078 688 2127 de
722 2092 783 2127 re
812 2078 1015 2139 publica
1049 2080 1336 2139 tolleretur,
1394 2087 1451 2127 ut
1487 2077 1789 2141 optimorum
1820 2076 2061 2127 librorum
2100 2078 2319 2126 auctori-

241 2152 328 2194 tas
362 2146 640 2207 requisivit.
714 2144 930 2196 Orellius
972 2162 1088 2197 cum
1138 2146 1281 2198 libris
1325 2146 1504 2210 paucis
1550 2153 1738 2195 tantam
1788 2160 1880 2211 pro
1915 2152 2063 2196 totum
2097 2146 2315 2210 scripse-

241 2221 338 2263 rat.
411 2213 483 2263 De
530 2215 729 2279 verbiS,
790 2230 921 2276 quae
967 2222 1271 2278 sequuntur·
1329 2214 1601 2280 Numquam
1644 2230 1736 2265 nec
1768 2217 1927 2265 maius
1977 2229 2069 2265 aes
2108 2216 2317 2264 alienum

231 2284 343 2349 fait
375 2290 472 2337 ete.
492 2319 505 2343 ,
565 2298 694 2345 quae
731 2282 1126 2350 Sturenburgius
1166 2284 1354 2333 iniuria
1388 2291 1580 2334 mutare
1616 2284 1802 2348 voluit,
1854 2283 1973 2334 vide
2001 2282 2318 2349 Madvigium

237 2352 310 2401 ad
344 2350 504 2402 libros
549 2352 616 2402 de
659 2352 843 2411 finibus
899 2352 1078 2417 p..65.
1150 2355 1200 2415 S.
1247 2350 1336 2403 86.
1386 2354 1565 2417 scripsi
1615 2369 1678 2403 ex
1725 2321 2028 2417 op’timorum
2075 2353 2315 2401 librorum

235 2421 561 2470 auctoritate:
612 2427 665 2470 et
711 2422 1012 2472 continentia
1055 2423 1109 2471 in
1151 2424 1282 2472 victu
1321 2424 1451 2472 omni
1495 2428 1645 2486 atque
1699 2425 1831 2472 cultu
1885 2424 2116 2483 corpor-123
2148 2420 2321 2471 tuendi

232 2503 400 2539 eausa
440 2491 904 2550 praetermittendis
935 2490 1287 2552 voluptatibus.
1360 2489 1559 2556 Vulgo,
1610 2491 1759 2540 etiam
1806 2505 1836 2540 a
1873 2490 2103 2555 Zumptio
2140 2497 2191 2538 et
2214 2487 2317 2538 Un-

236 2571 394 2623 gero,
444 2564 498 2607 et
528 2564 644 2607 ante
679 2560 1138 2619 praetermittendis
1175 2560 1538 2624 interponitur,
1574 2558 1666 2607 sed
1702 2566 1930 2609 extrema
1964 2558 2092 2608 haec
2127 2557 2313 2607 verba:

232 2626 473 2688 eorporis
505 2652 580 2665 -
607 2627 962 2688 voluptatibus,
999 2635 1119 2677 sunt
1153 2630 1271 2692 ipsa
1306 2642 1427 2693 pars
1457 2626 1702 2690 postremi
1736 2628 2015 2687 enunciati,
2072 2627 2210 2689 quod
2240 2626 2315 2673 in-

232 2695 363 2758 cipit
391 2708 424 2743 a
457 2696 777 2746 metuentia.
852 2694 975 2760 Gap.
1011 2697 1097 2750 25.
1143 2699 1195 2759 S.
1234 2695 1322 2747 90.
1380 2696 1433 2745 in
1465 2694 1635 2744 verbis
1672 2694 1779 2744 his:
1831 2693 1941 2744 Sed
1969 2701 2070 2744 toto
2116 2694 2209 2745 hoo
2254 2694 2316 2743 de

230 2776 424 2827 genere
451 2787 524 2800 —-
554 2764 855 2824 disputatum
906 2771 1012 2824 est,
1067 2779 1198 2827 quae
1217 2779 1312 2830 ego
1359 2763 1567 2813 minime
1613 2777 1729 2811 eum
1775 2762 1978 2829 Ungero
2025 2763 2094 2813 ad
2136 2765 2186 2826 5.
2224 2761 2312 2814 87.

233 2832 451 2879 reiicere
500 2830 665 2891 volui,
720 2832 889 2882 vellem
933 2840 1050 2882 ante
1102 2833 1257 2883 verba
1302 2834 1451 2883 etiam
1493 2831 1558 2881 de
1598 2832 1789 2882 utenda
1806 2868 1820 2893 ‚
1873 2847 2028 2894 quum
2072 2832 2126 2881 in
2173 2831 2315 2882 libris

232 2898 447 2964 optimis
479 2906 530 2949 et
562 2899 798 2964 plurimis
835 2900 1015 2951 deesse
1044 2902 1299 2962 viderem,
1343 2902 1489 2950 uncis
1521 2907 1654 2951 certe
1695 2901 2187 2952 circumcludendum
2221 2915 2315 2965 pu-

232 2967 360 3019 tavi.
430 2966 524 3017 Illa
553 2974 727 3019 autem
766 2969 920 3019 verba
963 2970 1016 3031 5.
1062 2968 1182 3021 88..
1236 2978 1286 3019 et
1324 2977 1545 3020 externa
1586 2984 1692 3020 cum
1725 2974 1981 3034 cor-ports,
2027 2977 2075 3019 et
2109 2984 2312 3019 iursus:

234 3036 357 3087 oum
383 3038 619 3100 cor-poris
651 3044 868 3087 externa
909 3037 1004 3088 hoe
1035 3039 1208 3089 modo.-
1254 3040 1389 3089 dives
1422 3054 1533 3089 esee
1560 3040 1727 3100 potius
1761 3056 1906 3105 quam
1938 3039 2167 3089 mammis
2201 3051 2313 3085 cor-

229 3105 383 3168 poris
415 3105 631 3167 viribus,
666 3121 796 3168 quae
829 3104 1063 3171 Ungerus
1098 3108 1430 3171 suppositicia
1463 3122 1578 3158 esse
1613 3108 1945 3172 existimavit,
2001 3120 2113 3156 cum
2149 3109 2313 3153 caete-

231 3175 309 3222 ris
347 3173 628 3225 editoribus
663 3189 760 3239 ego
793 3175 987 3225 intacta
1013 3175 1266 3225 servanda
1300 3176 1494 3229 censui.

376 3240 493 3296 Lib.
526 3244 615 3293 111.
663 3257 796 3307 cap.
815 3244 864 3294 1.
911 3244 960 3306 5.
1003 3244 1051 3300 1.
1106 3244 1317 3308 scripsi.
1367 3260 1499 3303 eam,
1553 3246 1640 3308 qui
1672 3248 1863 3307 primus
1906 3240 2190 3306 Africanus
2222 3254 2315 3300 ap-

230 3309 456 3373 pellatas
492 3312 584 3374 eit,
639 3325 752 3361 eum
805 3310 1203 3378 Stiirenburgio,
1254 3312 1512 3376 Zumptio,
1562 3312 1634 3362 Un
1642 3328 1782 3375 g.ero
1864 3311 1941 3358 De
1994 3325 2053 3357 eo
2110 3306 2314 3357 dicendi

236 3391 430 3443 genere
472 3380 590 3430 vide
626 3379 883 3430 Ciceronis
916 3380 981 3431 de
1008 3387 1258 3431 senectute
1300 3379 1481 3429 librum
1523 3393 1635 3441 cap.
1642 3328 1755 3427 21.
1793 3378 1842 3437 5.
1887 3377 1971 3425 78.
2007 3376 2316 3422 dmonstra-
