2381 3723
92 159 217 224 422
512 156 813 216 INCERTI
847 154 1235 216 AUCTORIS
1269 153 1747 216 CONSOLATIO
2072 161 2178 215 232

96 314 252 369 serre
281 308 569 385 gratiam:
604 315 819 370 contra
858 324 1042 379 vero,
1078 306 1180 381 qui
1221 307 1480 367 deorum
1512 304 1811 367 voluntati
1842 311 2185 380 paruerunt

95 394 362 470 nihilque
392 410 494 466 se,
530 392 700 466 quod
729 392 805 452 ab
838 390 954 451 illis
986 393 1146 452 ultro
1177 391 1456 462 daretur,
1492 391 1753 451 moleste
1784 389 1947 452 ferre
1976 388 2183 449 deela-

94 484 410 550 raverunt‚
454 493 566 540 eos
610 492 731 537 non
777 477 977 536 solum
1013 474 1299 538 viventes
1344 473 1675 550 praecipua
1708 474 1893 534 laude
1937 471 2185 533 ornavit

92 562 453 636 antiquitas,
486 561 601 623 sed
632 561 815 620 etiam
841 577 876 620 e
904 560 1028 620 vita
1059 575 1351 634 egressos
1375 564 1677 635 perpetuo
1704 557 1893 619 coluit
1917 558 2181 628 honore,

90 645 279 720 idque
315 662 388 705 eo
423 643 765 706 studiosius
799 660 873 704 ac
902 644 1220 716 libentiuS,
1251 643 1304 703 si
1336 660 1495 719 quos
1530 641 1830 704 intellexit
1861 657 2000 701 cum
2034 642 2184 701 deo-

90 747 222 789 rum
258 730 422 788 cultu
453 727 956 790 exercitationem
993 728 1227 789 virtutis
1262 735 1325 787 et
1364 726 1758 803 praeeipuam
1790 726 1848 785 in
1886 727 2182 786 mortales

92 810 557 872 beneficentiam
594 810 1013 873 coniunxisse.
1074 811 1241 872 Scite
1273 814 1583 888 profecto,
1614 818 1681 871 ut
1710 818 1955 871 caetera
1988 811 2184 871 ferme

91 895 313 956 omnia.
405 893 545 956 182.
599 894 754 970 Quid
802 897 962 956 enim
1002 896 1215 957 maiori
1259 897 1441 956 laude
1486 895 1737 971 dignum
1772 904 1850 956 ex
1892 892 2181 955 omnibus

91 981 278 1041 rebus
323 978 606 1041 humanis
651 997 1137 1042 commemorare
1174 980 1488 1056 possimus
1527 996 1710 1054 quam
1741 996 1913 1052 eum,
1948 977 2054 1054 qui
2101 977 2183 1035 vi-

91 1071 213 1123 tam
247 1065 434 1124 ducat
464 1081 602 1125 cum
631 1064 854 1126 virtute
881 1064 1302 1136 coniunctam,
1336 1065 1414 1124 ad
1446 1065 1699 1125 deorum
1728 1066 1955 1124 cultum
1991 1069 2182 1137 atque

90 1149 390 1209 honorem
420 1157 786 1225 perpetuum
820 1148 881 1210 in
912 1148 1195 1210 homines
1227 1147 1494 1209 studium
1531 1164 1604 1208 ac
1639 1148 1928 1224 pietatem
1958 1147 2184 1220 adgre-

89 1233 277 1306 gare?
324 1249 438 1293 nec
474 1232 808 1309 quidquam
843 1234 1139 1306 tantulum
1174 1233 1363 1293 modo
1387 1232 1444 1294 in
1475 1232 1610 1294 eius
1635 1232 1837 1293 animo
1870 1230 2182 1291 exsistere

92 1317 260 1390 quod
306 1334 430 1378 non
475 1318 575 1378 vel
620 1316 826 1392 pietati
861 1320 962 1378 vel
1008 1314 1369 1378 humanitati
1413 1318 1507 1377 vel
1551 1316 1819 1392 denique
1861 1314 2072 1375 virtuti
2102 1315 2186 1375 sit

91 1402 621 1462 consentaneum?
706 1403 853 1462 LIlI.
903 1398 1042 1461 183.
1084 1403 1208 1461 Nec
1242 1400 1421 1460 aliam
1451 1418 1605 1462 sane
1635 1403 1715 1462 ob
1746 1416 1996 1462 causam
2040 1416 2184 1475 per-

88 1484 321 1544 turbari
354 1502 600 1545 omnem
633 1486 812 1545 vitam
846 1501 1058 1546 errore
1090 1484 1454 1561 inscitiaque
1490 1486 1801 1558 videmuS,
1836 1483 1951 1545 nisi
1986 1485 2182 1560 quod,

90 1584 250 1641 quae
295 1567 354 1627 in
399 1568 662 1629 hominis
699 1568 822 1629 vita
864 1569 1195 1645 praecipua
1235 1587 1377 1632 esse
1425 1571 1748 1643 deberent,
1789 1569 1983 1645 pietas
2029 1585 2182 1643 erga

91 1651 272 1722 deOS,
304 1650 363 1710 in
389 1650 673 1712 homines
701 1652 1137 1727 beneficentia,
1168 1652 1363 1715 virtus
1388 1653 1445 1714 in
1479 1653 1738 1729 ingeniis
1770 1670 1844 1714 ac
1875 1652 2177 1723 moribuS,

88 1750 164 1793 ea
196 1734 324 1794 fere
353 1734 558 1796 omnia
590 1735 1008 1812 negliguntur,
1046 1739 1389 1813 eademque
1418 1736 1685 1811 ratione,
1722 1754 1881 1814 quae
1911 1736 2177 1796 maxime

88 1817 284 1879 vitare
316 1819 716 1894 deberemus,
749 1836 824 1881 ea
856 1820 1139 1883 studiose
1173 1822 1521 1899 expetimus
1542 1870 1557 1896 ,
1593 1838 1906 1898 caecoque
1939 1821 2177 1897 impetu

89 1901 339 1965 ferimur
370 1905 449 1964 ad
480 1903 605 1976 illa,
642 1904 866 1981 quibus
894 1906 1019 1966 vita
1054 1914 1268 1968 nostra
1304 1908 1484 1982 plane
1517 1910 1642 1968 sera
1676 1912 1862 1983 atque
1892 1905 2177 1966 immanis

88 1986 369 2048 efficitur.
449 1991 544 2048 Ex
586 1990 704 2049 hoc
748 1992 916 2051 fonte
952 1991 1317 2066 cupiditates
1360 1991 1735 2053 insatiabiles
1790 1991 2176 2061 exoriuntur,

89 2069 311 2144 quibus
360 2089 482 2132 non
536 2075 722 2135 modo
765 2073 1043 2150 singulos
1086 2074 1398 2149 homineS,
1441 2077 1555 2136 sed
1595 2082 1759 2137 totas
1804 2074 2063 2135 familias
2116 2081 2178 2134 et

85 2153 412 2216 universas
445 2157 716 2218 funditus
759 2175 1012 2219 eversas
1048 2158 1324 2220 civitates
1362 2159 1670 2233 videmuS‚
1716 2166 2041 2235 praeterea
2078 2175 2176 2219 se-

87 2236 384 2312 ditiones,
421 2239 712 2312 insidiae,
759 2241 1107 2303 discordiae
1147 2261 1481 2320 rerumque
1522 2250 1583 2304 et
1611 2243 1925 2304 hominum
1962 2244 2173 2304 clades

85 2328 144 2380 et
173 2321 474 2384 interitus.
536 2325 629 2384 Ex
658 2324 751 2385 his
785 2324 964 2384 etiam
994 2326 1383 2388 incredibiles
1416 2329 1667 2389 dolores
1704 2334 2011 2400 emanant,
2046 2326 2176 2403 qui-

82 2404 200 2464 bus
233 2407 577 2479 perturbari
608 2407 790 2468 vitam
822 2425 1022 2487 neque
1065 2414 1265 2472 solum
1304 2411 1652 2485 insuavem,
1697 2413 1809 2472 sed
1847 2410 2175 2472 acerbissi-

83 2504 243 2546 mam
277 2489 438 2549 effici
468 2507 731 2552 necesse
762 2499 877 2552 est.
970 2494 1112 2556 184.
1158 2497 1335 2570 Quod
1368 2503 1586 2557 contra
1612 2496 1827 2572 probis
1858 2495 2175 2556 virtutem-

84 2588 204 2646 que
247 2574 594 2635 amantibus
638 2575 880 2637 accidit.
946 2581 1096 2640 Nam
1139 2579 1382 2640 divinae
1413 2580 1712 2642 voluntati
1743 2580 2176 2655 obtemperan-

81 2663 178 2715 tes
211 2657 355 2719 nihil
384 2659 443 2719 in
477 2677 549 2721 se
577 2660 764 2737 ipsiS,
802 2664 919 2722 sed
951 2663 1008 2722 in
1042 2681 1114 2724 ea
1151 2681 1222 2725 se
1252 2664 1427 2742 ipsos
1463 2681 1539 2725 ac
1570 2682 1685 2725 sua
1717 2671 1957 2741 ponunt
1987 2670 2050 2723 et
2085 2665 2176 2724 lo·

83 2748 225 2801 cant
257 2743 490 2817 omnia,
535 2745 838 2806 neminem
883 2748 1164 2821 laedunt,
1210 2766 1428 2810 omnes
1474 2748 1859 2821 liberalitate,
1895 2746 2176 2823 benigni·

80 2830 238 2898 tate,
272 2794 525 2889 caritate
569 2832 1048 2906 amplectuntur,
1093 2834 1257 2894 nulla
1286 2850 1353 2892 re
1383 2834 1765 2904 cruciantur,
1802 2832 1945 2892 nihil
1982 2848 2176 2908 appe·

82 2914 244 2982 tunt,
280 2912 548 2974 omnium
588 2913 867 2976 vitiorum
899 2918 1091 2977 fracto
1132 2916 1363 2994 impetu
1394 2916 1921 2994 cupiditatumque
1948 2915 2176 2976 radici-

80 2991 195 3052 bus
247 3012 327 3056 ex
377 2997 578 3058 animo
617 2999 861 3074 penitus
897 3000 1148 3063 evulsis
1227 3003 1461 3077 Nempe
1511 3001 1694 3077 igitur
1742 3018 1888 3074 θος,
1939 3000 2044 3075 qui
2088 3000 2173 3061 ita

81 3075 392 3153 vixerunt,
424 3090 493 3143 ut
522 3081 638 3143 sibi
666 3082 944 3156 iucundi,
979 3085 1073 3145 dis
1103 3085 1291 3160 grati,
1319 3084 1664 3146 hominibus
1692 3083 2175 3146 fructuosissimi

79 3161 452 3236 exstiterint,
488 3165 711 3227 divinis
739 3169 1117 3229 honoribus
1100 3187 1234 3230 lure
1258 3170 1481 3244 dignos
1511 3170 1780 3233 maiores
1805 3169 2005 3232 nostri
2030 3187 2173 3229 een·

78 3254 363 3317 suerunt,
406 3265 643 3323 eosque
690 3255 862 3311 ‘eum
910 3251 1005 3312 dis
1042 3252 1488 3315 immortalibus
1532 3270 1752 3314 aevum
1796 3258 2023 3330 agere’
2073 3270 2172 3313 sa-

79 3322 496 3395 pientissimus
528 3336 716 3404 poeta
746 3350 865 3394 non
900 3334 1203 3398 immerito
1238 3335 1488 3397 cecinit·
1521 3353 1639 3398 nee
1669 3346 1872 3398 tamen
1907 3330 2168 3410 idcirce,

80 3407 250 3473 quod
288 3424 501 3467 eorum
548 3427 811 3486 corpora
861 3416 919 3474 in
978 3420 1212 3479 caelum
1267 3423 1502 3495 perlata
1548 3422 1804 3482 credere
1852 3419 2175 3498 sapienter
