2381 3723
144 104 233 168 34
444 62 448 66 ¹
957 104 1059 164 DE
1094 102 1412 164 ormcns

153 254 419 318 hostium
475 255 750 319 consilia.
821 257 889 315 ln
936 273 1058 330 quo
1112 271 1340 331 genere
1384 252 1599 315 Graeci
1642 252 2114 314 Themistoclem
2167 262 2232 317 et

152 340 491 400 Pheraeum
522 341 807 401 Iasonem
840 338 1097 400 caeteris
1125 343 1525 413 anteponunt,
1561 336 1620 396 in
1644 335 1979 413 primisque
2013 352 2229 398 versu·

154 432 281 483 tum
312 430 374 483 et
404 422 688 483 callidum
721 424 944 483 factum
972 422 1252 494 SoloniS,
1297 421 1431 496 qui,
1468 437 1592 496 quo
1620 427 1682 480 et
1710 419 1895 479 tutior
1931 417 2053 478 vita
2085 421 2226 480 eius

153 512 324 567 esset
367 513 428 565 et
480 507 620 581 plus
674 504 983 581 aliquanto
1040 505 1127 565 rei
1178 505 1456 580 publicae
1494 504 1851 578 prodesset,
1907 505 2110 563 furere
2155 521 2229 563 se

153 587 478 650 slmulavit.
572 588 710 649 109.
770 589 926 649 Sunt
971 588 1064 649 his
1108 588 1207 649 alii
1254 591 1505 648 multum
1550 586 1858 662 dispareS‚
1911 584 2227 660 simplices

153 679 215 732 et
253 671 478 748 aperti,
541 672 644 748 qui
683 672 827 731 nihil
870 688 947 732 ex
990 674 1260 744 occulto,
1325 670 1468 732 nihil
1511 671 1590 730 de
1631 669 1866 730 insidiis
1915 670 2229 744 agendum

154 762 395 830 putant,
433 755 703 816 veritatis
736 758 1038 828 cultores,
1080 755 1313 816 fraudis
1346 753 1596 824 inimici,
1644 753 1910 828 itemque
1947 751 2075 824 alii,
2121 753 2229 828 qui

155 838 403 913 quidvis
459 838 903 915 perpetiantur,
960 838 1150 899 cuivis
1193 837 1573 909 deserviant,
1631 839 1775 897 dum
1818 837 1986 912 quod
2035 837 2229 896 velint

155 930 644 998 consequantur,
695 930 763 983 ut
797 922 1024 983 Sullam
1073 929 1136 983 et
1174 923 1255 981 M.
1304 923 1589 983 Crassum
1635 919 2015 981 videbamus.
2089 921 2226 995 Quo

152 1003 214 1064 in
255 1021 482 1081 genere
516 1006 999 1067 versutissimum
1036 1012 1100 1065 et
1133 1004 1638 1081 patientissimum
1669 1003 2262 1065 Lacedaemonium-

154 1089 539 1166 Lysandrum
583 1091 963 1166 accepimuS,
1017 1097 1355 1165 contraque
1387 1087 1852 1160 Callicratidam,
1906 1085 2011 1162 qui
2050 1102 2228 1162 prae-

154 1173 350 1233 fectus
398 1172 616 1235 classis
671 1172 988 1249 proximus
1041 1179 1183 1247 post
1221 1174 1608 1250 Lysandrum
1653 1169 1792 1244 suit,
1848 1171 2118 1253 itemque
2165 1170 2226 1230 in

155 1255 542 1318 sermonibus
576 1257 754 1317 alium
791 1262 1205 1331 [quemque],
1245 1254 1524 1331 quamvis
1550 1260 1925 1331 praepotens
1953 1252 2061 1325 sit,
2096 1255 2227 1314 effi·

155 1355 296 1399 cere
336 1349 405 1400 ut
441 1358 603 1402 unus
647 1342 725 1400 de
773 1340 975 1399 multis
1013 1357 1156 1401 esse
1211 1339 1519 1401 videatur:
1566 1341 1735 1414 quod
1777 1338 1834 1398 in
1892 1338 2104 1399 Catulo
2163 1345 2228 1397 et

152 1421 211 1480 in
267 1430 441 1497 patre
492 1430 554 1482 et
600 1422 658 1482 in
715 1422 839 1483 filio
887 1422 1157 1498 itemque
1204 1421 1262 1482 in
1306 1425 1373 1499 Q.
1406 1422 1606 1483 Mucio
1658 1420 1894 1483 Mancia
1936 1419 2221 1482 vidimus

153 1504 384 1564 Audivi
427 1522 505 1565 ex
548 1505 881 1567 maioribus
926 1513 1069 1566 natu
1110 1507 1232 1567 hoc
1275 1506 1434 1567 idem
1480 1505 1672 1566 fuisse
1717 1504 1777 1565 in
1819 1505 1881 1562 P.
1929 1503 2226 1579 Scipione

152 1586 401 1660 Nasica,
447 1601 785 1662 contraque
817 1596 1048 1665 patrem
1081 1590 1243 1662 eiuS,
1292 1593 1458 1650 illum
1492 1588 1594 1664 qui
1624 1588 1711 1648 Ti.
1749 1586 2006 1649 Gracchi
2037 1603 2225 1647 cona·

157 1677 253 1729 tus
293 1670 568 1745 perditos
600 1671 958 1745 vindicavit,
1004 1675 1228 1734 nullam
1268 1674 1611 1733 comitatem
1656 1671 1945 1733 habuisse
1990 1687 2224 1731 sermo·

157 1751 279 1826 nis,
326 1770 401 1813 ne
430 1756 840 1816 Xenocratem
871 1752 1149 1831 quidam,
1198 1756 1655 1817 severissimum
1688 1754 2205 1832 philosophorum

156 1836 235 1896 ob
278 1853 538 1914 eamque
562 1856 688 1901 rem
724 1838 922 1915 ipsam
956 1856 1242 1916 magnum
1275 1843 1629 1915 clarumque
1654 1838 1864 1901 fuisse.
1940 1839 2224 1899 Innume-

153 1920 375 1983 rabiles
400 1922 554 1982 aliae
579 1922 1097 1985 dissimilitudines
1121 1930 1266 1984 sunt
1288 1933 1540 1985 naturae
1563 1939 1940 1999 morumque,
1975 1922 2223 1983 minime

153 2013 355 2066 tamen
391 2006 949 2083 vituperandorum.

280 2090 493 2150 XXXI.
544 2090 682 2150 110.
770 2092 1120 2151 Admodum
1151 2098 1356 2152 autem
1384 2092 1649 2152 tenenda
1683 2097 1828 2152 sunt
1857 2107 1970 2151 sua
1995 2089 2221 2166 cuique

153 2188 276 2232 non
310 2170 557 2242 vitiosa,
592 2174 703 2232 sed
738 2183 938 2234 tamen
975 2174 1256 2250 propria,
1300 2192 1423 2251 quo
1461 2174 1694 2235 facilius
1726 2175 2018 2235 decorum
2049 2173 2218 2247 illud,

155 2254 323 2328 quod
348 2252 718 2328 quaerimus,
745 2255 1089 2318 retineatur.
1157 2256 1262 2318 Sic
1285 2258 1450 2319 enim
1468 2266 1564 2319 est
1584 2257 1923 2319 faciendum
1942 2305 1956 2330 ,
1978 2265 2049 2319 ut
2074 2274 2218 2319 con-

156 2342 244 2396 tra
268 2335 615 2397 universam
645 2345 920 2399 naturam
951 2340 1094 2399 nihil
1119 2343 1595 2414 contendamus,
1631 2358 1703 2401 ea
1733 2348 1931 2401 tamen
1969 2357 2219 2402 conser-

155 2425 292 2513 vata
323 2418 633 2496 propriam
664 2428 943 2483 naturam
973 2439 1333 2500 sequamur,
1368 2433 1464 2498 ut,
1501 2423 1681 2486 etiam
1711 2424 1765 2485 si
1792 2425 1914 2486 sint
1939 2422 2056 2484 alia
2083 2440 2218 2499 gra-

153 2517 328 2563 v1ora
349 2509 535 2578 atque
558 2503 835 2579 meliora,
863 2509 1067 2568 tamen*
1084 2524 1201 2569 nos
1226 2506 1430 2569 studia
1453 2515 1666 2569 nostra
1690 2516 1940 2570 nostrae
1963 2516 2219 2569 naturae

152 2587 361 2661 regula
413 2586 746 2650 metiamur.
833 2591 1045 2666 Neque
1095 2591 1254 2651 enim
1305 2591 1517 2653 attinet
1567 2599 1818 2653 naturae
1870 2607 2217 2668 repugnare

151 2685 265 2731 nec
319 2670 649 2747 quidquam
705 2673 882 2749 sequi
935 2674 1104 2749 quod
1151 2674 1414 2750 adsequi
1464 2692 1586 2736 non
1642 2692 1854 2751 queas.
1942 2676 2037 2735 Ex
2090 2690 2213 2750 quo

151 2753 341 2828 magis
374 2755 629 2831 emergit
659 2759 838 2832 quale
873 2757 953 2819 sit
982 2758 1274 2818 decorum
1306 2757 1478 2833 illud,
1514 2757 1654 2820 ideo
1690 2758 1833 2833 quia
1860 2757 2001 2818 nihil
2034 2759 2217 2819 decet

148 2833 336 2895 invita
363 2835 666 2911 Minerva,
718 2847 789 2901 ut
816 2839 1010 2915 aiunt,
1063 2840 1123 2901 id
1169 2847 1294 2915 est,
1338 2843 1708 2903 adversante
1740 2852 1801 2903 et
1830 2847 2214 2918 repugnante

149 2926 384 2979 natura.
478 2921 614 2986 111.
663 2922 918 2986 Omnino
964 2923 1017 2984 si
1058 2924 1388 3000 quidquam
1433 2932 1531 2987 cst
1571 2926 1897 2999 decorum,
1941 2923 2086 2986 nihil
2121 2933 2214 2987 est

148 3004 428 3076 profecto
484 3003 674 3079 magis
720 3024 899 3083 quam
953 3007 1351 3083 aequabilitas
1398 3011 1645 3088 [quum]
1682 3010 2012 3070 universae
2049 3008 2213 3069 vitae

143 3091 274 3152 tum
310 3085 684 3161 singularum
714 3089 1053 3164 actionum,
1087 3109 1270 3167 quam
1307 3109 1678 3155 conservare
1707 3110 1831 3155 non
1866 3091 2106 3169 possis,
2159 3091 2208 3153 si

147 3167 401 3230 aliorum
444 3177 721 3232 naturam
770 3172 1008 3235 imitans
1056 3174 1298 3237 omittas
1336 3183 1523 3238 tuam.
1591 3178 1670 3239 Ut
1721 3176 1880 3238 enIm
1922 3193 2211 3238 sermone

146 3265 226 3310 co
248 3250 545 3347 debemus
576 3255 692 3326 uti,
729 3254 833 3330 qui
861 3263 1045 3318 notus
1077 3266 1172 3320 est
1201 3260 1409 3334 nobis,
1440 3277 1549 3334 ne,
1577 3267 1646 3320 ut
1673 3259 1938 3336 quidam,
1973 3261 2210 3321 Graeca

138 3333 337 3393 verba
379 3336 755 3398 inculcantes
799 3337 931 3400 iure
979 3341 1209 3417 optimo
1254 3341 1645 3420 irrideamur,
1694 3343 1786 3404 sic
1825 3342 1886 3403 in
1928 3341 2207 3404 actiones
