2381 3723
151 72 271 136 130
507 71 705 133 CATO
741 72 992 134 MAIOR
1024 74 1126 133 DE
1159 72 1600 159 SENECTUTE
1632 74 1860 134 LIBER
2124 89 2218 140 =14

148 242 338 286 sensu
383 232 552 286 aetas
595 224 866 286 senescit
899 239 1014 285 nec
1053 223 1255 286 subito
1289 222 1610 300 frangitur,
1668 226 1784 286 sed
1828 225 2221 288 diuturnitate

147 304 570 383 exstinguitur.
1944 374 1957 379 ,

270 393 399 453 XIl.
446 391 545 453 39.
637 391 929 468 Sequitur
982 389 1160 452 tertIa
1214 390 1579 468 vituperatio
1629 391 1990 465 senectutiS,
2051 395 2219 468 quod

148 494 282 536 eam
314 491 524 536 carere
556 475 766 536 dicunt
796 472 1235 551 voluptatibus.
1313 476 1357 536 Ο
1389 477 1774 552 praeclarum
1806 493 2026 536 munus
2057 484 2217 537 aeta-

145 560 257 632 tis,
313 559 365 620 si
398 559 640 634 quidem
683 559 743 618 id
776 561 974 619 aufert
1008 575 1045 618 a
1079 557 1294 630 nobis,
1351 559 1523 634 quod
1559 566 1657 619 est
1695 558 1756 618 in
1799 559 2215 620 adolescentia

147 641 636 703 vitiosissimum!
708 641 989 719 Accipite
1030 641 1221 716 enim,
1281 641 1495 718 optimi
1539 643 1998 716 adolescentes,
2052 651 2216 704 vete-

146 743 273 786 rcm
314 725 651 787 orationem
683 727 995 803 Archytae
1027 724 1362 799 Tarentini,
1393 727 1595 802 magni
1625 724 1683 785 in
1718 725 1925 801 primis
1954 733 2017 786 et
2047 744 2217 802 prae-

147 808 293 870 clari
323 808 461 883 viri,
499 827 657 886 quae
692 809 832 870 mihi
861 809 1083 871 tradita
1114 816 1227 881 est,
1264 827 1448 884 quum
1474 827 1676 871 essem
1714 810 2083 871 adolescens
2111 811 2218 870 Ta-

144 892 300 954 renti
334 910 469 953 cum
505 895 572 969 Q.
607 893 892 954 Maximo
980 894 1250 953 ‘Nullam
1290 893 1702 969 capitaliorem
1745 900 1984 969 pestem
2033 910 2218 977 quam

150 979 525 1054 voluptatem
571 977 854 1054 corporis
902 975 1288 1039 hominibus’
1344 976 1588 1037 dicebat
1627 981 1697 1036 ‘a
1740 983 1954 1038 natura
1996 977 2216 1049 datam,

146 1061 319 1121 cuius
387 1063 720 1137 voluptatis
774 1059 993 1122 avidae
1044 1059 1326 1120 libidines
1381 1067 1612 1121 temere
1676 1068 1737 1121 et
1789 1061 2090 1121 effrenate
2140 1061 2217 1120 ad

148 1144 506 1206 notiundum
537 1146 954 1207 incitarentur.
1041 1145 1143 1205 40.
1188 1143 1345 1204 Hinc
1374 1144 1608 1220 patriae
1638 1142 2050 1220 proditiones,
2078 1142 2216 1203 hinc

144 1243 350 1289 rerum
419 1229 796 1305 publicarum
854 1228 1252 1301 eversioneS,
1317 1228 1457 1288 hinc
1517 1244 1653 1288 cum
1711 1227 1993 1288 hostibus
2059 1229 2217 1288 clan-

146 1312 385 1373 destina
415 1312 724 1388 colloquia
755 1316 954 1385 nasci,
996 1313 1227 1372 nullum
1261 1311 1528 1386 denique
1559 1313 1794 1383 scelus,
1842 1313 2074 1372 nullum
2099 1327 2219 1370 ma-

144 1397 267 1454 lum
300 1395 534 1456 facinus
565 1411 710 1456 esse
748 1397 827 1454 ad
860 1396 1027 1470 quod
1070 1394 1532 1468 suscipiendum
1577 1411 1699 1456 non
1729 1393 1915 1454 libido
1944 1397 2200 1470 volupta

147 1478 221 1537 tis
246 1478 615 1554 impelleret,
652 1486 865 1552 stupra
890 1494 1036 1538 vero
1063 1485 1123 1538 et
1150 1477 1447 1538 adulteria
1477 1485 1539 1538 et
1569 1494 1749 1538 omne
1775 1479 1894 1538 tale
1924 1477 2218 1553 flagitium
2307 1491 2317 1501 ·

144 1560 326 1621 nullis
364 1560 616 1621 excitari.
657 1561 788 1621 aliis
833 1560 1139 1622 illecebris
1181 1560 1300 1621 nisi
1335 1560 1691 1637 voluptatis.
1761 1562 2084 1637 Quumque
2114 1562 2219 1622 ho·

143 1642 285 1702 mini
331 1643 463 1704 sive
507 1651 725 1705 natura
770 1643 905 1705 sive
960 1643 1096 1719 quis
1140 1644 1295 1705 deus
1339 1644 1482 1705 nihil
1531 1651 1737 1706 mente
1785 1644 2217 1720 praestabilius

144 1727 450 1801 dedisset,
503 1727 645 1787 huic
683 1727 888 1787 divino
931 1727 1167 1789 muneri
1211 1744 1285 1788 ac
1325 1729 1490 1790 dono
1524 1727 1670 1788 nihil
1697 1735 1819 1788 tarn
1858 1745 2001 1789 esse
2031 1727 2215 1787 inimi·

146 1826 281 1871 cum
335 1827 513 1887 quam
558 1814 954 1887 voluptatem.
1044 1813 1143 1872 41.
1192 1813 1529 1874 Nec-enim
1573 1810 1821 1873 libidine
1863 1811 2219 1874 dominante

141 1896 581 1971 temperantiae
612 1898 817 1958 locum
860 1912 1005 1957 esse
1036 1913 1240 1971 neque
1273 1895 1521 1958 omnino
1562 1896 1623 1957 in
1660 1895 1989 1972 voluptatis
2022 1912 2218 1971 regno

141 1978 427 2040 virtutem
454 1998 649 2057 posse
681 1979 1045 2042 consistere.
1123 1981 1300 2055 Quod
1335 1997 1455 2055 quo
1483 1978 1677 2056 magis
1697 1979 1947 2055 intelligi
1979 1986 2219 2054 posset,

142 2062 376 2138 fingere
432 2064 632 2125 animo
692 2063 939 2126 iubebat
989 2071 1174 2125 tanta·
1214 2062 1525 2125 incitatum
1580 2062 1841 2138 aliquem
1903 2065 2219 2137 voluptate

144 2146 425 2221 corporis
472 2154 699 2221 quanta
744 2147 978 2224 percipi
1019 2155 1241 2224 posset
1282 2148 1562 2208 maxima.
1640 2145 1876 2207 Nemini
1920 2146 2222 2206 censebat

141 2230 276 2289 fore
312 2226 562 2288 dubium
599 2230 742 2303 quin
776 2238 899 2290 tam
950 2231 1081 2304 diu,
1138 2232 1279 2291 dum
1309 2230 1392 2291 ita
1424 2231 1751 2307 gauderet,
1807 2229 1952 2289 nihil
1982 2229 2219 2305 agitare

142 2318 363 2384 mente,
398 2310 542 2371 nihil
566 2311 831 2387 rat10ne‚
861 2312 1008 2373 nihil
1033 2313 1403 2390 cogitatione
1436 2313 1736 2389 consequi
1760 2320 1995 2389 posset.
2058 2314 2220 2388 Quo·

143 2393 303 2454 circa
347 2393 513 2453 nihil.
543 2411 686 2456 esse
735 2403 858 2456 tam
912 2398 1275 2459 detestabile
1322 2403 1569 2473 tamque
1621 2398 1976 2472 pestiferum
2031 2413 2217 2471 quam

144 2480 548 2552 voluptatem,
596 2478 648 2539 si
681 2477 926 2554 quidem
955 2497 1063 2554 ea,
1110 2499 1296 2556 quum
1342 2480 1537 2541 maior
1571 2488 1738 2542 esset
1768 2490 1952 2554 atque
1980 2480 2219 2555 longin-

143 2560 347 2637 quior,
381 2579 564 2624 omne
597 2562 778 2624 animi
814 2566 1015 2626 lumen
1053 2565 1517 2640 exstingueret?
1593 2566 1761 2626 Haec
1797 2581 1935 2625 cum
1969 2565 2031 2624 C.
2056 2565 2218 2625 Pon-

138 2645 223 2706 tio
258 2646 555 2721 Samnite,
610 2655 782 2725 patre
826 2649 988 2721 eius,
1034 2666 1069 2708 a
1114 2666 1238 2723 quo
1273 2648 1545 2709 Caudino
1586 2648 1821 2724 proelio
1860 2648 1966 2723 Sp.
1998 2648 2218 2708 Postu·

140 2728 297 2791 mius
322 2733 387 2790 T.
410 2733 705 2794 Veturius
738 2735 1026 2794 consules
1061 2732 1332 2807 superati
1363 2738 1534 2805 sunt,
1574 2734 1842 2792 locutum
1875 2731 2212 2808 Archytam

139 2814 452 2875 Nearchus
483 2816 849 2877 Tarentinus·
887 2818 1120 2892 hospes
1163 2824 1405 2889 noster,
1459 2814 1560 2891 qui
1602 2814 1662 2874 in
1706 2814 1966 2875 amicitia
1999 2813 2213 2890 populi

139 2896 398 2958 Romani
444 2907 891 2973 permanserat,
950 2916 1019 2960 sc
1058 2915 1095 2958 a
1139 2898 1472 2961 maioribus
1513 2905 1657 2959 natu
1700 2898 2018 2974 accepisse
2051 2897 2211 2958 dice-

137 2980 269 3056 bat,
303 2999 489 3057 quum
526 2982 772 3057 quidem
802 2982 857 3044 ei
887 2983 1154 3045 sermoni
1184 2982 1559 3045 interfuisset
1590 2984 1761 3043 Plato
1792 2981 2209 3055 Atheniensis·

141 3082 321 3139 quem
352 3068 678 3127 Tarentum
727 3067 972 3128 venisse
1016 3069 1083 3127 L.
1124 3067 1369 3129 Ca‘millo
1409 3065 1617 3144 Appio
1651 3065 1899 3126 Claudio
1947 3064 2210 3125 consuli·

138 3146 255 3207 bus
287 3149 550 3224 reperio.
636 3150 736 3208 42.
786 3151 1064 3225 Quorsus
1086 3150 1280 3212 haec?
1323 3159 1389 3212 ut
1422 3148 1799 3226 intelligatis,
1843 3149 1894 3209 si
1932 3150 2211 3223 volupta-

143 3235 263 3287 tem
295 3231 612 3305 aspernari
649 3232 888 3292 ratione
918 3240 981 3294 et
1011 3233 1313 3308 sapientia
1350 3251 1475 3296 non
1516 3250 1875 3310 possemuS,
1925 3248 2211 3307 magnam

142 3309 479 3372 habendam
524 3314 824 3375 senectuti
865 3316 1153 3391 gratiam,
1207 3334 1365 3395 quae
1396 3317 1670 3378 efficeret
1709 3324 1776 3378 ut
1805 3315 1863 3375 id
1907 3332 2031 3377 non
2063 3314 2207 3377 libe-
