2381 3723
154 148 227 204 65
944 140 1445 201 FRAGMENTA.
2100 142 2232 206 255

286 292 345 353 3.
394 291 590 368 Quid?
633 300 943 353 oratorum
1002 309 1183 368 quem
1241 291 1379 353 huic
1431 300 1772 368 antepones
1817 310 2061 367 eorum,
2121 294 2222 372 qui

154 374 300 437 nihil
333 375 497 437 aliud
520 377 813 451 egerunt?
885 375 1031 451 Quis
1056 375 1372 437 sententiis
1396 385 1507 437 aut
1528 377 1763 438 acutior
1795 384 1902 437 aut
1933 377 2221 452 crebrior,

157 459 295 535 quis
327 460 531 521 verbis
557 466 662 519 aut
688 457 961 520 ornatior
989 465 1095 519 aut
1117 458 1492 534 elegantior?
1554 474 1928 542 [Suetonius
1961 482 2048 530 vit.
2076 480 2223 532 Caes.

155 558 269 607 ουρ.
305 544 392 595 55.

281 612 340 669 4.
377 541 595 687 {leque
626 611 784 672 enim
818 609 1150 684 quidquam
1178 610 1343 670 aliud
1380 619 1476 672 est
1506 611 1758 673 felicitas
1791 613 1906 675 nisi
1938 616 2224 678 honesta·

154 712 289 754 rum
322 711 525 756 rerum
558 692 939 771 prosperitas
967 694 1094 764 vel,
1133 701 1203 753 ut
1240 695 1357 755 ulio
1400 697 1586 755 modo
1624 696 1926 770 definiam,
1967 700 2227 761 felicitas

156 786 253 839 est
283 780 556 851 fortuna,
602 776 864 840 adiutrix
901 775 1292 838 consiliorum
1332 779 1662 840 bonorum.
1709 781 1932 855 quibus
1962 783 2065 858 qui
2096 802 2226 845 non

155 862 346 922 utitur
376 862 521 922 felix
544 877 691 922 esse
719 860 887 920 nullo
916 867 1092 933 pacto
1126 867 1353 936 potest.
1428 863 1635 936 Ergo
1620 880 1679 922 m
1716 865 2012 937 perditis
1996 884 2138 943 Imp
2122 867 2226 928 is-

157 961 277 1020 que
307 945 612 1017 consiliis,
645 942 873 1020 quibus
867 944 1112 1003 Caesar
1134 959 1294 1006 usus
1323 951 1480 1016 erat,
1517 947 1678 1006 nullu
1704 949 1903 1021 potuit
1930 965 2073 1010 esse
2096 950 2226 1012 feli

159 1029 339 1100 citas,
384 1028 747 1103 telieiorque
776 1043 914 1088 meo
945 1026 1168 1088 iudicio
1202 1029 1494 1089 Camillus
1524 1032 1823 1092 exstuans
1848 1049 2030 1107 quam
2075 1042 2224 1094 tem-

159 1112 415 1187 poribus
441 1112 661 1174 iisdem
684 1109 979 1185 Manlius,
1004 1107 1185 1171 etiam
1217 1111 1301 1186 si,
1330 1112 1391 1172 id
1424 1113 1593 1187 quod
1628 1113 1929 1190 cupierat,
1962 1132 2224 1193 regnare

158 1194 479 1271 potuisset.
515 1211 916 1278 [Ammianus
945 1211 1376 1263 Marcellinus
1409 1212 1498 1264 lib.
1537 1211 1679 1265 xxl.
1721 1228 1836 1278 cap.
1873 1213 1954 1266 lu.
1992 1217 2042 1279 5.
2077 1213 2185 1280 13.]

281 1294 343 1353 5.
382 1295 641 1367 Quidam
659 1302 919 1354 ναι-ναοῦ
937 1326 1020 1338 -—-
1037 1328 1124 1339 -—
1143 1298 1500 1369 coyninbnes
1529 1301 1762 1356 actuum
1791 1300 2090 1358 variorum
2108 1303 2216 1360 sti-

153 1380 231 1437 lis
264 1379 634 1440 uberioribus-
662 1381 995 1452 explicam
1022 1394 1141 1437 non
1169 1380 1413 1441 edidere
1451 1382 1813 1455 superstites,
1869 1387 1937 1441 nt
1958 1384 2021 1441 in
2060 1400 2219 1457 qua-

154 1461 297 1520 dam
347 1462 426 1521 ad
482 1460 827 1522 Cornelium
868 1460 1163 1535 Nepotem
1214 1465 1459 1538 epistola
1508 1462 1736 1538 Tullius
1786 1481 2012 1540 quoque
2066 1470 2221 1528 testis

152 1547 513 1605 reverendus
540 1545 840 1618 adfirmat·
909 1554 1072 1624 [Idem
1109 1558 1200 1609 lib.
1238 1559 1427 1614 XXVI.
1468 1578 1580 1628 cap.
1618 1561 1664 1612 l.
1702 1564 1752 1625 5.
1796 1561 1868 1628 2.]

581 1682 744 1737 m.
814 1680 906 1730 An
944 1680 1002 1735 G.
1040 1679 1307 1731 PANSAM
1348 1682 1548 1734 EPIST.
1587 1683 1713 1736 LIB.
1752 1685 1789 1738 1.

286 1776 340 1835 1.
396 1778 486 1836 De
542 1775 846 1837 Antiocho
894 1776 1089 1837 fecisti
1130 1777 1504 1839 humaniter:
1576 1796 1757 1855 quem
1813 1780 2056 1855 quidem
2100 1797 2217 1857 ego

154 1875 403 1936 semper
455 1860 637 1922 dilexi
691 1876 912 1936 meque
961 1860 1038 1921 ab
1094 1876 1175 1921 eo
1208 1860 1372 1937 diligi
1418 1861 1605 1924 sensi.
1687 1877 1955 1945 [Nonius
2001 1895 2053 1944 p.
2094 1879 2215 1932 509

153 1944 541 1997 Priscianus
579 1946 670 2000 lib.
708 1946 822 1998 XV.
863 1960 976 2011 cap.
1016 1905 1345 2009 3.§.14.]⁰

284 2010 342 2071 2.
389 2057 404 2073 .
433 2056 451 2071 .
474 2058 489 2074 .
516 2057 534 2074 .
559 2029 821 2090 quorum
846 2013 1048 2090 erupit
1076 2013 1178 2074 illa
1202 2030 1353 2085 vox,
1388 2013 1466 2072 de
1492 2030 1612 2089 qua
1634 2030 1750 2090 ego
1777 2031 1855 2074 ex
1875 2020 1937 2076 te
1959 2014 2215 2091 primum

152 2095 444 2171 quiddam
474 2096 869 2159 inaudieram.
941 2109 1210 2177 [Nonius
1244 2110 1494 2176 p.126.]

778 2227 853 2267 An
894 2224 1118 2265 nummu
1157 2226 1325 2265 Emsr.
1367 2226 1470 2264 Lm.
1516 2228 1592 2265 111.

279 2303 409 2367 Nos·
437 2301 827 2365 Ventidianis
853 2302 1202 2364 rumoribus
1234 2301 1586 2365 calficimur.
1651 2317 1915 2387 [Nonius
1951 2334 2006 2385 p.
2040 2315 2150 2385 92]

660 2441 803 2493 XV·
866 2438 1188 2490 m‘tsTOLA
1223 2440 1314 2490 AD
1352 2440 1708 2497 POMPEIUM.

210 2541 223 2553 '
290 2537 413 2587 Eam
449 2537 760 2589 scholiastes
797 2539 1029 2589 Ambros.
1074 2539 1144 2589 ad
1177 2538 1499 2589 Plancianum
1546 2555 1600 2605 p.
1655 2540 1769 2592 177.
1821 2540 1940 2592 Mai.
1991 2539 2077 2589 DE
2109 2539 2219 2589 RE-

150 2604 276 2658 BUS
309 2604 451 2657 SUIS
487 2608 538 2657 in
577 2607 839 2659 consulatu
872 2608 1030 2673 gestis
1058 2606 1347 2660 Ciceronem
1385 2608 1436 2656 in
1469 2609 1643 2658 Asiam
1682 2608 1885 2658 misisse
1920 2607 2042 2656 dicit
2076 2605 2216 2656 volu-

146 2675 304 2725 minis
340 2675 499 2725 instar
536 2675 832 2727 insolentius
866 2678 1126 2741 scriptam.

792 2795 957 2847 va
1030 2795 1121 2844 AD
1158 2794 1226 2843 M.
1264 2792 1577 2844 TITINIUM.

276 2886 586 2962 Equidem
629 2890 923 2951 memoria
972 2897 1155 2953 teneo
1217 2889 1424 2965 pueris
1480 2886 1668 2950 nobis
1713 2885 1969 2964 primum
2007 2886 2219 2950 Latine

150 2972 384 3032 docere
419 2972 705 3049 coepisse
728 2975 792 3034 L.
824 2973 1079 3035 Plotium
1118 2974 1476 3050 quemdam:
1520 2974 1598 3032 ad
1626 2988 1807 3047 quem
1834 2989 2021 3045 quum
2045 2971 2220 3032 fieret

149 3069 527 3129 concursus,
577 3058 746 3130 quod
781 3056 1273 3119 studiosissimus
1306 3055 1569 3132 quisque
1596 3055 1761 3131 apud
1797 3071 1935 3115 eum
1966 3070 2215 3114 exerce-

144 3143 345 3209 retur,
408 3139 692 3201 dolebam
739 3140 901 3201 idem
948 3141 1093 3201 mihi
1139 3158 1263 3202 non
1317 3140 1519 3200 licere.
1609 3137 1973 3200 Continebar
2016 3145 2216 3197 autem

144 3219 651 3283 doctissimorum
685 3223 992 3285 hominum
1020 3224 1417 3294 auctoritate,
1452 3222 1555 3297 qui
1588 3221 2013 3285 existimabant
2037 3222 2217 3283 Grae-

142 3304 237 3438 οξ
269 3305 812 3457 οἶονοίῐυῑίοὲιὲὺυε
844 3308 921 3368 ali
960 3308 1174 3370 melius
1198 3307 1440 3383 ingenia
1471 3324 1683 3384 posse.
1755 3319 2129 3387 [Suetonius
2154 3320 2216 3370 de

138 3403 171 3437 ο
224 3404 267 3441 ι·.
305 3402 332 3438 r
370 3396 436 3440 et.
475 3404 588 3453 cap.
666 3427 677 3439 .
