2381 3723
156 147 260 200 145
912 128 1480 192 POEMATORUM.

151 288 262 349 Sin
289 286 550 347 modicos
576 285 768 345 radix
794 287 1021 345 emittat
1048 285 1246 345 vivida
1267 284 1511 357 fructus
1524 331 1538 358 ,

150 372 331 433 Nullo
355 371 588 431 obsessa
615 372 732 430 situ
762 371 934 430 tellus
952 370 1187 444 florebit
1214 371 1446 443 aristis,

151 456 282 516 Iam
322 469 471 515 vero
506 468 758 529 semper
787 451 1000 513 viridis
1037 467 1415 531 semperque
1443 458 1701 528 gravata

152 537 474 600 Lentiscus
511 535 734 613 triplici
764 535 949 597 solita
975 545 1072 598 est
1106 537 1525 613 grandescere
1560 538 1687 597 fetu
1708 582 1724 610 ,

151 621 271 684 Ter
303 624 511 697 fruges
548 621 846 695 fundens,
874 619 990 682 tria
1019 627 1304 697 tempora
1332 626 1637 683 monstrat
1664 619 1908 683 arandi:

151 708 311 768 Nam
337 716 457 768 tres
478 723 605 767 esse
626 705 843 779 ferunt
855 707 1184 782 promendi
1207 709 1457 767 vomeris
1482 706 1665 767 boras
1678 750 1695 780 ‚

150 791 392 852 Primus
417 791 595 851 babet
611 793 875 866 primam
897 789 1140 863 fructus
1165 791 1508 866 mediusque
1530 791 1851 853 secundam
1866 835 1884 867 ,

160 874 390 936 Tertius
415 881 680 936 extremo
700 874 865 948 fetus
889 875 1211 950 respondet
1235 882 1464 935 aratro.

151 959 223 1021 Si
240 959 503 1035 oravida
529 961 797 1035 eqreqios
818 959 1067 1035 olandis
1093 962 1372 1021 lentiscus
1399 975 1645 1021 acervos

150 1043 466 1117 Proferat,
490 1044 603 1105 hoc
628 1047 840 1119 lamas
861 1044 1132 1120 sperabis
1159 1044 1239 1104 ab
1267 1045 1459 1105 omine
1484 1060 1698 1106 messes
1712 1091 1728 1119 ,

152 1128 235 1187 Et
251 1128 484 1189 modica
505 1129 824 1203 modicam,
843 1144 1046 1204 parca
1064 1144 1471 1204 praenoscere
1492 1145 1751 1204 parcam

158 1212 389 1272 Glande
403 1218 577 1288 potes
590 1233 610 1271 .·
639 1221 806 1273 terno
820 1215 1062 1288 pariter
1091 1228 1248 1288 quae
1276 1219 1538 1289 tempore
1555 1216 1732 1287 floret

149 1295 387 1371 Squillo
414 1297 520 1357 tibi
552 1297 735 1371 dicet,
764 1313 879 1371 quo
905 1304 1162 1373 sumant
1187 1300 1435 1371 meryite
1460 1301 1659 1359 culmi.

150 1379 308 1440 Nam
333 1397 738 1457 quaecumque
765 1382 1006 1443 avidum
1032 1384 1313 1443 lentiscus
1334 1381 1469 1455 feta
1497 1385 1765 1445 colonum

149 1463 560 1540 Praemonuit‚
585 1468 838 1541 squillae
857 1472 1141 1543 poterunt
1166 1467 1273 1527 tibi
1296 1467 1500 1528 dicere
1518 1470 1720 1541 flores.

152 1546 225 1607 Si
247 1549 462 1609 crebra
489 1555 772 1610 autumno
795 1550 1000 1611 videas
1024 1557 1320 1626 pereunte
1352 1555 1577 1612 moveri

148 1631 409 1706 Aymina
437 1650 752 1710 vesparum
765 1680 780 1708 ‚
813 1635 1041 1696 subitae
1066 1652 1131 1696 se
1145 1635 1386 1711 frivore
1405 1636 1680 1713 brumae,

150 1719 304 1779 Ante
322 1721 500 1778 etiam
534 1719 821 1795 Hesperio
851 1735 1032 1794 quam
1056 1727 1315 1795 suryant
1339 1721 1616 1782 Pleiades
1640 1731 1802 1799 ortu,

147 1803 565 1880 Praecipitant
583 1804 878 1879 densoque
904 1807 1030 1866 ruit
1046 1821 1181 1867 cum
1207 1806 1441 1867 turbine
1466 1812 1691 1868 vortex.

149 1887 223 1949 Si
243 1903 469 1963 porcae
495 1896 699 1965 turpes
727 1895 785 1949 et
801 1904 935 1950 oves
957 1891 1338 1965 pracilesque
1364 1894 1636 1965 capellae

148 1972 525 2048 Exspectare
555 1990 756 2033 mares
783 1981 1002 2034 aveant
1020 1975 1381 2049 penitalibus
1413 1977 1606 2049 arvis,

153 2056 617 2133 Concubitusque
647 2073 826 2119 novos
854 2074 1090 2134 semper
1117 2062 1240 2119 iam
1277 2064 1418 2119 nota
1448 2062 1719 2134 voluptas

149 2140 462 2216 Sollicitet,
493 2144 677 2203 simili
699 2142 970 2203 brumam
996 2145 1231 2204 ratione
1259 2143 1504 2203 notabis.

150 2224 224 2285 Si
250 2226 406 2286 videt
434 2228 498 2286 in
541 2227 824 2287 Venerem
855 2228 1096 2301 tardas,
1129 2244 1242 2289 nec
1266 2233 1473 2302 sponte
1499 2230 1726 2289 moveri

149 2309 413 2371 Securus
444 2313 690 2371 nimium
711 2314 980 2385 qeneris,
1016 2314 1121 2374 cui
1135 2315 1336 2387 pallia
1363 2312 1606 2386 desunt,

156 2394 395 2454 Gaudet
419 2398 589 2472 inops
603 2440 619 2469 ,
646 2395 866 2457 hiemes
893 2398 1087 2458 iussus
1109 2413 1365 2473 sperare
1394 2413 1668 2473 serenas,

156 2478 392 2539 Gaudet
417 2486 478 2540 et
500 2480 754 2540 adsueta
778 2481 1032 2555 yruibus
1056 2482 1420 2541 venientibus
1446 2482 1599 2543 bora

157 2560 451 2638 Tempora
477 2566 584 2639 qui
598 2571 823 2639 servat,
857 2564 1053 2625 tardis
1072 2571 1132 2625 et
1154 2566 1370 2626 tardus
1395 2572 1605 2625 arator
1618 2587 1639 2625 .-

148 2646 422 2721 Namque
444 2665 630 2722 yrues
656 2655 940 2709 venturae
968 2651 1277 2710 imitantur
1303 2655 1570 2724 tempora
1598 2650 1881 2711 brumae.-

149 2730 222 2791 Si
253 2731 439 2793 subito
463 2736 703 2793 veniunt
729 2734 1041 2808 densisque
1067 2751 1182 2809 per
1205 2739 1357 2795 ae'ra
1383 2736 1620 2808 turmis,

145 2815 401 2876 Immitis
423 2816 675 2890 festinat
695 2819 913 2879 hiems.-
939 2820 1017 2878 sit
1045 2819 1280 2880 tardius
1304 2820 1446 2879 illae

149 2899 404 2974 Aqmine
426 2916 543 2962 non
573 2918 718 2976 uno,
748 2918 867 2963 non
895 2917 1014 2963 uno
1040 2908 1301 2979 tempore
1329 2901 1605 2976 tendunt,

148 2984 332 3045 Lenis
349 2984 535 3046 hiems
562 3003 761 3048 serum
789 2990 1027 3048 veniens
1052 2993 1187 3048 sata
1214 3004 1356 3049 sera
1381 2986 1634 3047 iuvabit.-

150 3067 223 3129 Si
240 3070 499 3144 provido
521 3078 802 3133 autumno
824 3071 1086 3147 pecudes
1110 3078 1171 3133 et
1196 3072 1417 3132 bucera
1445 3074 1648 3131 saecla

149 3153 468 3228 Effodiant
487 3156 741 3231 pedibus
758 3157 1007 3232 qlaebas
1034 3156 1372 3231 obnixaque
1397 3162 1566 3216 vento

149 3237 488 3300 Sustentent
512 3243 716 3317 capita
730 3287 745 3315 ‚
767 3240 1085 3303 horrendis
1107 3240 1452 3314 furibunda
1475 3241 1756 3315 procellis

149 3321 360 3397 Suryit
384 3324 572 3386 biems
584 3372 599 3400 ‚
636 3333 864 3387 nostros
877 3326 1080 3401 fuaiet
1101 3341 1281 3401 quum
1304 3325 1509 3386 lucida
1531 3327 1689 3386 visus

150 3407 351 3469 Pleias
379 3415 440 3470 et
463 3413 709 3471 miseros
731 3411 972 3472 vexabit
995 3412 1207 3471 bruma
1232 3414 1492 3486 colonos,

2118 127 2243 193 335

2140 293 2246 347 320

2140 715 2244 769 325

2142 2404 2243 2459 345

2138 3242 2242 3298 355
