2381 3723
143 123 213 176 63
721 148 724 151 ·
759 113 804 173 1.
856 115 1022 175 CAP.
1059 122 1247 176 1—3.
1292 122 1346 183 S.
1378 122 1605 177 6—14.
2098 116 2219 180 179

143 263 217 325 iis
259 262 440 339 ipsis,
505 263 608 340 qui
652 265 1064 326 liberaverunt
1115 267 1290 325 eam?
1363 265 1592 339 Quibus
1646 268 1894 329 tandem
1925 268 2218 343 gradibus

144 349 440 409 Romulus
466 347 822 410 escenditin
852 350 1131 410 caelum?
1167 347 1355 423 iisne,
1380 365 1547 423 *quae
1570 349 1669 430 isti
1694 351 1857 411 bona
1888 353 2217 426 appellant,

143 449 219 491 an
244 431 429 493 rebus
451 431 644 507 gestis
666 439 852 508 atque
873 432 1236 493 virtutibus?
1266 431 1462 507 Quid?
1485 449 1521 492 a
1542 432 1735 493 Numa
1748 433 2083 510 Pompilio?
2113 433 2220 495 mi-

146 532 341 576 nusne
367 522 574 591 gratas
608 516 702 577 dis
735 514 1178 578 immortalibus
1214 514 1546 592 capedines
1578 533 1651 577 ac
1693 518 1911 578 fictiles
1948 517 2219 579 hirnulas

145 598 336 660 fuisse
360 615 542 675 quam
566 599 840 661 felicatas
865 600 1122 661 aliorum
1144 607 1391 676 pateras
1415 598 1814 662 arbitramur?
1838 600 2059 662 Omitto
2085 599 2219 663 reli-

144 699 334 759 quos:
401 689 549 745 sunt
593 682 752 744 enim
794 700 1010 745 omnes
1054 699 1240 759 pares
1285 682 1443 743 inter
1472 700 1542 745 se
1580 691 1826 761 praeter
1850 684 2219 760 Superbum.

146 765 242 826 12.
297 766 552 827 Brutum
583 765 638 828 si
667 768 769 843 qui
799 773 978 843 roget
1020 766 1167 842 quid
1214 766 1409 841 egerit
1447 765 1508 828 in
1539 766 1739 844 patria
1770 767 2121 848 liberanda,
2166 767 2219 829 si

143 849 280 926 quis
303 848 449 911 item
471 850 745 925 reliquos
771 849 1046 911 eiusdem
1071 848 1307 912 consilii
1331 848 1571 923 socios,
1609 850 1757 927 quid
1781 843 2217 926 spectaverint,

141 932 288 1009 quid
318 934 515 994 secuti
551 932 698 1008 sint,
731 950 875 994 num
906 932 1044 1009 quis
1069 931 1326 994 exsistet
1354 933 1450 995 cui
1475 934 1792 1011 voluptaS,
1827 934 1924 997 cui
1951 934 2215 1006 divitiae,

142 1015 240 1077 cui
276 1014 544 1092 denique
577 1024 822 1091 praeter
856 1015 1123 1078 officium
1169 1016 1345 1078 sortis
1391 1026 1451 1078 et
1479 1017 1682 1093 magni
1725 1017 1839 1078 viri
1882 1018 2217 1095 quidquam

139 1098 305 1160 aliud
338 1100 722 1177 propositum
754 1099 942 1162 fuisse
969 1100 1293 1161 videatur?
1354 1103 1523 1176 Quae
1567 1118 1668 1163 res
1704 1103 1783 1162 ad
1823 1117 2036 1162 necem
2075 1103 2217 1161 Por-

141 1199 378 1244 sennae
411 1183 472 1244 C.
504 1183 770 1245 Mucium
812 1182 1050 1261 impulit
1079 1182 1214 1244 sine
1244 1184 1368 1244 ulla
1398 1201 1512 1261 spe
1541 1185 1756 1246 salutis
1791 1187 1983 1246 suae?
2050 1186 2216 1261 Quae

138 1266 234 1327 vis
275 1265 565 1327 Coclitem
607 1273 819 1329 contra
863 1284 1079 1329 omnes
1127 1265 1394 1328 hostium
1441 1267 1654 1345 copias
1698 1267 1889 1329 tenuit
1926 1268 1987 1328 in
2027 1277 2219 1345 ponte

141 1351 384 1413 solum?
429 1366 591 1427 quae
635 1362 870 1428 patrem
909 1350 1190 1423 Decium,
1246 1367 1407 1425 quae
1445 1352 1632 1413 filium
1681 1354 1909 1414 devota
1951 1351 2071 1413 vita
2113 1351 2217 1411 im—

141 1434 303 1495 misit
342 1432 403 1495 in
447 1442 712 1497 armatas
753 1434 1019 1497 hostium
1060 1433 1316 1511 copias?
1390 1433 1542 1509 Quid
1591 1434 1961 1498 continentia
2004 1437 2065 1497 C.
2105 1436 2215 1496 Fa-

143 1517 338 1592 bricii,
386 1518 535 1595 quid
563 1518 829 1581 tenuitas
862 1519 1058 1581 victus
1089 1519 1189 1578 Μ’.
1224 1516 1384 1579 Curii
1422 1519 1838 1594 sequebatur?
1910 1518 2064 1595 Quid
2092 1520 2213 1579 duo

141 1606 608 1680 propugnacula
650 1600 796 1663 belli
824 1601 1060 1675 Punici,
1108 1603 1214 1664 Cn.
1248 1609 1310 1663 et
1340 1602 1402 1660 P.
1440 1602 1791 1680 ScipioneS,
1836 1602 1940 1679 qui
1960 1604 2216 1664 Kartha·

142 1684 504 1762 giniensium
533 1687 864 1748 adventum
907 1685 1273 1762 corporibus
1311 1684 1439 1748 suis
1480 1687 2009 1748 intercludendum
2045 1695 2217 1763 puta-

147 1770 397 1830 verunt?
438 1769 586 1846 quid
607 1770 936 1832 Africanus
959 1770 1179 1841 maior,
1215 1768 1362 1846 quid
1385 1769 1613 1845 minor,
1649 1768 1794 1847 quid
1818 1770 1976 1831 inter
1996 1771 2216 1832 horum

143 1860 374 1915 aetates
425 1852 780 1916 interiectus
825 1855 1018 1917 Cato?
1074 1852 1223 1930 quid
1265 1853 1739 1915 innumerabiles
1784 1852 1923 1915 alii?
1962 1887 2047 1900 —-
2076 1871 2215 1914 nam

144 1937 494 1999 domesticis
546 1939 843 2016 exemplis
895 1939 1282 2000 abundamus
1312 1971 1395 1984 --
1422 1937 1733 2012 cogitasse
1781 1937 2111 2012 quidquam
2155 1937 2215 1997 in

145 2021 267 2080 vita
308 2019 426 2081 sibi
470 2023 878 2098 expetendum
923 2021 1041 2083 nisi
1086 2022 1254 2097 quod
1297 2021 1603 2082 laudabile
1635 2026 1805 2081 esset
1848 2027 1910 2080 et
1948 2021 2217 2096 praecla-

104 2120 281 2165 .rum
308 2102 628 2183 videntur?
710 2108 810 2166 111.
863 2106 956 2168 13.
1044 2103 1312 2166 Veniant
1356 2103 1540 2179 igitur
1578 2103 1678 2165 isti
1706 2094 1992 2164 irrisores
2036 2102 2215 2164 huius

144 2185 437 2250 orationis
486 2205 560 2250 ac
615 2189 956 2257 sententiae
1003 2196 1064 2249 et
1101 2188 1221 2248 iam
1266 2189 1366 2248 vel
1408 2187 1526 2265 ipsi
1577 2186 1848 2250 iudicent
1888 2194 2089 2248 utrum
2147 2203 2217 2247 se

141 2272 359 2334 horum
391 2270 675 2347 alicuiuS,
732 2273 835 2350 qui
864 2271 1225 2334 marmoreis
1257 2271 1435 2334 tectis
1474 2272 1664 2333 ebore
1705 2279 1766 2332 et
1798 2287 1946 2332 auro
1986 2272 2217 2346 fulgen-

140 2355 331 2429 tibuS,
387 2355 491 2432 qui
520 2355 740 2433 signiS,
800 2357 904 2433 qui
932 2356 1186 2429 tabulis,
1244 2355 1349 2432 qui
1382 2358 1615 2418 caelato
1654 2372 1803 2417 auro
1849 2362 1911 2416 et
1941 2362 2217 2430 argento,

145 2438 245 2514 qui
277 2439 602 2501 Corinthiis
645 2441 937 2516 operibus
980 2441 1323 2513 abundant,
1374 2457 1451 2503 an
1486 2442 1548 2500 C.
1593 2438 1884 2513 Fabricii,
1930 2439 2035 2514 qui
2073 2438 2218 2500 nihil

142 2538 354 2584 corum
389 2523 626 2598 habuit,
682 2523 824 2585 nihil
864 2525 1091 2585 habere
1141 2523 1363 2597 voluit,
1420 2540 1491 2584 se
1528 2522 1758 2584 similes
1792 2539 1935 2583 esse
1968 2521 2219 2583 malint?

144 2608 239 2667 14.
288 2608 493 2682 Atque
521 2607 677 2668 haec
713 2607 991 2684 quidem,
1030 2625 1186 2684 quae
1225 2607 1409 2668 modo
1444 2607 1595 2679 huc,
1631 2606 1817 2665 modo
1848 2604 1990 2664 illuc
2023 2613 2217 2664 trans·

142 2690 444 2764 feruntur,
478 2690 656 2753 facile
691 2690 915 2752 adduci
945 2693 1149 2753 solent
1175 2697 1244 2752 ut
1272 2691 1332 2751 in
1365 2690 1552 2751 rebus
1588 2687 1765 2749 bonis
1799 2703 1941 2748 esse
1971 2694 2215 2762 negent,

141 2771 284 2834 illud
339 2781 470 2835 arte
493 2782 707 2837 tenent
756 2780 1165 2852 accurateque
1216 2775 1579 2846 defendunt,
1638 2772 2017 2847 voluptatem
2075 2786 2219 2832 esse

141 2873 443 2918 summum
476 2858 725 2920 bonum.
781 2861 964 2936 ,Quae
1010 2858 1256 2935 quidem
1291 2857 1433 2918 mihi
1476 2874 1618 2927 vox,
1632 2856 1944 2933 pecudum
1974 2853 2219 2916 videtur

139 2957 313 3015 esse,
345 2958 469 3003 non
500 2941 835 3005 hominum.
916 2945 1037 3015 Tu,
1085 2960 1270 3018 quum
1318 2941 1425 3002 tibi
1463 2940 1596 3002 sive
1632 2942 1788 3001 deus
1838 2939 1971 3001 sive
2004 2947 2216 3010 mater,

139 3031 204 3086 ut
232 3024 315 3085 ita
344 3024 573 3101 dicam,
625 3044 832 3090 rerum
879 3025 1148 3089 omnium
1194 3033 1411 3087 natura
1461 3024 1699 3086 dederit
1740 3022 2039 3096 animum,
2094 3039 2215 3097 quo

136 3107 281 3168 nihil
333 3116 431 3170 est
474 3110 888 3186 praestantius
937 3127 1140 3187 neque
1183 3108 1480 3183 diviniuS,
1548 3108 1639 3170 sic
1669 3116 1730 3169 te
1779 3108 1915 3184 ipse
1968 3105 2217 3166 abiicies

137 3199 324 3268 atque
365 3201 760 3270 prosternes,
805 3202 873 3256 ut
915 3193 1061 3254 nihil
1095 3193 1253 3254 inter
1287 3199 1348 3254 te
1388 3199 1573 3269 atque
1619 3189 2085 3268 quadrupedem
2117 3189 2195 3250 ali

139 3293 319 3351 quam
362 3282 546 3353 putes
586 3278 930 3341 interesse?
1001 3277 1425 3353 Quidquamne
1469 3278 1700 3340 bonum
1743 3281 1839 3333 est
1879 3274 2047 3356 quod
2093 3290 2215 3334 non

138 3376 308 3434 eum,
344 3359 447 3437 qui
479 3360 542 3421 id
571 3361 882 3439 possidet,
913 3361 1227 3424 meliorem
1253 3361 1436 3422 facit?
1526 3362 1621 3420 15.
1661 3360 1742 3419 Ut
1768 3355 1928 3417 enim
1954 3357 2215 3432 quisque

139 3452 234 3504 est
285 3442 549 3507 maxime
601 3446 750 3509 boni
808 3445 1145 3523 particepS,
1203 3445 1287 3504 ita
1331 3443 1508 3505 etiam
1555 3439 1874 3581 laquabjfls
1918 3439 2212 3499 maxime.-

2173 3606 2209 3624 Δ
