2381 3723
0 705 43 1123 {rhet-zaza...

0 1507 21 1557 '⁶'
0 1184 47 1436 {zzz-‚121

213 116 339 178 232
1001 113 1502 175 FRAGMENTA.
2220 124 2297 177 42

213 264 432 337 Triari,
487 266 815 327 durissima
865 261 1111 340 quidem
1150 266 1349 326 hieme
1390 267 1582 326 valles
1619 264 2159 341 Agrigentinorum
2202 277 2295 325 at·

217 367 338 425 que
370 351 581 410 colles.
671 349 938 423 Campus
969 348 1067 407 ille
1113 349 1530 410 nobilissimus
1576 366 1650 409 ac
1694 343 2108 409 feracissimus
2149 347 2295 422 ipse

215 449 312 493 me
342 449 588 494 causam
640 449 835 507 paene
880 430 1089 492 docuit
1115 431 1469 494 Leontinus.
1544 431 1684 492 Adii
1732 435 1914 493 casas
1954 439 2291 503 aratorum,

217 532 252 575 a
307 516 467 576 stiva
513 512 977 590 ipsahomines
1026 531 1263 575 mecum
1312 516 1837 589 colloquebantur.
1927 514 2023 574 26.
2072 517 2291 590 ltaque

216 598 305 660 sic
337 599 447 659 fuit
475 598 575 658 illa
614 614 915 672 expressa
956 613 1170 667 causa,
1226 616 1347 659 non
1390 607 1459 660 ut
1497 598 1709 659 audire
1756 615 1857 672 ea,
1911 614 2078 674 quae
2125 597 2289 658 dice-

214 682 382 753 bam,
438 680 706 754 iudices,
761 682 873 742 sed
902 691 967 741 ut
1010 697 1262 742 cernere
1296 688 1356 741 et
1398 699 1593 758 paene
1625 690 1875 757 tangere
1914 681 2284 741 viderentur.

212 765 426 838 Neque
478 763 639 823 enim
699 763 843 824 mihi
894 764 1210 840 probabile
1263 781 1466 839 neque
1519 782 1728 826 verum
1786 764 2104 831 videbatur
2165 780 2285 836 me,

218 864 402 921 quum
449 846 843 908 fidelissimae
889 855 1076 925 atque
1120 848 1582 923 antiquissimae
1623 848 1973 925 provinciae
2021 847 2285 924 patroci-

217 932 378 991 nium
426 929 828 1005 recepissem,
886 948 1131 992 causam
1177 940 1487 1007 tamquam
1534 932 1712 994 unius
1758 932 1992 993 clientis
2027 932 2081 992 in
2121 930 2284 991 cubi·

217 1015 355 1075 culo
386 1030 522 1076 meo
554 1013 814 1075 discere.

341 1141 470 1200 XII.
517 1139 618 1200 27.
707 1141 869 1216 Ego,
920 1156 1116 1215 nuper
1147 1158 1333 1216 quum
1376 1139 1642 1212 Reatini,
1695 1138 1798 1213 qui
1831 1146 2042 1199 essent
2068 1138 2126 1198 in
2159 1138 2283 1197 fide

215 1240 382 1296 mea,
437 1240 532 1283 me
577 1241 752 1285 suam
810 1223 1110 1299 publicam
1166 1239 1415 1284 causam
1464 1223 1541 1282 de
1582 1221 1783 1282 Velini
1838 1220 2188 1282 fluminibus
2220 1229 2285 1281 et

217 1306 510 1368 cuniculis
557 1309 724 1383 apud
765 1307 879 1370 hos
924 1307 1213 1367 consules
1257 1322 1439 1380 agere
1488 1306 1855 1379 voluissent,
1909 1322 2031 1367 non
2079 1303 2279 1366 existi-

216 1390 373 1450 mavi
428 1406 525 1450 mc
575 1406 777 1465 neque
821 1389 1096 1464 dignitati
1148 1391 1574 1464 praefecturae
1630 1388 2029 1464 gravissimae
2079 1404 2280 1463 neque

217 1473 359 1534 fidei
404 1488 576 1532 meae
608 1473 756 1533 satis
790 1488 931 1533 esse
980 1474 1308 1545 facturum,
1365 1472 1479 1533 nisi
1520 1488 1616 1534 me
1654 1475 1900 1544 causam
1950 1471 2110 1532 illam
2157 1487 2276 1531 non

216 1559 412 1617 solum
447 1555 755 1629 homines,
788 1556 897 1615 sed
933 1555 1112 1614 etiam
1146 1556 1319 1615 locus
1355 1555 1490 1630 ipse
1527 1559 1822 1632 lacusque
1859 1554 2193 1617 docuisset.

342 1676 440 1737 28.
486 1679 696 1752 Neque
727 1685 793 1738 tu
823 1677 998 1738 aliter
1028 1679 1317 1753 fecisses,
1351 1680 1571 1753 Triari,
1602 1680 1655 1740 si
1685 1687 1743 1740 te
1776 1680 1837 1740 id
1872 1679 1955 1740 tui
1982 1678 2075 1740 isti
2102 1679 2281 1740 Sardi

216 1767 419 1824 facere
464 1761 833 1834 voluissent,
884 1762 973 1835 hi,
1028 1763 1130 1836 qui
1179 1773 1237 1825 te
1283 1763 1342 1823 in
1398 1763 1737 1828 Sardiniam
1785 1762 2029 1823 minime
2071 1763 2279 1824 venire

213 1849 573 1918 voluerunt,
627 1863 703 1906 ne
744 1847 928 1921 longe
970 1846 1145 1908 aliter
1186 1848 1390 1908 omnia
1439 1856 1623 1924 atque
1657 1853 1831 1908 erant
1860 1848 1935 1907 ad
1981 1855 2038 1908 te
2079 1848 2283 1908 delata

217 1945 667 2007 cognoscereS‚
704 1932 922 1990 nullam
956 1931 1354 1993 multitudinis
1379 1932 1437 1991 in
1471 1930 1752 1992 Sardinia
1775 1934 2115 2006 querelam,
2153 1934 2277 1991 nul·

216 2017 340 2076 lum
367 2014 426 2074 in
453 2014 687 2076 Scauro
714 2013 918 2076 odium
945 2015 1153 2091 populi
1176 2059 1335 2075 .....
1410 2016 1564 2075 XIII.
1599 2014 1696 2075 29.
1765 2017 1853 2075 Ac
1873 2016 2024 2088 vide,
2061 2015 2277 2087 Triari,

150 2144 155 2151 .
214 2107 496 2175 quantum
527 2106 845 2173 praeterea
886 2102 1113 2160 intersit
1149 2104 1304 2160 inter
1330 2116 1520 2169 meam
1551 2107 1729 2174 atque
1755 2105 1916 2158 tuam
1956 2102 2281 2160 accusatio-

213 2199 364 2244 nem.
432 2182 563 2255 qu
596 2197 713 2240 non
740 2190 877 2241 ante
917 2186 1464 2258 comperendinavi,
1503 2199 1709 2258 quam,
1738 2199 1908 2257 quem
1937 2184 2025 2242 ad
2046 2185 2280 2243 modam

214 2267 514 2342 Iuppiter,
558 2266 613 2324 si
624 2269 936 2338 poetarum
958 2266 1188 2339 fabulis
1226 2268 1524 2327 credimus
1538 2312 1552 2339 ‚
1599 2267 1964 2326 Enceladum
1994 2267 2278 2327 deiectum

215 2357 390 2424 atque
432 2349 764 2407 semiustum
813 2349 1081 2423 imposita
1125 2353 1322 2409 insula
1362 2353 1596 2425 operuit
1635 2353 1752 2420 vel,
1816 2358 1882 2408 at
1919 2352 2031 2409 alii
2065 2354 2282 2423 volunt,

223 2432 585 2508 Typhonem,
615 2432 783 2490 cuius
809 2431 1072 2493 anhelitu
1101 2435 1360 2492 Aetnam
1391 2433 1610 2492 ardere
1641 2431 1879 2505 dicunt,
1912 2433 2002 2492 sic
2021 2435 2278 2493 Verrem

218 2512 602 2591 operuissem
665 2512 867 2574 Sicilia
925 2522 1085 2576 teste
1158 2524 1301 2576 tota.
1389 2517 1479 2579 Tu
1532 2532 1654 2577 ano
1722 2516 2310 2591 comperendinasti,

214 2615 384 2659 reum
426 2604 586 2659 teste
630 2599 956 2673 producto.
1035 2601 1120 2659 At
1149 2615 1272 2675 quo
1300 2607 1489 2672 teste,
1550 2599 1611 2659 di
1662 2600 2065 2661 immortales!
2145 2600 2278 2660 Non

216 2684 365 2744 satis
399 2682 566 2756 quod
602 2699 757 2755 un0‚
801 2699 923 2743 non
967 2683 1134 2757 quod
1173 2683 1418 2757 ignoto,
1464 2700 1585 2743 non
1620 2684 1788 2758 quod
1829 2682 1978 2743 levi:
2019 2680 2284 2744 etiamne

220 2765 461 2826 Valerio
493 2771 648 2825 teste
680 2767 931 2841 primam
978 2766 1283 2827 actionem
1315 2765 1660 2838 confecisti,
1708 2765 1810 2841 qui
1841 2766 2029 2842 patris
2059 2767 2144 2826 tui
2177 2767 2254 2826 be

219 2848 436 2908 neficio
485 2847 727 2908 civitate
760 2850 1022 2909 donatus
1065 2850 1320 2925 gratiam
1356 2848 1460 2910 tibi
1502 2866 1624 2910 non
1672 2849 2006 2911 illustribus
2039 2849 2277 2922 officiiS‚

215 2931 327 2991 sed
357 2929 678 2991 manifesto
718 2932 984 3006 periurio
1033 2933 1299 2994 rettulit?
1386 2932 1485 2994 30.
1532 2934 1709 3008 Quod
1755 2932 1809 2994 si
1848 2941 1911 2993 tc
1949 2949 2128 2993 omen
2172 2949 2284 2994 no·

218 3015 392 3076 minis
425 3014 615 3076 vestri
655 3016 802 3075 forte
831 3015 1032 3089 duxit,
1079 3033 1195 3077 nos
1226 3023 1427 3077 tamen
1460 3016 1520 3077 id
1565 3033 1735 3077 more
1764 3016 2057 3077 maiorum
2078 3064 2093 3089 ‚
2139 3016 2295 3090 quia.

218 3100 481 3160 faustum
515 3104 826 3173 putamus,
872 3117 994 3160 non
1027 3101 1106 3160 ad
1140 3099 1503 3175 perniciem,
1549 3117 1762 3163 verum
1794 3101 1873 3161 ad
1905 3103 2161 3161 salutem
2195 3100 2293 3159 in·-

216 3189 639 3254 terpretamur.
725 3182 885 3241 XIV.
943 3183 1068 3242 Sed
1110 3183 1309 3244 omnis
1351 3183 1469 3244 ista
1511 3183 1792 3244 celeritas
1834 3199 1907 3243 ac
1954 3183 2294 3255 festinatio,

219 3263 387 3350 quod
416 3261 898 3337 inquisitionem,
933 3267 1099 3340 quod
1128 3266 1392 3344 priorem
1421 3266 1724 3326 actionem
1750 3273 1936 3327 totam
1962 3265 2294 3338 sustulisti,

218 3341 365 3399 illud
399 3345 681 3414 patefecit
714 3355 773 3406 et
800 3346 1153 3420 illustravit,
1202 3350 1370 3422 quod
1403 3350 1707 3410 occultum
1739 3356 1942 3411 tamen
1974 3367 2097 3410 non
2130 3358 2292 3423 erat,
