2381 3723
175 153 248 209 99
969 145 1476 206 FRAGMENTA.
2138 142 2267 208 289

174 296 425 358 alterius
494 296 586 357 sic
641 313 811 358 acre
850 305 916 358 ut
977 299 1096 359 mel
1161 297 1534 375 Hymettium
1605 294 1887 357 dicimus.
1988 309 2262 379 [Nonius

302 465 402 528 62.
447 467 530 527 Ut
556 464 630 540 ii,
663 465 766 542 qui
797 466 1062 528 combibi
1092 484 1428 544 purpuram
1457 455 1702 540 vesunt,
1742 464 2060 526 sufficiunt·
2089 465 2262 541 prius

177 550 375 609 lanam
411 549 874 612 medicamentis
906 552 1308 627 quibusdam,
1348 550 1440 611 sic
1481 549 1696 610 litteris
1727 548 2077 624 talibusque
2115 546 2263 611 doc-

176 632 349 693 trinis
381 643 521 695 ante
550 633 750 694 excoli
780 634 1020 696 animos
1055 641 1118 696 et
1146 635 1226 695 ad
1259 633 1620 711 sapientiam
1654 630 2170 708 concipiendam
2155 650 2261 692 im-

177 716 278 776 bui
312 723 372 776 et
403 717 759 794 praeparari
797 718 993 779 decet.
1082 731 1244 799 [Idem
1274 749 1327 799 p
1366 733 1487 786 521.
1528 731 1592 787 cl.
1633 732 1760 786 ibid.
1799 749 1853 800 p.
1890 732 2037 799 386.]

300 798 400 862 63.
435 834 520 844 --
544 808 692 862 tunc
717 801 1101 877 obsequatur
1120 808 1396 875 naturae,
1424 818 1610 877 quum
1636 800 1771 863 sine
1800 801 2094 877 magistro
2119 816 2260 860 sen-

174 882 554 1033 serlitmplliid
595 891 817 945 natura
876 879 1222 956 desideret
1320 894 1770 966 [Augustinus
1824 902 1913 953 lib.
1948 903 2018 952 v.
2055 914 2167 964 cap.
2208 899 2259 949 5.

171 981 224 1030 p.
407 1008 419 1020 .

299 1049 402 1110 64.
445 1084 535 1099 ·--
566 1050 789 1112 deinde
818 1049 1110 1125 imitator,
1157 1058 1226 1112 ut
1262 1050 1377 1112 sibi
1410 1050 1654 1126 quidem
1691 1052 1965 1125 videtur,
2002 1057 2258 1111 naturae

175 1149 311 1194 mos
342 1134 633 1195 Vindicat.
725 1148 998 1215 [Nonius
1032 1164 1085 1214 p.
1126 1149 1273 1213 419]

301 1216 402 1278 65.
451 1216 614 1278 Caeli
637 1216 953 1315 signorum
977 1216 1395 1278 admirabilem
1422 1217 1699 1278 ordinem
1730 1217 2259 1292 insatiabilemque

174 1299 648 1374 pulcritudinem
694 1300 886 1376 magis
926 1307 1230 1376 spectant.
1335 1316 1770 1385 [lamp-,4021

299 1383 402 1445 66.
446 1419 531 1428 —
568 1392 636 1445 ut
676 1385 928 1446 easdem
972 1385 1263 1447 tenebras
1294 1386 1521 1446 efficiat
1527 1335 1736 1460 1’ssol],
1772 1404 1929 1463 quas
1962 1382 2169 1446 effecit
2195 1380 2256 1441 in

172 1464 454 1541 interitu,
484 1469 761 1530 Romuli:
793 1467 896 1544 qui
929 1467 989 1527 in
1023 1468 1463 1530 obscuratione
1494 1468 1647 1531 solis
1685 1478 1782 1532 est
1813 1473 2030 1533 factus.
2092 1480 2257 1547 [Au-

169 1553 348 1614 gusti
365 1566 481 1602 nus
518 1553 582 1603 de
617 1555 720 1606 οἰν.
758 1553 809 1605 d.
851 1552 941 1602 lib.
969 1553 1053 1602 111.
1088 1567 1204 1619 cap.
1245 1552 1328 1606 15.
1366 1555 1428 1603 T.
1465 1556 1529 1605 V.
1565 1570 1617 1619 p.
1661 1551 1806 1618 179]

728 1680 1115 1738 FRAGMENTK
1149 1680 1465 1738 INCERTAE
1499 1680 1699 1739 SEDIS.

299 1788 403 1850 67.
447 1820 531 1831 —
555 1797 616 1850 et
639 1790 908 1866 paullum
937 1787 1119 1866 agelli
1153 1786 1566 1867 occupavisse
1598 1819 1684 1831 —
1735 1800 2012 1869 [Nomas
2032 1817 2086 1868 p.
2104 1795 2252 1865 356.]

299 1871 401 1933 68.
447 1873 696 1934 Praeter
718 1884 996 1935 caeteras
1019 1882 1235 1934 nostra
1258 1872 1471 1934 extulit
1493 1870 1732 1931 civitas.
1780 1885 1944 1953 [Idem
1963 1893 2019 1951 p.
2031 1885 2132 1938 297
2145 1881 2251 1962 sq3]

299 1955 400 2017 69.
444 1956 669 2033 Magna
715 1957 896 2018 etiam
947 1956 1131 2017 animi
1172 1954 1483 2018 contentio
1534 1954 1881 2015 adhibenda
1924 1960 2022 2015 est
2066 1950 2256 2028 expli-

172 2040 374 2101 cando
406 2039 749 2113 Aristoteli,
783 2039 837 2101 si
882 2043 1074 2116 leges·
1165 2053 1331 2120 [Idem
1368 2068 1422 2119 p.
1461 2051 1604 2118 264]

156 2135 163 2138 ’
256 2136 401 2198 70.
444 2170 526 2184 —·
578 2144 872 2213 quantum
923 2136 1083 2197 inter
1129 2153 1204 2198 se
1259 2134 1538 2197 homines
1604 2135 1926 2195 studentes
1977 2134 2254 2195 moribus

170 2217 340 2282 omni
365 2219 527 2280 vitae
562 2221 799 2281 ratione
841 2219 1130 2281 differant
1158 2252 1264 2279 -—.
1355 2234 1518 2302 [Idem
1554 2250 1607 2301 p.
1647 2232 1793 2300 284]

294 2316 399 2378 71.
441 2316 553 2392 Qui
605 2334 791 2392 quum
840 2317 1026 2379 hodie
1073 2318 1302 2378 bellum
1367 2334 1505 2379 cum
1566 2325 1807 2379 mortuo
1861 2325 2096 2393 gerant.
2147 2351 2251 2374 --.

170 2397 576 2467 [Arusianus
610 2401 890 2453 Messius
925 2401 1164 2468 Exempl.
1205 2401 1390 2457 elocut.
1426 2419 1476 2469 p.
1517 2403 1636 2455 217.
1676 2400 1934 2467 Lindem.]

297 2482 399 2544 72.
438 2486 633 2546 altera
667 2492 765 2548 est
803 2503 964 2547 nexa
1007 2503 1145 2547 cum
1179 2487 1502 2563 superiore
1533 2494 1595 2545 et
1627 2486 1769 2546 inde
1802 2491 2071 2561 apteque
2106 2501 2252 2560 pen·

171 2568 350 2628 dens·
438 2576 715 2644 [Nonius
744 2600 797 2650 p.
835 2583 981 2649 ²35]

295 2663 399 2725 73.
438 2666 585 2726 Nam
613 2667 781 2741 quod
809 2666 1041 2727 vereris
1067 2684 1144 2727 ne
1174 2684 1300 2728 non
1333 2664 1660 2727 conveniat
1686 2664 1918 2725 nostris
1948 2662 2251 2723 aetatibus

170 2746 291 2808 ista
324 2750 554 2823 oratic,
587 2767 745 2825 quae
786 2757 1028 2826 spectet
1054 2751 1133 2810 ad
1162 2750 1552 2811 hortandum.
1644 2762 1807 2829 [Idem
1840 2776 1893 2826 p.
1924 2756 2066 2825 270.]

296 2846 397 2905 74.
444 2847 570 2908 Aut
598 2846 703 2908 tibi
734 2846 796 2907 id
836 2847 1037 2923 ipsum
1070 2847 1546 2925 pervertendum
1578 2844 1720 2918 fuit,
1757 2844 1925 2920 quod
1958 2850 2024 2903 tu
2054 2858 2133 2902 ne
2163 2849 2251 2903 at-

167 2927 362 3004 tigisti
393 2929 675 3004 quidem,
704 2937 813 2991 aut
847 2930 978 2993 eius
1014 2941 1221 3008 partes
1267 2929 1446 3006 quasi
1481 2929 1752 2989 membra
1778 2927 2080 3005 quaedam
2115 2942 2252 2986 cae·

169 3012 396 3071 denda.
486 3026 649 3093 [ldem
688 3044 741 3093 p
780 3027 925 3093 271.]

254 3109 399 3169 7«5.
442 3109 638 3185 Quid?
680 3119 772 3183 tu,
807 3109 1087 3187 inquam,
1121 3112 1322 3183 soles,
1356 3125 1542 3186 quum
1572 3107 1867 3168 rationem
1893 3109 1969 3167 ab
2002 3083 2250 3184 dispen-

168 3199 381 3253 satore
419 3193 680 3270 accipis,
723 3194 776 3255 si
807 3210 952 3255 aera
991 3194 1232 3268 singula
1269 3190 1571 3294 probasti,
1607 3208 1936 3264 summam,
1982 3208 2140 3266 quae
2170 3209 2250 3253 ex

168 3275 262 3337 his
297 3278 580 3338 confecta
611 3277 718 3350 sit,
748 3295 871 3339 non
904 3278 1213 3353 probare?
1302 3293 1464 3359 [Idem
1499 3287 1735 3358 p.19'3.]

294 3372 397 3434 76.
383 3376 653 3520 ,Ιξϊωιέιιθ
674 3374 781 3436 tibi
806 3375 1101 3448 concedo,
1130 3375 1343 3451 quod
1328 3392 1387 3435 ιιι
1414 3374 1740 3435 duodecim
1757 3372 2058 3515 1sgriptum
2085 3374 2250 3432 vide

255 3474 368 3516 etc.
