2381 3723
150 141 276 206 382
554 139 862 200 INCERTI
889 138 1281 200 AUCTORIS
1314 137 1814 200 CONSOLATIO.
2145 150 2252 205 192

151 292 388 355 seminis
434 290 731 368 spectari,
775 290 1000 350 nedum
1047 288 1274 365 requiri
1320 292 1553 362 solent,
1591 289 2047 351 consideranda
2087 292 2246 367 sint,

147 386 314 439 tanta
343 378 503 437 facta
532 375 764 435 iactura
795 372 1162 449 gravissime
1193 375 1405 435 dolere
1449 373 1791 435 debuimus.
1864 373 1989 435 Sed
2026 374 2254 438 vincat

150 463 427 524 dolorem
458 458 821 531 consolatio,
855 473 969 519 nec
997 458 1117 518 iam
1149 457 1294 533 quid
1326 456 1741 529 amiserimus,
1774 459 1887 519 sed
1921 465 2250 533 quatenus

149 547 465 607 mortalem
497 542 689 603 filiam·
717 544 929 618 lugere
971 543 1188 602 deceat
1224 541 1585 617 cogitemus.
1654 542 1792 603 Hoc
1825 559 1942 603 nos
1974 542 2037 602 in
2073 560 2244 605 mae-

149 643 292 690 rore
327 634 573 700 nostro,
613 627 783 701 quod
813 633 981 687 certe
1012 626 1186 687 fortis
1222 633 1320 687 est
1361 624 1627 701 aegroti..
1669 641 1793 687 noa
1826 628 2028 692 solum
2077 627 2217 689 acci

147 725 326 789 pere,
360 712 471 772 sed
513 710 692 770 etiam
727 709 1061 784 exquirere
1088 708 1471 770 medicinam.
1557 710 1658 770 XI.
1700 708 1804 770 42.
1851 713 1967 783 At,
2004 710 2064 771 si
2097 711 2246 787 quis

148 797 263 857 erit
300 807 482 871 quem
513 794 697 855 dolor
733 808 775 854 a
804 793 1046 855 ratione
1075 793 1402 866 averterit,
1440 792 1539 854 cui
1570 810 1696 855 non
1735 793 1888 855 satis*
1927 794 2113 856 firma
2153 795 2235 856 vi-

148 879 406 941 deantur
435 889 537 950 ea,
563 891 732 953 quae
760 878 877 937 iam
910 878 1072 939 dicta
1107 884 1277 951 sunt,
1308 877 1370 937 is·
1396 882 1467 939 se
1505 877 1822 939 hominem»
1849 894 1996 939 esse
2022 879 2234 940 memi-

147 964 331 1037 nerit,
364 962 508 1023 nihil
537 968 740 1024 autem
771 962 1095 1024 humanius
1126 976 1271 1023 esse
1301 968 1533 1036 morte,
1563 968 1662 1035 ut,
1693 960 1747 1023 si
1776 977 1945 1023 mors
1982 964 2063 1023 ab
2091 962 2236 1040 ipso

147 1048 350 1109 divelli
374 1054 559 1122 atque
583 1046 805 1107 auferri
827 1052 1048 1122 posset
1075 1046 1177 1106 dis
1204 1046 1461 1122 propior
1488 1046 2026 1124 habendffisfcsset
2044 1063 2232 1123 quam

143 1132 522 1203 liominibu8‚
556 1145 674 1196 nec
713 1131 877 1193 omni
910 1143 988 1191 ex
1016 1137 1199 1207 parte
1225 1130 1490 1191 hominis
1520 1145 1745 1190 nomen
1778 1129 1901 1205 ipsi
1929 1145 2231 1207 congrue·

145 1224 268 1290 ret,
315 1215 461 1293 quia
513 1214 824 1277 communi
861 1221 924 1275 et
975 1214 1312 1290 praecipua
1360 1212 1626 1276 hominis
1681 1214 2049 1276 condicione
2106 1231 2230 1276 non

143 1306 434 1361 uteretur.
495 1300 821 1360 Praeterea
850 1298 1115 1359 lacrimis
1146 1298 1290 1358 nihil
1318 1298 1568 1375 profici,
1602 1313 1761 1375 quae
1794 1297 1848 1360 si
1879 1296 2030 1373 quid
2058 1296 2230 1358 adiu·

144 1384 329 1444 menti
358 1384 599 1444 adferre
624 1389 916 1459 possent,
951 1397 1075 1444 non
1106 1383 1308 1443 solum
1333 1381 1767 1455 effundendae,
1799 1382 1914 1444 sed
1944 1382 2234 1443 studiose

145 1463 604 1542 conquirendae
641 1466 1016 1528 viderentur.
1103 1466 1229 1526 ΧΠ.
1273 1464 1373 1526 43.
1419 1465 1700 1543 Denique
1739 1475 1866 1527 non
1899 1467 2107 1527 solum
2145 1465 2229 1526 in·

142 1550 330 1622 iuste,
380 1550 493 1610 sed
545 1549 727 1609 etiam
780 1549 1138 1626 turpissime
1189 1562 1404 1625 agere,
1466 1550 1570 1625 qui
1620 1548 1949 1610 immodice
1999 1551 2230 1611 doleat.

139 1632 476 1709 'Dlirpitudo
510 1632 672 1693 enim
705 1632 883 1710 peior
924 1640 1022 1694 est
1054 1633 1304 1705 dolore,
1336 1633 1388 1694 si
1435 1633 1682 1708 quidem
1715 1634 1896 1694 dolor
1922 1632 2164 1695 homini
2192 1650 2230 1693 a

143 1724 357 1777 natura
386 1715 609 1777 insitus
639 1723 736 1778 eat
766 1715 1037 1793 nihilque
1066 1716 1255 1776 habet
1288 1714 1593 1777 infamiae.
1646 1716 1996 1793 'turpitudo
2019 1725 2234 1778 autem-

140 1800 369 1864 idcirco
403 1800 839 1878 vituperanda,
886 1801 1053 1878 quod
1091 1799 1322 1875 aliquid
1355 1811 1603 1876 semper
1631 1800 1994 1864 indecorum
2038 1800 2232 1863 conti·
2351 1868 2352 1875 χ

141 1894 278 1959 net,
326 1888 507 1964 culpa
548 1893 955 1947 contractum.
1030 1887 1113 1946 At
1158 1885 1360 1948 omnis
1401 1884 1771 1947 immodicus
1814 1886 1997 1948 dolor
2026 1886 2231 1962 turpis

142 1978 237 2031 est
265 1979 327 2032 el
353 1988 391 2031 a
430 1971 564 2033 viro
604 1970 872 2046 alienus,
921 1970 1169 2047 quando
1204 1968 1450 2045 quidem
1499 1976 1567 2030 ut
1597 1967 1927 2031 immodice
1956 1978 2230 2046 praeter·

145 2071 263 2129 que
292 2055 590 2116 rationem
628 2056 842 2118 doleas
874 2061 1105 2132 sponte
1135 2054 1354 2115 efficis.
1417 2054 1510 2114 Ex
1554 2070 1682 2129 quo
1714 2056 1894 2130 culpa
1927 2052 2228 2127 eximitur,

143 2152 300 2213 quae
328 2139 559 2200 homini
588 2138 852 2200 maxime
886 2137 1176 2215 fugienda
1213 2137 1589 2214 vitandaque
1628 2145 1750 2211 est,
1785 2154 1865 2198 ne
1901 2137 2229 2213 cogitatio·

141 2222 317 2284 nibus
363 2222 769 2297 mollissimis»,
820 2225 1037 2297 quales
1076 2222 1384 2285 imerdum
1419 2221 1662 2297 perdite
1697 2228 1984 2283 amantes
2028 2221 2230 2284 susci-

138 2322 288 2381 pere
317 2308 550 2379 solent,
574 2306 821 2367 nimium
847 2307 1281 2382 perturbemur
1299 2314 1368 2368 et
1382 2305 1826 2367 effeminemur.
1914 2305 2019 2367 44.
2067 2306 2226 2382 Quin

139 2389 346 2464 potius
380 2406 498 2451 nos
534 2390 614 2449 ad
648 2388 973 2450 Homerica
1000 2397 1337 2466 praecepta
1365 2391 1732 2452 referamus:

309 2500 497 2562 Corde
527 2515 640 2576 aye
666 2502 746 2562 sis
766 2504 940 2575 firmo
960 2508 1150 2564 necte
1177 2496 1441 2564 submitte
1470 2498 1692 2563 dom.-

303 2582 570 2662 Namque
603 2582 836 2662 aliquid
855 2588 1103 2661 aramus
1130 2582 1417 2661 peiusque
1444 2582 1769 2662 aliquando
1798 2585 1997 2646 tulisti.

135 2714 326 2775 Nemo
370 2714 657 2777 videlicet
700 2726 955 2776 suorum
996 2715 1213 2775 funera
1254 2712 1597 2788 experitur,
1644 2712 1742 2776 cui
1781 2729 1905 2773 non
1949 2712 2227 2775 adversa

136 2799 322 2858 multa
350 2806 532 2860 antea
555 2797 946 2874 contigerint:
981 2796 1063 2858 ita
1094 2796 1278 2858 variis
1304 2797 1470 2858 omni
1500 2814 1578 2859 ex
1601 2804 1777 2874 parte
1807 2797 2225 2860 incommodis

136 2881 402 2942 humana
444 2888 664 2943 natura
704 2881 1104 2944 concluditur.
1183 2882 1304 2942 Cur
1342 2881 1526 2957 igitur
1569 2881 1855 2958 graviora
1894 2881 1995 2941 vel
2051 2891 2225 2945 certe

136 2980 335 3042 aeque
376 2965 587 3042 gravia
628 2966 870 3027 fortiter
913 2983 1168 3042 passuS,
1220 2982 1406 3042 quum
1451 2966 1715 3028 maxime
1746 2963 2121 3029 occalluisse
2164 2973 2225 3027 et

135 3050 212 3108 ad
246 3050 527 3112 dolorem
554 3062 783 3111 novum
809 3050 1178 3113 obduruisse
1209 3051 1492 3124 deberet,
1526 3050 1922 3129 despondeat
1949 3048 2220 3110 animum

135 3148 330 3208 seque
358 3133 620 3198 maerori
654 3134 895 3196 tradat?
939 3135 1117 3210 Quod
1139 3134 1318 3197 etiam
1349 3135 1638 3196 iniustum
1664 3151 1808 3196 esse
1841 3134 2047 3210 paullo
2072 3141 2220 3195 ante

135 3213 511 3278 dicebamus.
568 3219 795 3278 Natura
825 3217 982 3278 enirn
1014 3234 1267 3279 usuram
1299 3218 1478 3281 nobis
1513 3218 1676 3281 vitae
1703 3216 1873 3279 dedit
1901 3224 2216 3293 tamquam

133 3297 432 3368 pecuniae
461 3301 627 3358 nulla
661 3301 983 3372 praefinita
1012 3300 1130 3362 die.
1202 3303 1379 3377 Quod
1411 3302 1497 3376 si,
1541 3320 1728 3378 quum
1760 3300 1938 3376 libet,
1974 3317 2091 3363 sua
2124 3318 2216 3362 re·

132 3378 283 3449 petit
326 3393 407 3436 ea
454 3381 820 3443 condicione
876 3388 1293 3460 commodata,
1349 3391 1418 3445 ut
1467 3385 1851 3448 restituenda
1900 3384 2057 3461 sint,
2105 3402 2215 3447 cur
