2381 3723
119 154 184 206 45
726 109 899 199 CAP.
931 149 1187 201 ιιι-15.
1233 148 1284 209 §-
1316 151 1575 203 47-54.
2063 142 2194 205 161Ἴ

120 289 412 353 amicitiae
449 291 588 350 fons
643 306 679 348 a
735 298 948 350 natura
999 289 1388 351 constitutuS.
1480 291 1605 350 Sed
1662 292 1875 351 eadem
1944 292 2182 354 bonitas

106 375 294 444 *etiam
343 374 421 432 ad
478 371 921 433 multitudinem
962 372 1246 448 pertinet.
1334 375 1469 434 Non
1512 372 1671 434 enim
1724 380 1820 433 est
1858 374 2184 436 inhumana

124 459 310 519 virtus
340 472 541 530 neque
580 455 861 517 immunis
895 472 1096 532 neque
1142 457 1440 532 superba,
1497 473 1655 531 quae
1690 457 1872 517 etiam
1914 460 2182 534 populos

122 540 443 603 universos
486 538 640 601 tueri
679 540 895 614 eisque
940 538 1170 613 optime
1214 542 1539 600 consulere
1573 541 1803 614 soleat,
1858 543 2028 617 quod
2058 559 2181 603 non
2241 585 2246 592 -

121 624 346 686 faceret
377 625 690 699 profecto,
734 623 787 684 si
818 640 855 682 a
884 625 1134 696 caritate
1173 623 1340 699 vulgi
1370 624 1744 685 abhorreret.
1832 624 1930 684 51.
1976 630 2183 700 Atque

119 708 298 770 etiam
327 706 471 767 mihi
501 706 746 781 quidem
775 705 1088 779 videntur,
1131 705 1237 782 qui
1259 706 1526 770 utilitatis
1560 723 1747 769 causa
1775 708 2014 782 fingunt
2039 707 2182 770 ami·

120 791 322 863 citias‚
377 789 875 851 amabilissimum
922 791 1154 851 nodum
1197 789 1495 850 amicitiae
1536 793 1772 851 tollere.
1845 793 1977 853 Non
2024 791 2184 853 enim

121 883 237 935 tam
278 873 501 934 utilitas
556 880 733 949 parta
771 890 883 949 per
926 873 1189 934 amicum
1237 889 1418 948 quam
1465 872 1642 934 amici
1683 890 1857 935 amor
1902 874 2039 951 ipse
2082 876 2182 935 de·

119 961 331 1031 lectat,
362 964 613 1031 tumque
634 956 782 1016 illud
807 957 903 1030 fit,
938 957 1105 1031 quod
1131 956 1208 1016 ab
1239 955 1434 1016 amico
1467 963 1563 1017 est
1584 959 1944 1032 profectum,
1978 959 2184 1019 iucun-

116 1042 293 1112 dum,
322 1040 375 1100 si
405 1056 543 1100 cum
582 1039 785 1100 studio
818 1047 915 1100 est
942 1040 1318 1115 profectum,
1357 1045 1712 1114 tantumque
1742 1039 1919 1101 abest
1946 1048 2015 1101 ut
2042 1040 2184 1100 ami-

119 1124 296 1217 citiae
344 1131 600 1199 propter
645 1121 1034 1198 indigentiam
1087 1125 1394 1195 colantur,
1457 1129 1525 1182 ut
1571 1121 1638 1193 ii,
1698 1122 1800 1198 qui
1853 1122 2072 1199 opibus
2124 1130 2187 1183 et

119 1204 318 1305 copiis
363 1207 745 1283 maximeque
788 1206 1041 1279 virtute,
1097 1208 1155 1267 in
1204 1223 1324 1282 qua
1362 1206 1686 1283 plurimum
1732 1216 1828 1268 est
1877 1208 2185 1284 praesidii,

121 1292 366 1353 minime
417 1289 666 1352 alterius
713 1289 1047 1367 indigeant,
1114 1289 1519 1351 liberalissimi
1559 1291 1681 1352 sint
1733 1299 1795 1351 et
1844 1292 2185 1353 beneficen-

119 1375 357 1437 tissimi.
430 1377 636 1450 Atque
665 1375 830 1435 haud
863 1373 1053 1435 sciam
1083 1392 1161 1436 an
1198 1392 1274 1435 ne
1306 1392 1465 1451 opus
1498 1375 1575 1436 sit
1605 1374 1851 1451 quidem
1884 1376 2029 1436 nihil
2058 1393 2184 1437 um·

120 1475 302 1534 quam
334 1457 580 1520 omnino
607 1459 831 1519 deesse
858 1458 1086 1520 amicis.
1167 1458 1285 1520 Ubi
1305 1458 1465 1519 enim
1496 1461 1699 1520 studia
1726 1467 1938 1521 nostra
1958 1458 2186 1535 viguis-

121 1549 285 1616 sent,
347 1541 400 1602 si
450 1558 782 1617 numquam
841 1541 1130 1616 consilio,
1182 1560 1515 1616 numquam
1565 1559 1756 1618 opera
1807 1551 2022 1605 nostra
2070 1558 2186 1603 nec
2235 1568 2238 1571 ⁴

116 1625 286 1687 domi
315 1642 430 1685 nee
464 1623 707 1685 militiae
730 1623 937 1699 Scipio
968 1625 1279 1700 eguisset?
1350 1628 1480 1687 Non
1505 1625 1689 1702 igitur
1709 1626 2017 1688 utilitatem
2044 1625 2185 1686 ami·

120 1709 289 1782 citia,
322 1710 433 1769 sed
463 1707 688 1770 utilitas
720 1707 1039 1769 amicitiam
1071 1716 1404 1770 consecuta
1435 1717 1549 1770 est.

242 1795 377 1853 XV.
434 1792 531 1852 52.
619 1792 751 1852 Non
805 1809 952 1868 ergo
1002 1800 1184 1853 erunt
1228 1792 1503 1853 homines
1548 1793 1779 1854 deliciis
1833 1793 2181 1853 diffluentes

120 1876 433 1950 audiendi,
476 1875 529 1937 si
560 1876 807 1952 quando
851 1876 929 1937 de
963 1876 1251 1949 amicitia,
1299 1893 1482 1952 quam
1512 1892 1628 1935 nec
1654 1894 1772 1937 usu
1802 1893 1917 1937 nee
1951 1875 2186 1936 ratione

122 1961 348 2021 habent
381 1960 716 2035 cognitam,
751 1960 1166 2035 disputabunt.
1238 1962 1388 2019 Nam
1413 1958 1549 2033 quis
1578 1967 1702 2030 est,
1735 1959 1892 2033 proh
1929 1960 2185 2019 deorum

120 2044 304 2104 fidem
329 2050 516 2118 atque
538 2042 878 2104 hominum!
926 2044 1028 2119 qui
1058 2044 1236 2116 velit,
1267 2051 1336 2102 ut
1358 2058 1561 2116 neque
1586 2038 1794 2114 diligat
1818 2058 2186 2117 quemquam

118 2145 236 2188 nec
259 2127 395 2202 ipse
422 2127 499 2186 ab
525 2128 645 2188 ullo
678 2126 986 2202 diligatur,
1023 2125 1449 2187 circumfluere
1472 2124 1753 2185 omnibus
1784 2123 1978 2200 copiis
2003 2131 2187 2199 atque

114 2209 177 2272 in
210 2210 483 2272 omnium
517 2226 717 2270 rerum
749 2210 1120 2271 abundantia
1148 2209 1358 2270 vivere
1371 2210 1416 2283 2,
1465 2209 1633 2269 Haec
1663 2207 1821 2268 enim
1854 2215 1951 2269 est
1983 2215 2185 2286 tyran-

116 2311 340 2356 norum
377 2293 526 2362 vita,
580 2293 639 2352 in
673 2311 792 2369 qua
824 2295 988 2354 nulla
1026 2294 1215 2366 fides,
1266 2294 1428 2353 nulla
1460 2291 1709 2364 caritaS,
1747 2294 1914 2353 nulla
1955 2290 2187 2352 stabilis

117 2376 588 2438 benevolentiae
631 2385 837 2453 potest
867 2393 1009 2438 esse
1050 2376 1302 2450 fiducia,
1357 2375 1559 2438 omnia
1607 2392 1854 2452 semper
1897 2381 2191 2451 suspecta

115 2470 310 2536 atque
354 2459 642 2534 sollicita,
697 2462 899 2521 nullus
930 2462 1105 2521 locus
1146 2458 1463 2520 amicitiae.
1552 2459 1653 2519 53.
1695 2459 1842 2534 Quis
1885 2458 2042 2519 enim
2085 2466 2192 2519 aut

112 2562 261 2604 eum
294 2544 555 2619 diligat(
576 2560 758 2619 quem
788 2551 1048 2616 metuat,
1095 2551 1201 2604 aut
1239 2560 1408 2615 eum,
1441 2561 1476 2602 a
1508 2558 1631 2618 quo
1665 2559 1735 2602 se
1764 2542 1947 2603 metui
1980 2543 2189 2617 putet?

117 2629 417 2687 coluntur
455 2634 658 2688 tamen
692 2626 1076 2688 simulatione
1107 2628 1420 2687 dumtaxat
1455 2626 1535 2685 ad
1582 2631 1845 2700 tempus.
1921 2625 2097 2698 Quod
2139 2621 2190 2681 si

116 2711 317 2781 forte,
367 2718 434 2771 ut
465 2711 532 2770 fit
573 2713 968 2787 plerumque,
1022 2711 1406 2783 cecideruut,
1459 2717 1584 2770 tum
1627 2706 1978 2782 intelligitur
2008 2721 2190 2781 quam

114 2790 346 2854 fuerint
384 2792 603 2869 inopes
644 2794 1007 2855 amicorum:
1068 2795 1235 2869 quod
1264 2791 1657 2869 Tarquinium
1705 2790 1937 2851 dixisse
1970 2791 2189 2862 ferunt,

113 2884 248 2937 tum
285 2878 666 2939 exsulantem
699 2895 770 2939 se
797 2876 1172 2938 intellexisse
1205 2894 1363 2952 quos
1392 2877 1553 2938 fidos
1587 2874 1820 2937 amicos
1854 2874 2187 2946 habuisset,

115 2976 283 3035 quos
340 2960 598 3035 infidoS,
664 2978 848 3036 quum
899 2961 1017 3020 iam
1073 2960 1308 3021 neutris
1366 2960 1619 3035 gratiam
1675 2961 1905 3020 referre
1956 2965 2189 3035 posset.

116 3044 225 3103 54.
272 3044 649 3119 Quamquam
674 3047 864 3106 miror
886 3043 985 3103 illa
1014 3044 1304 3119 superbia
1335 3051 1396 3104 et
1423 3043 1882 3118 importunitate
1912 3043 1964 3101 si
1988 3055 2191 3115 quem·

116 3143 309 3202 quam
342 3126 599 3188 amicum
630 3128 859 3189 habere
900 3126 1114 3203 potuit.
1186 3130 1393 3201 Atque
1440 3133 1509 3187 ut
1556 3125 1763 3198 huius,
1818 3140 2000 3198 quem
2050 3120 2189 3194 dixi,

116 3227 332 3272 mores
348 3227 538 3273 veros
562 3211 795 3273 amieos
814 3228 1031 3288 parare
1058 3227 1179 3271 non
1201 3216 1549 3286 potuerunt,
1580 3208 1668 3269 sic
1693 3207 2019 3268 multorum
2040 3221 2193 3280 opes

115 3295 623 3370 praepotentium
653 3296 985 3356 excludunt
1015 3292 1309 3353 amicitias
1341 3294 1576 3354 fideles.
1646 3293 1777 3350 Non
1812 3287 1971 3348 enim
1995 3289 2196 3349 solum

112 3375 266 3454 ipsa
306 3377 581 3439 Fortuna
632 3395 818 3440 caeca
867 3386 991 3453 est,
1051 3377 1162 3437 sed
1218 3393 1329 3437 eos
1375 3375 1555 3435 etiam
1601 3374 1963 3511 plexumque
2010 3367 2204 3429 efficit

211 3464 552 3525 c1C.IV.3.
