2381 3723
199 134 307 190 183
411 121 714 183 INCERTI
735 121 1068 183 AUCTOR.
1094 118 1411 181 CONsOL.
1455 120 1621 181 CAP.
1652 130 1701 183 1.
1732 130 1785 182 2.
1820 128 1872 190 S.
1899 129 2069 182 1—5.
2155 119 2279 184 373

197 272 358 354 ipsis
388 281 450 335 et
477 272 858 337 domesticae
893 272 1226 335 subvenire
1261 272 1601 334 calamitati.
1662 271 1727 334 Si
1759 273 1947 347 enim,
1994 273 2281 349 quotiens

197 378 322 421 usu
365 358 564 433 venit,
610 355 1034 419 consuluimus
1079 356 1369 431 caeteris,
1413 373 1524 418 cur
1564 374 1688 418 non
1735 357 2066 433 aliquando
2101 358 2281 420 nobis

195 443 394 520 ipsis?
454 450 544 517 et,
596 442 653 504 si
706 444 894 515 mala,
949 457 1110 517 quae
1164 456 1282 502 nee
1331 440 1513 502 vitari
1572 437 1689 502 nec
1752 440 1948 501 averti
1999 441 2282 503 humanis

195 526 433 588 viribus
497 523 794 602 possunt,
862 526 1235 601 pertulimus·
1297 523 1658 598 toleranter,
1728 521 1838 587 cur
1890 542 2013 586 non
2067 542 2171 599 ea,
2229 525 2282 586 si

196 609 570 689 possumus,
611 610 850 671 ratione
896 608 1130 671 leviora
1171 609 1510 672 faciamus?
1556 609 1921 686 praesertim
1973 626 2159 685 quum
2202 611 2285 671 ad

197 693 616 771 aegritudines
659 701 722 755 et
761 693 1079 757 molestias
1126 689 1529 770 depellendas
1576 710 1651 755 eo
1694 693 1897 756 acrius
1927 692 2282 755 incumbere

195 777 480 840 homines
515 779 810 854 debeant,
842 795 966 855 quo
1000 777 1215 839 melius
1248 785 1345 839 est
1372 778 1506 840 sine
1542 793 1691 840 cura
1718 779 1935 839 vivere
1967 795 2151 855 quam
2181 794 2283 839 cu-

194 863 283 924 ris
316 870 379 923 et
408 862 742 938 angoribus
769 878 1140 940 oppressum
1171 879 1244 923 ac
1276 862 1757 924 circumventum
1783 863 2113 924 humanam
2139 878 2282 923 con-

197 945 503 1008 dicionem
549 946 698 1008 satis
737 963 964 1024 per-se
995 946 1281 1008 miseram
1315 946 1447 1009 aliis
1493 943 1674 1008 etiam
1717 945 2123 1008 incommodis
2155 946 2283 1007 effi-

197 1046 342 1096 cere
375 1028 778 1094 miseriorem.
869 1027 929 1091 2.
977 1030 1134 1107 Quid
1176 1047 1367 1107 porro
1405 1029 1847 1108 praestantius,
1887 1030 2031 1107 quid
2073 1029 2283 1091 utilius

195 1122 294 1176 est
324 1130 540 1191 quam,
572 1131 763 1192 quum
795 1130 1062 1191 corpore
1095 1117 1336 1189 valeas,
1372 1131 1589 1175 curare
1626 1122 1695 1175 ut
1726 1112 1906 1175 etiam
1941 1112 2146 1176 animo
2181 1130 2275 1173 va·

192 1201 333 1260 lere¹
369 1197 621 1274 possis?
658 1199 711 1261 si
755 1198 1001 1275 quidem
1050 1215 1280 1275 corpus
1322 1198 1503 1259 animi
1545 1199 1997 1276 gubernaculo,
2045 1196 2283 1258 animus

195 1291 402 1345 autem
443 1281 779 1356 ministerio
816 1282 1098 1360 corporis
1139 1282 1394 1359 indiget.
1466 1285 1551 1343 At
1592 1281 1796 1357 neque
1827 1281 2066 1342 animus
2099 1297 2285 1357 aeger

193 1367 357 1427 bene
401 1366 769 1443 gubernabit
807 1383 925 1429 nec
967 1368 1279 1429 adfectum
1326 1383 1555 1443 corpus
1599 1365 1783 1427 animi
1826 1373 1995 1427 recte
2039 1363 2284 1442 'pareblt

193 1450 476 1528 imperio.
526 1499 534 1507 .
564 1452 636 1512 ΙΙ.
686 1450 746 1513 3.
792 1453 984 1528 Quam
1015 1451 1094 1512 ob
1118 1468 1249 1512 rem
1282 1445 1619 1526 prudenter
1647 1467 1681 1510 a
1714 1450 1915 1512 doctis
1946 1455 2008 1511 et
2041 1449 2281 1527 sapien·

195 1534 362 1595 tibus
384 1534 541 1596 viris.
556 1542 618 1595 et
641 1533 974 1611 cogitatum
999 1544 1060 1598 et
1086 1537 1313 1596 factum
1345 1542 1469 1608 est,
1506 1534 1610 1611 qui
1642 1536 1722 1596 de
1754 1537 1920 1596 luctu
1948 1533 2281 1596 minuendo

195 1624 344 1679 ante
370 1635 489 1681 nos
525 1619 937 1696 scripserunt:
984 1637 1247 1695 quorum
1279 1618 1707 1681 exstant-satis
1746 1620 1961 1692 multa,
2002 1635 2153 1682 sane
2185 1634 2283 1679 sa-

192 1702 438 1778 pienter
470 1702 683 1765 litteris
726 1704 1045 1777 mandata,
1089 1704 1150 1763 in
1196 1701 1538 1780 primisque
1582 1720 1620 1763 a
1658 1704 2119 1779 Theophrasto,
2161 1704 2283 1763 Xe-

194 1785 452 1847 nocrate
472 1794 539 1849 et
571 1788 895 1850 Crantore:
931 1785 1195 1863 quorum
1219 1787 1409 1849 libros
1434 1804 1620 1864 quum
1654 1803 1846 1864 saepe
1881 1786 2064 1847 animi
2093 1802 2284 1846 causa

194 1871 645 1947 sumpserimus
683 1872 745 1933 in
784 1888 1032 1946 manuS,
1069 1868 1352 1934 admirati
1393 1869 1609 1932 eorum
1647 1870 2065 1932 saluberrimis
2104 1885 2281 1946 prae-

193 1953 393 2032 ceptis
432 1958 718 2017 refertam
751 1963 813 2017 et
843 1956 1151 2016 conditam
1185 1954 1630 2031 eloquentiam,
1663 1961 1790 2015 tum
1822 1953 2104 2030 proxime
2135 1952 2281 2030 legi·

190 2055 334 2100 mus
368 2039 749 2102 necessario.
835 2041 898 2100 4.
945 2039 1139 2101 Casus
1169 2039 1331 2115 enim
1374 2046 1623 2115 ereptae
1660 2037 1840 2099 nobis
1874 2034 2062 2111 filiae,
2096 2036 2280 2113 quam

189 2121 255 2182 in
290 2123 488 2185 oculi-s
529 2124 915 2198 ferebamus,
956 2121 1195 2185 eximiis
1228 2131 1291 2184 et
1318 2121 1563 2184 virtutis
1594 2129 1656 2183 et
1690 2120 2054 2198 prudentiae
2087 2119 2281 2181 laudi-

191 2207 314 2267 bus
356 2208 802 2284 praestantem,
846 2207 930 2268 ita
976 2225 1093 2270 nos
1139 2205 1530 2284 velperculit
1562 2208 1658 2267 vel
1689 2205 1956 2279 adflixit,
1999 2212 2071 2266 ut⁴
2097 2205 2175 2265 ab
2206 2203 2279 2265 iis

194 2306 380 2367 opem
429 2293 509 2352 ad
551 2291 899 2353 leniendum
955 2301 1016 2353 et
1062 2290 1461 2367 mitigandum
1503 2292 1781 2353 dolorem
1828 2290 2039 2367 petere
2083 2286 2281 2351 coacti

193 2374 421 2449 simus,
452 2391 716 2451 quorum
739 2375 1004 2437 maxime
1035 2372 1315 2438 doctrina
1337 2383 1524 2452 atque
1548 2372 1913 2438 auctoritate
1941 2381 2121 2436 antea
2149 2390 2282 2434 mo-

190 2457 512 2520 vebamur.
572 2461 787 2535 Itaque
821 2461 1035 2533 multa,
1079 2475 1239 2535 quae
1271 2460 1348 2520 ab
1376 2459 1493 2521 illis
1527 2463 1629 2521 vel
1671 2468 1849 2522 acute
1881 2458 2148 2535 cogitata
2181 2459 2280 2518 vel

190 2543 512 2618 eleganter
534 2543 857 2604 enunciata
883 2550 1054 2609 sunt.
1088 2542 1169 2603 ad
1196 2544 1476 2605 dolorem
1499 2550 1780 2606 nostrum
1802 2542 2279 2618 abstergendum

192 2625 584 2702 colligemus,
618 2634 715 2703 ut,
747 2629 799 2688 si
830 2627 1030 2688 minus
1061 2626 1345 2689 caeteros
1372 2629 1624 2687 intanto
1657 2643 1937 2688 maerore
1969 2627 2278 2686 delectare

189 2708 564 2787 poterimus,
612 2712 781 2788 quod
824 2710 974 2772 alias
1023 2718 1086 2772 et
1119 2710 1384 2772 dicendo
1418 2717 1481 2771 et
1514 2708 1842 2770 scribendo
1890 2707 2137 2770 efficere
2174 2724 2278 2768 co-

187 2792 318 2854 nati
357 2811 574 2856 sumus
613 2802 676 2856 et
715 2796 981 2858 fortasse
1029 2794 1334 2856 interdum
1368 2790 1815 2872 praestitimus,
1848 2795 2063 2854 saltem
2097 2791 2277 2854 nobis

185 2876 344 2955 ipsis
376 2878 751 2941 medeamur.
840 2879 898 2940 5.
945 2880 1071 2940 Sed
1113 2895 1231 2940 nos
1262 2879 1441 2939 etiam
1472 2879 1533 2939 in
1572 2879 1694 2939 hoc
1733 2877 2019 2940 fortiores
2050 2876 2276 2940 erimus

188 2960 376 3036 quam
409 2962 665 3037 caeteri,
711 2961 935 3040 quibus
969 2961 1222 3030 difficile·
1248 2963 1537 3037 nonfuit,
1570 2980 1757 3038 quum
1787 2961 2022 3023 doloris
2060 2977 2277 3038 exper-

189 3051 286 3105 tes
319 3045 441 3123 ipsi
483 3055 726 3121 essent,
758 3047 915 3110 alios
946 3046 1257 3108 consolari
1289 3054 1352 3107 et
1389 3064 1427 3107 a
1457 3063 1738 3108 maerore
1769 3046 2113 3107 abducere:
2161 3060 2275 3104 nos

186 3135 392 3190 autem
416 3131 636 3193 dolore
668 3130 900 3192 adflicti
929 3129 1419 3193 consolationem
1449 3148 1487 3191 a
1515 3129 1695 3192 nobis
1723 3137 2007 3207 petentes
2034 3135 2277 3191 nosmet

185 3211 365 3289 ipsos
409 3213 469 3274 in
518 3214 737 3276 dolore
779 3214 1098 3277 vincemus
1150 3218 1226 3275 a'c
1269 3222 1524 3276 naturae
1565 3214 1888 3290 quamdam
1936 3211 2114 3288 quasi
2157 3212 2274 3272 vim

185 3297 564 3359 adferemus
647 3299 817 3374 Quae
851 3299 1086 3360 utinam
1126 3297 1279 3360 tanti
1323 3297 1431 3373 sit,
1476 3306 1545 3360 ut
1586 3304 1868 3360 caeteros
1917 3312 2166 3372 quoque
2200 3293 2275 3352 *in

186 3381 321 3455 pari
353 3383 600 3444 fortuna
632 3383 859 3444 doceat
889 3383 1194 3445 adversos
1226 3398 1411 3444 casus
1445 3380 1747 3461 patienter
1781 3380 1967 3442 ferre:
2003 3379 2107 3455 qui
2150 3395 2272 3454 quo

2215 3578 2267 3606 Δ
