2381 3723
117 173 189 227 43
907 165 1409 225 FRAGMENTA.
1711 188 1716 193 ·
1747 161 1797 250 f
2066 163 2198 231 233

118 332 243 375 non
276 330 420 374 esse
451 315 571 375 hoc
614 314 897 375 iudicium
931 314 1165 388 iudicii,
1216 318 1329 377 sed
1356 320 1743 396 comitiorum
1777 319 2189 380 consularium

122 414 312 458 causa
343 406 780 473 comparatum.
1056 431 1057 436 κ
1652 407 1668 443 ‘-

248 480 349 541 31.
401 480 513 540 Hic
565 498 679 556 ego
727 479 995 557 Appium
1049 435 1363 543 Claudium
1423 453 1738 544 consulem
1794 484 2199 545 fortissimum

123 572 309 639 atque
358 564 809 625 ornatissimum
864 566 1056 625 virum
1101 582 1495 642 mecumque,
1548 575 1616 628 ut
1653 585 1871 642 spero,
1925 568 2088 627 fideli
2127 568 2196 627 in

119 646 395 721 gratiam
425 647 623 708 reditu
683 649 986 724 firmoque
1037 649 1428 709 coniunctum
1483 652 1648 712 nullo
1704 654 1871 725 loco,
1933 651 2187 723 iudices,

120 730 502 806 vituperabo.
575 731 839 793 Fuerant
889 732 1047 792 enim
1088 744 1199 792 eae
1246 742 1449 808 partes
1511 741 1615 794 aut
1668 734 1830 807 eius,
1894 752 2075 811 quem
2126 736 2187 793 id

123 815 326 873 facere
357 814 536 875 dolor
566 822 628 875 et
666 814 956 890 suspicio*
981 832 1094 878 sua
1135 816 1368 891 coegit,
1414 824 1518 877 aut
1565 817 1728 891 eiuS,
1777 818 1879 894 qui
1917 819 2029 879 has
2071 817 2197 879 sibi

123 904 328 971 partes
362 898 758 973 depoposcit,
800 899 965 973 quod
1000 905 1106 959 aut
1134 916 1256 960 non
1288 897 1811 961 animadvertebat
1842 918 2022 976 quem
2055 900 2156 961 vio

123 981 278 1040 laret
318 988 421 1039 aut
463 981 698 1041 facilem
743 981 858 1043 sibi
907 984 1040 1042 fore
1080 981 1137 1042 in
1176 982 1429 1057 gratiam
1472 983 1730 1044 reditum
1763 984 2196 1044 arbitrabatur..

119 1062 224 1123 32.
269 1064 398 1145 Ego
441 1071 672 1125 tantum
725 1066 952 1138 dicam,
1019 1067 1187 1140 quod
1234 1072 1295 1126 et
1340 1082 1566 1126 causae
1611 1066 1761 1127 satis
1812 1074 1873 1126 et
1915 1067 1972 1125 in
2021 1067 2195 1127 illum

123 1146 365 1206 minime
396 1147 615 1208 durum
659 1156 765 1209 aut
799 1165 1087 1224 asperum
1133 1149 1334 1224 possit
1374 1166 1535 1209 esse.
1608 1150 1771 1224 Quid<
1805 1150 1963 1209 enim
2006 1150 2189 1209 habet

121 1229 511 1305 turpitudinis
560 1232 824 1308 Appium
880 1231 1192 1293 Claudium
1236 1234 1313 1291 M.
1355 1232 1589 1293 Scauro
1644 1248 1787 1293 esse
1840 1232 2197 1293 inimicum?

122 1313 307 1387 Quid,
343 1330 496 1376 avus
528 1314 660 1375 eius
690 1317 755 1375 Ρ.
789 1315 1076 1375 Africano
1110 1332 1234 1376 non
1267 1315 1415 1376 fuit?
1487 1315 1672 1389 Quid,
1709 1316 1849 1376 mihi
1881 1315 1997 1392 ipsi
2026 1315 2195 1375 idem

118 1398 280 1457 iste?
365 1396 546 1471 Quid,
609 1414 723 1474 ego
784 1399 905 1459 illi?
991 1400 1159 1474 Quae
1211 1397 1554 1459 inimicitiae
1611 1401 1889 1460 dolorem
1946 1399 2198 1474 utrique

120 1487 403 1540 nostrum
440 1482 704 1541 fortasse
742 1483 1103 1558 aliquando,
1155 1483 1429 1543 dedecus
1463 1498 1612 1543 vero
1659 1490 1823 1543 certe
1856 1500 2194 1558 numquam

121 1553 472 1624 attulerunt.
561 1564 662 1626 33.
719 1564 1085 1626 Successori
1123 1566 1423 1627 decessor
1462 1564 1678 1627 invidit
1727 1575 1786 1627 et
1813 1566 2003 1626 voluit
2048 1583 2196 1625 eum

123 1659 305 1722 quam
342 1647 602 1707 maxime
648 1647 984 1721 offensum,
1035 1665 1157 1723 quo
1200 1648 1393 1725 magis
1426 1648 1619 1724 ipsius
1669 1650 1957 1710 memoria
1988 1651 2187 1709 excel·

121 1732 305 1791 leret:
349 1747 450 1791 res
493 1748 617 1792 non
664 1733 849 1793 modo
894 1749 1017 1792 non
1059 1732 1397 1793 abhorrens
1441 1750 1478 1791 a
1542 1734 2019 1805 consuetudine,
2072 1732 2192 1793 sed'

123 1813 349 1875 usitata
398 1814 577 1876 etiam
627 1823 687 1875 et
739 1816 916 1877 valde
969 1822 1319 1892 pervagata.
1407 1817 1541 1876 XV.
1598 1818 1810 1891 Neque
1866 1833 2012 1877 vero
2064 1822 2192 1875 tam

120 1899 278 1957 haec
317 1898 452 1974 ipsa
493 1898 795 1960 cotidiana
840 1916 940 1960 res
988 1899 1259 1975 Appium
1304 1899 1614 1960 Claudium
1670 1900 1769 1960 illa
1815 1899 2195 1960 humanitate

120 1989 188 2041 et
218 1981 515 2056 sapientia
558 1983 896 2058 praeditum
945 1999 1058 2058 per
1103 1999 1173 2043 se
1208 1981 1341 2057 ipsa
1386 1982 1709 2055 movisset,
1768 1982 1883 2042 nisi
1927 1982 2089 2040 hunc
2121 1982 2192 2041 C.

124 2064 358 2124 Claudii
389 2060 590 2126 fratris
623 2065 715 2126 sui
749 2065 1210 2141 competitorem
1244 2067 1373 2125 sore
1410 2073 1821 2141 putasset..

250 2148 350 2208 34.
410 2149 521 2224 Qui
574 2149 708 2210 sive
753 2149 1040 2225 patricius
1094 2148 1227 2209 sive
1269 2148 1545 2224 plebeius
1591 2154 1760 2209 esset
1789 2182 1874 2193 --
1913 2148 2189 2208 nondum

123 2230 285 2292 enim
331 2239 563 2292 certum
613 2235 1015 2293 constituerat
1044 2267 1157 2304 -,
1213 2247 1347 2290 cum
1400 2233 1519 2293 hoc
1567 2232 1680 2293 sibi
1733 2230 2190 2292 coutentionem

127 2317 262 2375 sore
294 2315 574 2390 putabat,
609 2315 850 2392 Appius
881 2324 1082 2376 autem
1113 2316 1232 2376 hoc
1260 2315 1552 2375 maiorem
1584 2315 1789 2388 etiam,
1823 2316 1990 2390 quod
2022 2314 2194 2374 illum

121 2397 186 2458 in
221 2397 612 2473 pontificatus
655 2399 979 2474 petitione,
1032 2399 1091 2458 in
1138 2398 1385 2470 saliatu,
1436 2399 1495 2458 in
1542 2399 1798 2459 caeteris
1832 2397 2198 2458 meminerat.

122 2481 319 2542 fuisse
362 2480 692 2557 patricium.
772 2483 961 2577 Quam
1008 2484 1087 2542 ob
1134 2499 1262 2541 rem
1318 2499 1387 2542 se
1429 2478 1685 2543 consule
1732 2498 1935 2556 neque
1978 2481 2188 2557 repelli

126 2565 374 2624 tratrem
403 2566 675 2626 volebat
666 2582 899 2640 neque,
929 2564 1066 2640 ipse
1090 2564 1141 2625 si
1178 2563 1466 2639 patricius
1491 2571 1686 2634 esset,
1723 2580 1929 2642 parem
1954 2563 2194 2625 Scauro

125 2649 262 2708 fore
315 2647 590 2721 videbat,
642 2646 758 2709 nisi
798 2649 959 2708 hunc
1010 2647 1216 2721 aliquo
1255 2653 1361 2706 aut
1406 2652 1592 2755 metu
1614 2653 1719 2705 aut
1768 2645 2010 2705 infamia
2050 2663 2185 2721 per

125 2730 397 2791 culisset.
529 2736 538 2740 “
716 2758 721 2764 ·

255 2812 353 2873 35.
402 2815 529 2889 Ego
568 2813 632 2873 id
668 2812 882 2873 fratri
864 2831 925 2873 in
959 2814 1195 2874 honore
1231 2812 1429 2873 fratris
1476 2809 1852 2885 amplissimo
1889 2820 2010 2870 non
2048 2826 2193 2871 con·

124 2897 471 2957 cedendum
505 2903 741 2970 putem,
792 2897 1154 2972 praesertim
1198 2895 1300 2970 qui
1345 2895 1492 2971 quid
1538 2910 1711 2954 amor
1746 2895 2047 2954 fraternus
2089 2911 2190 2953 va·

126 2982 251 3038 leat
278 2996 475 3053 paene
496 3028 499 3033 .
519 2988 762 3055 praeter
795 2991 1074 3040 caeteros
1119 2979 1418 3040 sentiam?
1448 3011 1534 3025 --
1559 2980 1644 3037 At
1672 2977 1827 3038 enim
1862 2977 2086 3037 frater
2073 2994 2189 3036 1am

127 3079 251 3123 non
301 3062 465 3136 petit.
493 3063 763 3137 -Quid
825 3063 989 3123 tum?
1066 3062 1131 3123 Si
1183 3061 1287 3122 ille
1344 3067 1616 3121 retentus
1670 3078 1705 3119 a
1766 3066 1985 3121 cuncta
2045 3058 2194 3119 Asia

124 3145 439 3221 supplice,
470 3146 524 3206 si
553 3163 590 3205 a
620 3145 1134 3222 negotiatoribus,
1174 3145 1226 3205 si
1256 3162 1292 3204 a
1317 3143 1685 3219 publicanis,
1717 3143 1770 3204 si
1801 3145 1875 3202 ab
1912 3141 2193 3203 omnibus

123 3229 314 3291 sociis
383 3228 623 3291 civibus
674 3236 964 3290 exoratus
1013 3228 1366 3305 anteposuit
1419 3228 1636 3288 honori
1687 3242 1801 3289 suo
1870 3226 2195 3287 commoda

123 3313 513 3388 salutemque
548 3312 930 3388 provinciae,
982 3318 1311 3388 propterea
1345 3319 1525 3387 putas
1555 3311 1747 3372 semel
1777 3312 2192 3371 exulceratum

116 3395 396 3457 animum
434 3395 759 3456 tam-facile
785 3394 1066 3472 potuisse
1101 3394 1345 3456 sanari?
