2381 3723
80 76 164 140 52
881 76 985 137 DE
1020 74 1338 141 OFFlcuS

83 229 162 289 sit
209 231 378 305 quod
422 229 793 290 laudandum
839 235 1026 304 putet.
1116 226 1172 286 6.
1220 228 1366 286 Nam
1420 226 1552 287 sive
1597 225 1919 286 oblectatio
1970 239 2159 302 quae·

83 312 233 373 ritur
263 312 444 373 animi
474 311 847 388 requiesque
887 326 1199 384 curarum,
1255 326 1414 386 quae
1461 308 1724 371 conferri
1761 326 1896 369 cum
1939 324 2158 370 eorum

82 395 299 457 studiis
344 403 580 472 potest,
631 393 737 471 qui
775 411 1023 471 semper
1067 392 1295 468 aliquid
1339 392 1668 470 anquirunt
1707 395 1873 468 quod
1917 398 2163 468 spectet

83 485 144 538 et
175 481 378 540 valeat
405 480 485 539 ad
507 480 667 539 bene
691 479 993 553 beateque
1027 476 1396 539 vivendum?
1438 476 1571 538 sive
1594 477 1746 537 ratio
1772 474 2162 538 constantiae

84 560 450 638 virtutisque
481 561 748 635 ducitur,
793 568 897 622 aut
932 561 1087 622 haec
1113 576 1216 620 ars
1248 571 1345 623 est
1374 569 1479 623 aut
1509 563 1674 621 nulla
1713 559 1961 621 omnino
1981 605 1997 633 ,
2043 573 2162 635 per

84 662 266 720 quam
310 662 416 707 eas
465 645 896 722 adsequamur.
968 646 1201 706 Nullam
1250 644 1457 705 dicere
1502 642 1900 705 maximarum
1950 659 2158 703 rerum

81 736 274 789 artem
308 746 477 804 esse,
529 746 717 805 quum
762 728 1138 789 minimarum
1182 727 1315 789 sine
1346 736 1477 788 arte
1508 730 1670 788 nulla
1700 727 1809 800 sit,
1842 725 2159 788 hominum

85 820 181 873 est
223 830 439 888 parum
485 813 875 875 considerate
916 811 1293 888 loquentium
1339 818 1525 887 atque
1565 811 1624 871 in
1657 809 1937 871 maximis
1968 811 2161 871 rebus

83 897 431 958 errantium.
506 894 574 958 Si
616 903 819 959 autem
860 903 958 958 est
998 895 1203 972 aliqua
1256 895 1577 972 disciplina
1618 894 1885 966 virtutiS,
1939 893 2045 955 ubi
2082 909 2164 954 ea

85 988 443 1055 quaeretur,
494 999 681 1057 quum
709 981 787 1041 ab
828 981 951 1042 hoe
980 978 1261 1042 discendi
1298 994 1529 1056 genere
1555 977 1963 1040 discesseris?
2030 977 2162 1039 Sed

85 1064 237 1125 haec
256 1112 271 1140 ,
306 1082 493 1142 quum
524 1067 605 1126 ad
633 1063 1084 1142 philosophiam
1114 1065 1538 1135 cohortamur,
1572 1061 1917 1124 accuratius
1950 1061 2163 1137 dispu-

85 1148 196 1208 tari
235 1152 467 1224 solent,
523 1150 693 1226 quod
736 1147 854 1211 alio
902 1150 1167 1224 quodam
1220 1147 1373 1208 libro
1419 1145 1695 1208 fecimuS.
1777 1147 1910 1208 Hoc
1953 1152 2163 1206 autem

84 1238 361 1310 tempore
403 1241 633 1295 tantum
675 1232 853 1294 nobis
901 1233 1331 1294 declarandum
1382 1229 1493 1292 fuit
1534 1247 1644 1292 cur
1684 1229 1881 1292 orbati
1920 1230 2008 1290 rei
2053 1247 2164 1305 pu·

87 1314 280 1377 blicae
324 1317 677 1378 muneribus
713 1317 792 1377 ad
834 1317 953 1378 hoc
989 1333 1104 1378 nos
1148 1316 1417 1378 studium
1454 1313 1835 1392 potissimum
1871 1312 2163 1374 contulis-

84 1416 313 1460 semuS.
403 1402 461 1458 7.
521 1399 874 1461 Occurritur
911 1407 1115 1462 autem
1153 1399 1332 1463 nobis
1379 1407 1441 1460 et
1491 1398 1736 1474 quidem
1779 1416 1816 1459 a
1866 1395 2066 1459 doctis
2102 1404 2165 1457 et

85 1482 335 1544 eruditis
389 1483 824 1559 quaerentibus
868 1484 1099 1546 satisne
1150 1490 1509 1546 constanter
1558 1484 1763 1544 facere
1824 1481 2160 1554 videamur,

85 1566 218 1641 qui,
268 1583 454 1641 quum
495 1565 728 1644 percipi
767 1566 911 1627 nihil
954 1585 1147 1644 posse
1192 1569 1496 1642 dicamne,
1553 1575 1751 1628 tamen
1794 1574 1857 1626 et
1899 1565 2032 1626 aliis
2082 1566 2164 1625 de

85 1651 271 1711 rebus
322 1649 629 1712 disserere
679 1652 991 1713 soleamus
1039 1659 1102 1712 et
1148 1653 1270 1713 hoc
1318 1652 1457 1727 ipso
1520 1658 1796 1728 tempore
1826 1656 2160 1726 praecepta

86 1733 275 1795 offleii
297 1750 762 1810 persequamur.
820 1733 1049 1808 Quibus
1074 1737 1291 1795 vellem
1316 1734 1465 1796 satis
1490 1734 1733 1810 cognita
1756 1741 1924 1794 esset
1947 1740 2166 1794 nostra

86 1818 421 1880 sententia!
495 1819 629 1881 Non
662 1818 818 1880 enim
853 1835 1064 1880 sumus
1096 1818 1162 1893 ii,
1213 1835 1472 1896 quorum
1506 1826 1766 1895 vagetur
1798 1817 2038 1879 animus
2070 1833 2165 1877 er·

85 1920 229 1964 rore
269 1920 385 1964 nec
425 1903 649 1965 habeat
678 1919 965 1981 umquam
1009 1904 1154 1979 quid
1197 1910 1509 1979 sequatur.
1586 1904 1754 1979 Quae
1790 1902 1947 1963 enim
1989 1909 2162 1963 esset

84 1985 202 2047 ista
226 2004 398 2049 mens
425 1991 523 2048 vel
543 2005 701 2064 quae
727 1988 847 2050 vita
870 1987 1077 2072 potius
1101 2003 1224 2048 non
1248 1989 1435 2050 modo
1455 1986 1824 2064 disputandi,
1845 1987 1958 2047 sed
1978 1986 2162 2047 etiam

88 2069 333 2132 vivendi
363 2071 598 2134 ratione
635 2073 917 2133 sublata?
984 2074 1110 2134 Nos
1152 2078 1388 2145 autem,
1440 2078 1508 2132 ut
1549 2070 1771 2132 caeteri
1807 2070 1924 2130 alia
1972 2076 2161 2143 certa,

85 2153 204 2212 alia
233 2154 466 2215 incerta
508 2171 653 2215 esse
687 2156 925 2229 dicunt,
969 2156 1058 2218 sic
1089 2157 1165 2217 ab
1195 2155 1288 2217 his
1321 2155 1752 2216 dissentientes
1787 2153 1905 2215 alia
1939 2155 2162 2231 proba·

87 2235 256 2311 bilia,
287 2245 500 2299 contra
537 2236 655 2297 alia
684 2238 962 2300 dicimus·
1051 2239 1110 2301 8.
1157 2240 1310 2316 Quid
1356 2248 1454 2301 est
1489 2238 1672 2316 igitur
1716 2239 1884 2315 quod
1920 2255 2018 2298 me
2056 2238 2161 2298 im·

86 2319 294 2397 pediat
346 2337 453 2395 ea,
509 2337 668 2396 quae
725 2322 1065 2397 probabilia
1123 2322 1266 2384 mihi
1317 2323 1671 2397 videantur,
1729 2322 1937 2400 sequi,
2001 2338 2163 2398 quae

87 2411 332 2479 contra,
384 2404 734 2480 improbare
774 2413 960 2483 atque
1000 2408 1363 2469 adfirmandi
1407 2407 1825 2484 adrogantiam
1868 2407 2161 2468 vitantem

86 2489 300 2563 sugere
351 2488 777 2564 temeritatem,
839 2508 998 2568 quae
1050 2509 1088 2552 a
1137 2491 1438 2569 sapientia
1488 2491 1746 2553 dissidet
1799 2490 2163 2568 plurimum?

87 2572 312 2633 Contra
339 2580 541 2635 autem
575 2574 779 2636 omnia
802 2569 1154 2652 disputatur
1192 2594 1229 2637 a
1261 2576 1522 2650 nostrie,
1584 2577 1754 2652 quod
1797 2577 1914 2637 hoc
1954 2574 2161 2651 ipsum

85 2658 402 2732 probabile
443 2660 687 2720 elucere
732 2676 853 2720 non
887 2659 1107 2734 possit,
1146 2659 1266 2721 nisi
1306 2677 1385 2721 ex
1421 2667 1681 2736 utraque
1723 2666 1898 2735 parte
1945 2675 2161 2720 causa·

85 2758 215 2801 rum
251 2749 420 2803 esset
442 2743 603 2803 facta
634 2742 967 2806 contentio.
1043 2743 1170 2804 Sed
1200 2745 1353 2805 haec
1385 2746 1709 2821 explanata
1740 2750 1885 2804 sunt
1913 2742 1973 2803 in
2001 2744 2161 2806 Aca·

86 2823 338 2885 demicis
383 2825 614 2887 nostris
658 2825 838 2902 satis,
890 2834 960 2889 ut
1003 2827 1297 2900 arbitror,
1353 2827 1692 2904 diligenter.
1761 2827 1891 2887 Tibi
1934 2833 2159 2899 autem,

84 2907 163 2967 mi
196 2907 440 2982 Cicero,
487 2926 857 2987 quamquam
888 2911 948 2972 in
978 2910 1402 2987 antiquissima
1434 2910 1939 2987 nobilissimaque
1969 2910 2159 2987 philo-

83 2992 305 3069 sophia
355 2993 639 3071 Cratippo
697 3004 952 3059 auctore
1017 2996 1286 3057 versaris
1350 2995 1423 3058 iis
1483 2994 1813 3070 simillimo,
1877 2994 1982 3071 qui
2043 2995 2161 3055 ista

84 3079 401 3171 praeclara
447 3087 850 3155 pepererunt,
909 3086 1112 3142 tamen
1163 3080 1319 3141 haec
1373 3088 1586 3142 nostra
1631 3078 1883 3140 finitima
1931 3077 2158 3141 vestris

82 3159 288 3233 ignota
323 3177 467 3222 esse
497 3161 684 3223 nolui.
759 3162 932 3224 Sed
915 3180 1032 3224 iam
1065 3165 1143 3225 ad
1176 3163 1448 3225 instituta
1481 3180 1829 3241 pergamus.

208 3244 307 3303 111.
353 3245 411 3303 9.
501 3244 781 3320 Quinque
820 3245 1003 3320 igitur
1044 3246 1396 3309 rationibus-
1432 3247 1769 3325 propositis
1801 3245 1988 3308 officii
2018 3263 2135 3323 per

84 3324 414 3401 sequendi,
469 3345 726 3403 quarum
772 3328 930 3389 duae
973 3330 1048 3390 ad
1098 3332 1290 3392 decus
1334 3331 1845 3407 honestatemque
1891 3330 2135 3408 pertine
