2381 3723
201 170 270 227 87
990 156 1493 217 FRAGMENTA.
2158 156 2280 220 277

204 312 404 391 piatur
455 312 647 373 labor.
721 308 848 370 Sed
896 309 1050 370 haec
1080 307 1230 369 satis
1263 307 1384 368 sint
1426 307 1589 368 dicta
1632 323 1669 367 a
1702 307 1905 370 nobis.
1978 310 2147 385 Quae
2202 311 2282 372 de

205 399 493 467 deorum,
528 394 634 471 qui
663 400 996 455 cernuntur
1022 390 1250 468 quique
1285 391 1399 452 orti
1436 397 1609 465 sunt,
1640 399 1858 453 natura
1889 393 2146 470 praefati
2181 412 2282 455 su·

203 497 360 554 muS,
390 479 657 540 habeant
679 478 841 539 hunc
866 476 1207 536 terminum.
1293 476 1396 536 Xl.
1443 474 1841 550 Reliquorum
1865 483 2089 551 autem,
2116 495 2281 554 quos

207 561 423 625 Graeci
446 561 765 642 δαίμονας
788 562 1120 637 appellant,
1154 559 1367 633 nostri,
1398 566 1466 620 ut
1495 556 1745 636 opinor,
1778 561 1987 634 LareS,
2011 563 2066 623 si
2090 563 2278 623 modo

204 650 326 709 hoc
365 653 531 708 recte
582 662 953 707 conversum
995 643 1190 704 videri
1228 650 1465 718 potest,
1519 652 1579 704 et
1625 660 1815 706 nosse
1846 652 1909 706 et
1950 645 2282 706 enunciare

202 738 407 793 ortum
459 746 671 793 eorum
724 729 923 790 maius
975 734 1103 801 est,
1165 744 1348 803 quam
1401 735 1467 788 ut
1519 728 1795 805 profiteri
1846 729 2119 795 scribere
2163 746 2283 791 nos

201 816 563 876 audeamus.
657 813 1040 874 Credendum
1089 810 1365 872 nimirum
1417 819 1514 873 est
1566 812 1874 874 veteribus
1928 820 1990 874 et
2040 812 2281 890 prisciS‚

203 905 272 959 ut
308 897 504 968 aiunt,
564 897 740 971 viris,
794 897 897 972 qui
941 914 1012 958 se
1064 896 1422 972 progeniem
1475 898 1733 957 deorum
1787 912 1933 958 esse
1977 897 2282 959 dicebant.

204 985 418 1057 ltaque
471 999 683 1043 eorum
734 982 1039 1043 vocabula
1091 979 1271 1041 nobis
1329 979 1751 1055 prodiderunt.
1822 983 2025 1042 Nosse
2077 988 2282 1043 autem

205 1074 604 1142 generatores
643 1082 799 1128 suos
850 1065 1076 1141 optime
1116 1071 1431 1142 poterant,
1487 1080 1562 1125 ac
1606 1064 1852 1126 difficile
1898 1067 2062 1127 factu
2105 1073 2207 1126 est
2246 1081 2285 1125 a

209 1148 304 1210 dis
340 1148 490 1211 ortis
524 1151 709 1211 fidem
744 1167 867 1211 non
897 1150 1155 1222 habere,
1208 1165 1576 1224 quamquam
1610 1164 1726 1209 nec
1756 1148 2133 1224 argumentis
2167 1164 2285 1231 nec

205 1232 544 1297 rationibus
578 1232 762 1311 certis
797 1250 1010 1294 eorum
1043 1232 1239 1294 oratio
1272 1233 1698 1305 confirmatur,
1732 1233 1845 1293 sed
1878 1232 2020 1308 quia
2050 1233 2128 1293 de
2151 1231 2283 1294 suis

205 1320 392 1382 rebus
436 1318 599 1380 notis
641 1317 928 1379 videntur
968 1315 1166 1392 loqui,
1221 1316 1417 1376 veteri
1457 1315 1578 1392 legi
1620 1318 1900 1393 morique
1942 1318 2285 1394 parendum

207 1410 349 1466 est.
398 1402 501 1463 Sic
531 1401 742 1478 igitur,
776 1409 844 1463 ut
872 1403 950 1461 ab
987 1401 1060 1462 iis
1095 1409 1193 1462 est
1221 1400 1537 1471 traditum,
1568 1400 1789 1461 horum
1816 1402 2071 1462 deorum
2109 1407 2284 1463 ortus

207 1488 506 1548 habeatur
538 1494 723 1561 atque
751 1485 1015 1558 dicatur,
1061 1491 1129 1546 ut
1159 1485 1472 1547 Oceanum
1506 1483 1934 1561 Salaciamque
1960 1484 2122 1547 Caeli
2145 1491 2285 1547 satu

208 1573 558 1645 Terraeque
610 1578 917 1646 conceptu
962 1576 1292 1644 generatos
1340 1569 1668 1645 editosque
1713 1585 2155 1631 memoremus:
2207 1581 2286 1628 ex

210 1654 304 1715 his
328 1654 661 1732 [Phorcyn]
694 1654 1023 1715 Saturnum
1055 1660 1115 1712 et
1137 1652 1358 1728 Opem:
1405 1652 1701 1728 deinceps
1732 1654 1944 1715 Iovem
1976 1659 2162 1729 atque
2194 1654 2286 1713 Iu-

212 1753 464 1811 nonem,
494 1737 799 1813 reliquos,
847 1754 1008 1813 quos
1043 1738 1263 1797 fratres
1294 1736 1453 1798 inter
1482 1753 1553 1799 se
1583 1745 1968 1814 agnatosque
2000 1736 2287 1814 usurpari

210 1828 396 1896 atque
427 1820 720 1898 appellari
748 1821 1064 1893 videmus,
1107 1826 1169 1881 et
1201 1836 1448 1894 eorum,
1482 1826 1549 1883 ut
1577 1826 1819 1882 utamur
1850 1821 2044 1883 veteri
2069 1821 2284 1892 verb0‚

216 1905 584 1981 prosapiam.
659 1907 918 1982 Quando
950 1904 1133 1980 igitur
1166 1921 1415 1977 omneS,
1461 1913 1522 1966 et
1553 1904 1657 1979 qui
1698 1913 2024 1966 moventur
2064 1907 2286 1981 palam·

215 2003 336 2063 que
367 1990 773 2050 ostenduntur
802 1995 865 2050 et
908 1989 1013 2064 qui
1044 1995 1301 2050 eatenus
1342 1989 1520 2050 nobis
1554 1990 1973 2061 declarantur,
2014 2006 2137 2066 qua
2166 1987 2284 2063 ipsi

209 2072 458 2145 volunt,
489 2073 675 2133 creati
706 2079 880 2136 sunt:
926 2079 1052 2133 tum
1086 2073 1165 2132 ad
1198 2089 1310 2135 eos
1329 2072 1395 2133 ·is
1440 2074 1629 2145 deus,
1670 2072 1773 2148 qui
1807 2072 2011 2138 omnia
2053 2071 2284 2148 genuit,

211 2156 401 2215 satur:
475 2157 678 2217 ‘Haec
725 2173 870 2229 voS‚
925 2155 1030 2230 qui
1070 2156 1327 2217 deorum
1380 2164 1517 2218 satu
1559 2154 1683 2218 orti
1725 2155 1903 2229 estiS‚
1958 2155 2285 2218 attendite:

213 2254 474 2313 quorum
510 2256 764 2313 operum
796 2257 912 2315 ego
948 2256 1173 2316 parens
1206 2239 1591 2316 effectorque
1627 2257 1797 2313 sum,
1849 2257 2008 2315 quae
2039 2256 2162 2317 per,
2189 2255 2287 2301 me

212 2322 389 2393 facta,
420 2322 574 2383 haec
599 2330 743 2384 sunt
770 2322 1139 2384 indissoluta
1163 2341 1260 2385 me
1283 2323 1504 2392 invito:
1554 2341 1926 2400 quamquam
1947 2341 2132 2387 omne
2166 2326 2288 2385 col·

212 2404 456 2478 ligatum
503 2407 662 2467 solvi
719 2414 956 2483 potest:
1016 2408 1131 2468 sed
1177 2408 1342 2469 haud
1386 2421 1695 2484 quaquam
1730 2408 1875 2471 boni
1916 2416 2013 2470 est
2048 2407 2287 2470 ratione

210 2486 481 2549 vinctum
511 2492 669 2550 velle
700 2490 1065 2552 dissolvere.
1139 2491 1265 2552 Sed
1307 2492 1593 2566 quoniam
1627 2492 1743 2554 orti
1782 2493 1951 2564 estis,
1985 2493 2289 2555 immorta-

211 2572 303 2632 les
334 2589 450 2633 vos
489 2574 735 2648 quidem
782 2591 926 2636 esse
967 2581 1029 2634 et
1066 2574 1529 2636 indissolubiles
1575 2592 1697 2635 non
1740 2576 2034 2651 potestis,
2093 2576 2289 2637 neuti-

213 2671 396 2730 quam
430 2664 631 2717 tamen
675 2657 1099 2719 dissolvemini
1142 2675 1347 2734 neque
1387 2674 1505 2719 vos
1547 2659 1670 2717 ulla
1710 2658 1924 2719 mortis
1970 2660 2093 2720 fata
2130 2658 2288 2734 peri·

213 2745 379 2798 ment
400 2756 515 2800 nec
547 2742 712 2803 fraus
738 2740 1041 2804 valentior
1065 2758 1248 2817 quarm
1281 2740 1600 2803 consilium
1628 2758 1861 2815 meum,
1893 2744 2061 2817 quod
2092 2742 2288 2803 maius

213 2829 308 2883 est
349 2821 657 2885 vinculum
702 2827 780 2885 ad
824 2826 1296 2902 perpetuitatem
1344 2834 1609 2887 vestram
1654 2842 1836 2900 quam
1877 2826 2008 2900 illa,
2063 2826 2288 2902 quibus

211 2903 362 2965 estis
398 2913 552 2979 tum,
603 2926 791 2985 quum
833 2909 1276 2985 gignebamini,
1331 2908 1612 2985 colligati.
1690 2908 1847 2986 Quid
1888 2910 2150 2973 sentiam
2183 2909 2289 2986 igi-

214 2995 312 3047 tur
349 2991 728 3066 cognoscite.
804 2992 944 3053 Tria
979 2993 1160 3055 nobis
1200 3000 1429 3070 gener‘a
1457 2993 1697 3067 reliqua
1726 3001 1871 3056 sunt
1900 3011 2099 3069 eaque
2130 3011 2290 3056 mor-

211 3069 386 3131 talia:
431 3074 655 3149 quibus
687 3076 1140 3153 praetermissis
1171 3077 1324 3138 caeli
1353 3078 1657 3138 absolutio
1691 3081 1965 3155 perfecta
1998 3095 2120 3139 non
2154 3079 2287 3138 erit.

211 3154 422 3216 Omnia
451 3156 612 3219 enim
635 3176 874 3236 genera.
895 3159 1244 3222 animalium
1278 3163 1605 3238 complexu
1627 3178 1751 3223 non
1784 3162 2041 3223 tenebit-z
2084 3168 2292 3224 teneat

207 3247 410 3299 autem
443 3243 783 3318 oportebit,
814 3253 880 3305 ut
910 3261 989 3305 ex
1016 3246 1237 3305 eodem
1272 3262 1350 3305 ne
1380 3244 1526 3320 quid
1551 3245 1740 3319 absit,
1773 3262 1932 3322 quac
1961 3263 2000 3307 a
2029 3262 2127 3307 me
2148 3246 2287 3324 ipso

207 3320 428 3384 effecta
472 3334 646 3399 sunt,
700 3328 956 3389 deorum
1013 3327 1198 3388 vitam
1253 3329 1499 3405 possint
1545 3331 1912 3405 adaequare.
2002 3331 2083 3391 Ut
2111 3330 2291 3404 igitur

207 3407 448 3467 mortali
477 3418 853 3483 generentur
882 3411 1279 3486 condicione,
1331 3429 1447 3475 vos
1479 3414 1803 3490 suscipite,
1849 3420 1916 3473 ut
1943 3411 2042 3472 illa
2083 3413 2289 3489 gigna-
