2381 3723
64 116 181 179 150
540 114 564 171 1
574 111 869 174 «AELIUS
901 112 1004 172 DE
1036 111 1385 170 AMICITIA
1420 109 1646 168 LIBER
2055 119 2124 174 34

57 286 192 330 cum
224 264 325 327 illo
364 262 640 340 quidem,
683 269 752 325 ut
782 279 971 338 supra
1009 260 1164 334 dixi,
1215 268 1415 325 actum
1449 259 1674 336 optime
1707 271 1832 337 est,
1885 280 2126 325 mecum

56 347 536 421 incommodius,
572 362 754 423 quem
786 348 981 408 suerat
1007 344 1309 431 aequius,
1331 353 1399 407 ut
1429 344 1601 421 prius
1632 343 2003 421 introieram,
2036 347 2129 410 sic

58 433 227 511 prius
267 433 434 493 exire
474 432 553 492 de
595 430 734 490 vita.
810 429 936 490 Sed
979 436 1183 491 tamen
1228 428 1661 491 recordatione
1702 437 1955 493 nostrae
1984 430 2129 492 ami-

58 518 231 580 citiae
261 516 352 577 sic
382 517 581 588 fruor,
628 521 694 574 ut
723 514 903 574 beate
935 511 1170 575 vixisse
1200 511 1443 586 videar,
1493 509 1637 587 quia
1667 529 1804 574 cum
1837 513 2128 591 Scipione

55 600 341 671 vocet-im,
397 614 661 672 quocum
706 596 848 656 mihi
890 595 1217 657 coniuncta
1260 612 1408 657 cura
1449 597 1528 656 de
1561 596 1804 672 publica
1835 615 1903 660 re
1947 605 2008 658 et
2047 599 2127 659 de

55 685 293 759 privata
323 681 459 756 fuit,
515 683 781 756 qu‘ocum
828 687 889 740 et
920 680 1141 741 domus
1186 678 1293 740 suit
1329 688 1389 740 et
1431 677 1639 741 militia
1674 681 2016 743 communis
2045 689 2126 753 et,

55 768 117 828 id
147 768 215 827 in
248 783 373 842 quo
408 771 506 826 est
549 762 747 825 omnis
778 763 872 824 vis
916 761 1246 837 amicitiae,
1299 763 1712 838 voluntatum,
1764 762 2126 836 studiorum,

57 847 496 912 sententiarum
548 864 787 909 summa
831 845 1182 909 consensio.
1256 847 1470 922 Itaque
1517 863 1640 909 non
1690 853 1813 913 tarn
1866 847 1984 910 ista
2030 865 2128 908 me

58 933 431 1011 sapientiae,
482 949 666 1008 quam
706 932 892 992 modo
923 930 1192 991 Fannius
1245 929 1773 1004 commemoravit,
1826 931 1988 992 fama
2025 932 2126 993 de·

56 1020 267 1092 lectat,
318 1018 473 1077 salsa
505 1015 894 1091 praesertim,
948 1031 1129 1090 quam
1175 1014 1342 1090 quod
1385 1012 1683 1079 amicitiae
1723 1021 1976 1077 nostrae
2005 1031 2126 1075 me-

59 1099 314 1162 moriam
358 1116 545 1175 spero
595 1098 1028 1174 sempiternam
1073 1100 1234 1172 sore,
1288 1096 1476 1173 idque
1514 1113 1591 1158 eo
1625 1095 1770 1158 mihi
1803 1097 1997 1174 magis
2030 1104 2127 1158 cst

58 1186 260 1251 cordi,
323 1184 489 1260 quod
539 1201 616 1243 ex
659 1182 941 1244 omnibus
982 1181 1246 1242 saeculis
1278 1179 1380 1242 vix
1413 1181 1530 1245 tria
1567 1189 1671 1242 aut
1701 1189 1993 1257 quattuor
2022 1197 2127 1242 no·

56 1268 362 1330 minantur
407 1267 579 1344 paria
623 1266 988 1337 amicorum,
1047 1282 1169 1342 quo
1214 1264 1276 1327 in
1325 1281 1554 1339 genere
1604 1281 1856 1341 sperare
1913 1263 2130 1326 videor

58 1350 362 1427 Scipionis
394 1357 458 1411 et
486 1349 673 1413 Laelii
701 1349 1022 1413 amicitiam
1054 1356 1262 1413 notam
1297 1347 1643 1423 posteritati
1670 1350 1821 1411 sore.

184 1437 265 1498 16
347 1436 635 1495 Fuimus.
699 1436 863 1494 Istuc
893 1432 1155 1508 quidem,
1194 1431 1387 1503 Laeli,
1420 1431 1505 1495 ita
1526 1448 1789 1492 necesse
1809 1440 1923 1493 est.
1970 1431 2133 1513 <seda

58 1519 347 1597 quoniam
386 1516 692 1579 amicitiae¹
724 1516 1093 1578 mentionem
1139 1514 1335 1577 iecisti
1380 1523 1441 1575 et
1481 1532 1697 1581 sumus
1730 1514 1944 1588 otiosi,
1990 1530 2104 1590 per

55 1613 295 1680 gratum
337 1599 479 1661 mihi
509 1599 731 1661 seceris
759 1632 844 1644 —
878 1616 1063 1674 spero
1107 1597 1250 1659 item
1284 1598 1624 1661 Scaevolae
1652 1633 1755 1671 —-,
1807 1597 1888 1671 si,
1942 1614 2123 1673 quem

58 1688 135 1747 ad
164 1686 415 1746 modum
450 1685 616 1745 soles
649 1684 728 1744 de
758 1682 1015 1744 caeteris
1047 1683 1263 1752 rebus,
1314 1699 1500 1757 quum
1532 1700 1610 1743 ex
1640 1690 1700 1742 te
1731 1688 2121 1757 quaeruntur,

58 1769 147 1831 sic
194 1771 271 1829 de
316 1765 577 1829 amicitia
623 1765 955 1842 disputaris
1002 1764 1148 1841 quid
1192 1765 1453 1840 sentias,
1509 1768 1751 1841 qualem
1790 1763 2103 1833 existimes

59 1872 218 1930 quac
254 1857 586 1930 praecepta
618 1852 751 1913 des·

183 1938 529 1999 ScAEvoLA.
596 1933 740 1998 Mihi
762 1952 943 2007 vero,
988 1944 1174 2011 atque
1196 1934 1258 1996 id
1280 1932 1480 2009 ipsum
1509 1949 1694 2008 quum
1720 1942 1916 1998 tecum
1941 1949 2123 2007 agerc

58 2038 345 2094 conarer,
382 2019 648 2082 Fannius
679 2017 1039 2080 antevortit:
1084 2034 1264 2094 quam
1290 2017 1370 2080 ob
1404 2034 1532 2080 rem
1565 2016 1808 2093 utrique
1829 2025 2122 2080 nostrum

59 2115 296 2181 gratum
328 2103 660 2164 admodum
692 2102 929 2164 seceris.

185 2191 261 2246 V.
316 2187 409 2245 17.
496 2188 779 2247 Lamus.
853 2188 983 2261 Ego
1018 2202 1164 2248 vero
1206 2202 1329 2246 non
1373 2200 1694 2260 gravarer,
1740 2184 1792 2245 si
1820 2181 1962 2244 mihi
1991 2180 2127 2258 ipse

60 2272 468 2332 confiderem:
526 2285 665 2330 nam
715 2275 776 2329 et
817 2272 1133 2344 praeclara
1176 2285 1277 2328 res
1319 2274 1417 2332 est
1459 2275 1523 2330 et
1568 2284 1814 2341 sumuS,
1871 2274 1935 2326 ut
1975 2264 2122 2325 dixit

57 2353 356 2426 FanniuS,
404 2349 607 2413 otiosi.
679 2350 803 2416 Sed
848 2352 984 2427 quis
1020 2370 1137 2428 ego
1174 2369 1310 2414 sum
1346 2360 1450 2418 aut
1492 2368 1651 2426 quae
1681 2360 1779 2416 est
1815 2350 1873 2410 in
1909 2366 2006 2410 me
2037 2349 2120 2407 fa-

59 2437 292 2497 cultas?
360 2436 695 2498 Doctorum
736 2442 834 2499 est
882 2434 1001 2498 ista
1049 2436 1435 2499 consuetudo
1494 2451 1695 2509 eaque
1733 2436 2124 2502 Graecorum,

57 2528 124 2581 ut
165 2518 238 2581 iis
289 2525 557 2595 ponatur
597 2520 676 2579 de
716 2537 842 2595 quo
885 2518 1201 2597 disputent
1230 2517 1507 2594 quamvis
1544 2517 1769 2582 subito.
1838 2518 2123 2592 Magnum

59 2620 217 2680 opus
255 2610 353 2665 est
403 2611 667 2679 egetque
708 2602 1144 2664 exercitatione
1190 2619 1316 2665 non
1357 2618 1569 2678 parva.
1644 2603 1836 2677 Quam
1881 2602 1961 2663 ob
1996 2615 2125 2659 rem

57 2705 216 2763 quae
250 2686 549 2764 disputari
590 2688 668 2748 de
710 2685 970 2748 amicitia
1004 2693 1300 2763 possunt,
1351 2686 1429 2748 ab
1464 2685 1555 2750 eis
1607 2701 1836 2750 censeo
1884 2681 2125 2761 petatis·

58 2770 162 2845 qui
205 2771 323 2833 ista
364 2772 759 2847 profitentur:
827 2787 945 2846 ego
986 2787 1102 2833 vos
1156 2768 1386 2832 hortari
1422 2777 1667 2836 ,tantum
1709 2784 1994 2845 possum,
2061 2782 2127 2831 ut

55 2853 373 2915 amicitiam
418 2854 703 2916 omnibus
759 2855 944 2918 rebus
998 2853 1280 2919 humanis
1329 2853 1739 2930 anteponatis.
1826 2850 1976 2914 Nihil
2029 2856 2127 2909 est

56 2937 214 2998 enim
246 2945 369 2999 tam
398 2946 652 2999 naturae
682 2946 921 3015 aptum,
962 2937 1490 3000 tam.conveniens
1520 2939 1596 3000 ad
1629 2954 1731 2998 res
1776 2936 1875 3000 vel
1909 2948 2126 3000 secun·

56 3022 167 3083 das
218 3024 316 3083 vel
369 3022 687 3084 adversas.
780 3020 876 3083 18.
934 3021 1059 3082 Sed
1110 3022 1232 3084 hoc
1282 3021 1542 3098 primum
1601 3019 1832 3092 sentio,
1898 3015 2016 3080 nisi
2063 3015 2124 3074 in

54 3104 233 3166 bonis
265 3104 587 3166 amicitiam
618 3121 763 3166 esse
788 3122 913 3166 non
942 3121 1167 3181 posse:
1214 3121 1418 3179 neque
1446 3104 1507 3165 id
1537 3105 1615 3168 ad
1646 3104 1853 3164 vivum
1883 3114 2123 3168 reseco,

55 3195 122 3245 ut
154 3187 263 3260 illi,
317 3188 420 3262 qui
447 3189 602 3250 haec
632 3187 909 3250 subtilius
942 3187 1284 3262 disserunt,
1338 3191 1605 3250 sortasse
1650 3202 1827 3256 vere,
1880 3185 1991 3245 sed
2044 3181 2122 3241 ad

55 3283 437 3330 communem
465 3270 782 3333 utilitatem
828 3288 1075 3345 parum:
1120 3279 1348 3347 negant
1389 3271 1547 3336 enim
1581 3285 1950 3346 quemquam
1979 3280 2123 3327 esse

57 3348 249 3409 virum
280 3350 509 3412 bonum
538 3352 654 3415 nisi
684 3352 1040 3430 sapientem.
1116 3356 1208 3416 Sit
1231 3355 1314 3416 ita
1344 3372 1523 3418 sane:
1565 3355 1680 3415 sed
1710 3369 1845 3416 eam
1886 3348 2114 3425 sapien·
