2381 3723
663 139 804 200 ΠΒ.
840 141 884 197 1.
931 140 1099 200 CAP.
1136 145 1396 202 15—17.
1442 149 1495 209 s.
1526 149 1783 203 46—53.
2180 144 2256 208 17

184 292 335 352 dum
388 288 631 352 videtur
677 290 876 352 altius.
949 293 1060 352 Est
1111 289 1270 352 enim
1331 291 1618 366 primum,
1670 292 1838 367 quod
1888 290 2154 353 cernitur
2200 292 2259 355 in

182 373 465 436 universi
513 374 760 450 generis
814 373 1061 436 humani
1111 373 1427 435 societate.
1514 374 1663 434 Eius
1706 381 1908 434 autem
1950 373 2259 438 vinculum

185 465 286 518 est
307 456 463 518 ratio
492 464 554 517 et
577 458 802 532 oratio,
839 473 999 534 quae
1019 457 1339 530 docendo,
1372 456 1699 531 discendo,
1731 457 2260 535 eommqucando,
2315 526 2320 529 ,

186 541 599 618 disceptando
619 589 634 614 ,
666 541 995 602 iudicando
1018 540 1304 602 conciliat
1336 539 1493 602 inter
1521 558 1592 602 se
1619 540 1900 604 homines
1927 542 2261 620 coniungit·

184 638 313 700 que
355 625 616 685 naturali
647 626 913 700 quadam
964 625 1293 697 societate,
1339 641 1543 701 neque
1581 627 1704 686 ulla
1753 642 1822 687 re
1867 627 2110 703 lougius
2158 629 2292 688 ab-·

184 722 407 769 sumus
430 724 467 767 a
497 715 713 769 natura
733 710 1030 783 ferarum,
1058 709 1117 770 in
1147 707 1371 785 quibus
1397 708 1605 769 inesse
1634 705 2045 771 fortitudinem
2068 728 2261 788 saepe

187 791 484 865 dicimus,
510 815 514 821 ·
538 798 607 852 ut
656 791 719 852 in
754 793 961 868 equis,
1019 792 1079 852 in
1132 791 1448 864 leonibus,
1503 792 1821 869 iustitiam,
1873 795 2260 871 aequitatem,

191 874 527 936 bonitatem
570 892 691 936 non
720 875 1013 938 dicimus:
1060 883 1207 939 sunt
1245 874 1405 936 enim
1434 875 1687 938 rationis
1730 884 1793 938 et
1832 878 2127 940 orationis
2160 896 2259 940 ex·

190 966 424 1036 pez-tes.
515 959 616 1020 51.
661 966 755 1027 Ao
798 959 1092 1022 latissime
1142 959 1386 1036 quidem
1441 966 1661 1035 patens
1713 961 2058 1024 hominibus
2106 961 2265 1023 inter

190 1041 388 1118 ipsos,
451 1042 735 1125 omnibus
792 1043 949 1105 inter
1005 1058 1221 1105 omn-es
1283 1041 1552 1104 societas
1606 1043 1762 1104 haee
1821 1053 1947 1106 est:
2021 1045 2081 1106 in
2143 1062 2264 1121 qua

198 1125 471 1187 omnium
502 1138 737 1200 rerum,
782 1143 937 1203 quas
967 1129 1046 1188 ad
1083 1143 1468 1188 communem
1497 1127 1810 1189 hominum
1832 1144 2012 1191 usum
2048 1138 2266 1191 natura

190 1209 439 1286 genuit,
483 1217 581 1271 est
609 1213 916 1272 servanda
956 1210 1394 1283 communitas,
1442 1217 1539 1285 ut,
1588 1220 1748 1286 quae
1783 1213 2097 1289 descripta
2123 1221 2266 1275 sunt

192 1293 435 1370 legibus
465 1301 530 1369 et
562 1292 694 1355 iure
724 1293 884 1356 civ-ili
904 1342 919 1368 ,
955 1296 1107 1355 haee
1139 1295 1223 1354 ita
1244 1302 1595 1367 teneantur,
1629 1302 1697 1355 ut
1727 1295 1808 1356 sit
1836 1296 2262 1357 constitutum:

192 1393 231 1436 e
271 1377 500 1453 quibus
551 1377 703 1454 ipsis
753 1385 997 1439 caetera
1051 1377 1142 1439 sie
1192 1379 1627 1452 observentur,
1681 1387 1748 1439 ut
1786 1378 1848 1439 in
1892 1380 2265 1442 Graecorum

194 1460 532 1536 proverbio
554 1471 680 1523 est·
712 1463 1047 1524 Amicorum
1066 1474 1193 1523 esse
1213 1467 1544 1523 communia
1562 1467 1777 1524 omnia.
1824 1462 2039 1525 Omnia
2061 1471 2265 1525 autem

194 1544 545 1606 communia
592 1544 903 1607 hominum
940 1545 1231 1607 videntur
1272 1560 1376 1619 ea,
1437 1562 1597 1622 quae
1643 1555 1788 1608 sunt
1826 1547 2072 1624 generis
2112 1547 2263 1623 eiuS,

190 1629 498 1771 qupdtab
530 1625 724 1689 Ennio
765 1629 1034 1706 positum
1076 1628 1135 1688 in
1196 1645 1319 1689 una
1357 1645 1425 1689 re
1466 1629 1779 1721 transferri
1818 1630 1876 1691 in
1933 1632 2265 1709 permultas

189 1727 274 1786 po
303 1727 374 1772 es

612 1880 628 1897 .
651 1880 666 1895 .
693 1881 708 1897 .
730 1837 898 1899 homo
914 1884 930 1910 ‚
972 1840 1077 1913 qui
1099 1840 1335 1899 erranti
1359 1841 1596 1900 comiter
1622 1847 1905 1899 monstrat
1931 1843 2102 1913 viam,

364 1921 554 1992 Quasi
579 1924 774 1982 lumen
805 1923 880 1982 de
906 1938 1011 1983 suo
1037 1924 1257 1983 lumine
1286 1924 1580 1983 accendat
1611 1922 1801 1996 facit.-

368 2005 570 2066 Nihilo
596 2008 791 2065 minus
817 2008 937 2081 ipsi
960 2009 1138 2078 lucet,
1183 2022 1360 2079 quum
1390 2007 1483 2065 illi
1510 2006 1866 2065 accenderit.

196 2134 337 2192 Una
370 2145 450 2188 ex
492 2144 563 2187 re
602 2127 754 2190 satis
795 2126 1201 2205 praecipitur,
1255 2135 1351 2199 ut,
1395 2126 1693 2204 quidquid
1737 2126 1871 2189 sine
1908 2127 2267 2189 detrimento

196 2210 584 2275 commodari
637 2211 867 2286 possit,
919 2209 983 2271 id
1034 2210 1332 2272 tribuatur
1381 2212 1477 2272 vel
1528 2210 1761 2289 ignoto.
1829 2210 1948 2272 ⁴52.
2003 2214 2096 2273 Ex
2147 2229 2268 2287 quo

198 2303 350 2359 sunt
375 2295 481 2354 illa
511 2296 888 2368 communia,
938 2299 1100 2357 ‘non
1143 2294 1473 2372 prohibere
1521 2313 1683 2372 aqua
1717 2294 2095 2372 profluente,
2148 2294 2270 2372 pati

196 2381 275 2441 ab
308 2380 454 2455 igne
484 2378 690 2454 ignem
721 2395 971 2456 capere,
1016 2378 1069 2441 si
1102 2377 1208 2455 qui
1246 2377 1421 2455 velit,
1474 2379 1797 2441 eonsilium
1823 2380 2006 2440 fidele
2047 2379 2292 2441 delibe··

148 2497 157 2508 ·
196 2462 593 2536 rantidare’,
659 2480 819 2539 quae
862 2470 1007 2525 sunt
1043 2461 1117 2523 iis
1159 2461 1356 2537 utilia,
1416 2463 1520 2539 qui
1564 2463 1897 2540 accipiunt,
1951 2461 2119 2523 danti
2149 2478 2270 2523 non

198 2550 485 2608 molesta.
570 2548 709 2621 Qua*
742 2563 810 2608 re
855 2554 919 2608 et
960 2546 1053 2608 his
1099 2549 1393 2608 utendum
1426 2554 1524 2607 est
1568 2554 1631 2608 et
1661 2564 1907 2623 semper
1935 2546 2161 2621 aliquid
2194 2546 2270 2606 ad

200 2646 590 2693 communem
659 2630 974 2692 utilitatem
1024 2631 1444 2692 adferendum.
1540 2629 1665 2690 Sed
1721 2630 2009 2705 quoniam
2058 2629 2274 2706 copiae

201 2721 437 2792 par-vae
470 2712 848 2790 singulorum
892 2722 1065 2788 sunt,
1116 2732 1333 2776 eorum
1370 2721 1604 2787 autem,
1643 2712 1747 2789 qui
1773 2713 1868 2774 his
1892 2720 2142 2789 egeant,
2188 2711 2273 2774 in-

198 2797 375 2859 finita
424 2804 522 2858 est
571 2798 923 2872 multitudo,
983 2798 1256 2874 vulgaris
1301 2796 1630 2860 liberalitas
1679 2798 2004 2859 reserenda
2052 2807 2148 2859 est
2196 2797 2273 2857 ad
2318 2859 2325 2866 ,

199 2882 373 2943 illum
400 2880 582 2941 Ennii
610 2882 827 2944 finem:
860 2884 1058 2944 Nihilo
1086 2886 1281 2944 minus
1308 2886 1427 2960 ipsi
1449 2887 1628 2958 lucet,
1668 2888 1737 2944 ut
1758 2884 2015 2945 facultas
2050 2881 2129 2944 sit
2154 2898 2275 2959 qua

202 2968 264 3026 in
298 2971 556 3027 nostros
589 2964 781 3028 simus
811 2966 1115 3028 liberales.

331 3049 522 3110 xvll.
567 3048 670 3110 53.
760 3051 1001 3112 Gradus
1050 3057 1255 3111 autem
1300 3052 1506 3124 plures
1549 3059 1694 3113 sunt
1730 3050 2043 3114 societatis
2083 3046 2309 3109 homi·.

206 3150 381 3195 num.
446 3133 529 3194 Ut
568 3133 728 3194 enim
774 3136 852 3197 ab
884 3134 983 3195 illa
1017 3133 1252 3195 infinita
1283 3133 1666 3210 discedatur,
1712 3134 1965 3211 propior
1995 3140 2091 3192 est
2120 3130 2274 3191 eius·

206 3219 351 3278 dem
394 3215 627 3293 gentis,
680 3216 974 3293 nationis,
1021 3216 1297 3294 linguae,
1351 3234 1473 3293 qua
1512 3221 1773 3281 maxime
1815 3215 2094 3277 homines
2135 3229 2275 3273 eon-

205 3302 574 3376 iunguntur:
621 3301 874 3366 interius
906 3300 1084 3363 etiam
1131 3308 1230 3361 est
1257 3300 1532 3361 eiusdem
1564 3317 1708 3362 esse
1739 3296 2019 3357 civitatis.
2090 3296 2276 3353 Multa

210 3382 378 3447 enim
397 3391 550 3527 silmt
570 3383 808 3448 ombus
829 3386 988 3447 mter
1009 3401 1080 3447 se
1112 3383 1487 3445 communia.
1532 3386 1764 3451 forum,
1748 3380 1953 3513 '’fzna
1983 3372 2280 3447 porticus,

299 3484 393 3527 cxc
474 3471 530 3527 V
579 3478 632 3531 3.
