2381 3723
155 149 225 207 9⁷
350 216 355 221 θ
949 140 1451 201 FRAGMENTA.
2109 139 2236 204 287

153 291 633 369 magnitudinem
671 291 882 366 animi,
927 290 1305 367 patientiam,
1363 290 1799 367 constantiam,
1850 290 2237 368 gravitatem,

150 377 368 451 fidem,
400 375 539 453 ipsa
563 393 634 438 se
666 376 1011 438 subducat?
1056 388 1346 456 [Nonius
1383 407 1435 456 p.
1474 389 1620 456 aaa]

279 474 381 535 40.
428 519 442 532 .
469 517 522 532 ..
551 518 566 535 .
594 473 949 549 magnitudo
974 472 1194 547 animi,·
1224 473 1513 548 patientia
1537 440 1842 546 laborum,
1878 471 2093 534 mortis
2123 471 2237 532 do-

150 560 476 633 lorumque
512 558 888 635 contemptio
916 602 931 618 .
959 602 975 618 .
1005 603 1019 617 .
1081 575 1241 641 [mem
1278 591 1331 642 p.
1372 575 1469 625 201
1510 573 1616 640 sq.]

278 658 378 718 41.
423 657 609 718 Mane
646 675 711 719 se
749 659 899 719 dicit
924 658 1166 721 Catulus
1209 660 1310 721 vel
1351 676 1537 720 unum
1587 674 1848 735 parvum
1892 656 1969 715 de
2023 650 2234 715 officio

151 739 419 801 libellum
461 756 644 816 quam
676 743 922 817 longam
949 742 1291 805 orationem
1324 760 1436 818 pro
1464 742 1763 804 seditioso
1795 737 2047 802 homine
2088 737 2234 798 Cor·

149 822 332 886 nelio.
407 839 814 905 [Lactantius
850 843 969 892 inst.
1008 844 1094 894 lib.
1127 846 1220 895 vl.
1257 859 1371 909 cap.
1410 845 1460 897 2.
1499 846 1549 906 5.
1592 841 1700 907 15.]

275 921 377 982 42.
427 968 442 985 .
470 968 485 984 .
514 967 528 982 .
555 968 570 985 .
597 925 950 1001 eloquentia
974 926 1160 1000 tueri,
1205 943 1389 1002 quam
1414 933 1481 987 tu
1510 925 1570 986 in
1609 927 1875 998 caelum,
1920 924 2235 1004 Hortensi,

150 1007 371 1156 gredo,
428 1016 498 1068 ut
546 1007 861 1160 {3138s5elcum
916 1026 993 1072 ea
1045 1009 1225 1071 simul
1266 1011 1671 1083 ascendereS‚
1731 1008 2187 1071 sustulisse...

235 1106 425 1143 onius
462 1108 514 1158 p.
661 1130 673 1143 .

273 1187 378 1249 43.
429 1187 511 1249 Se
534 1189 612 1249 ad
645 1196 986 1251 extremum
1012 1189 1337 1266 pollicetur
1358 1190 1756 1266 prolaturum,
1791 1200 1949 1262 quae
1985 1198 2057 1243 se
2092 1179 2231 1257 ipsa

150 1278 420 1345 comest,
463 1273 632 1347 quod
664 1273 851 1335 efficit
881 1272 1343 1335 dialecticorum
1378 1272 1555 1334 ratio.
1619 1285 1785 1353 [Idem
1816 1303 1869 1352 p.
1908 1280 2021 1348 81.]

271 1371 373 1430 44.
418 1372 588 1432 Tune
623 1372 1098 1447 pseudomenon
1145 1380 1208 1433 et
1236 1371 1485 1437 soritam
1509 1377 1583 1439 et
1611 1377 1801 1432 totam
1847 1368 2232 1434 dialecticam

149 1460 254 1516 aut
282 1451 487 1516 illudis
513 1462 617 1516 aut
647 1456 974 1531 increpas?
1042 1470 1205 1537 [Idem
1242 1486 1293 1535 p.
1334 1468 1480 1535 329.]

275 1551 442 1612 45..
471 1596 484 1610 .
513 1597 527 1610 .
556 1598 571 1611 .
595 1553 757 1614 hunc
783 1553 1092 1625 Crassum,
1125 1551 1230 1628 qui
1253 1551 1510 1626 lentim,
1536 1560 1604 1613 ut
1624 1550 1813 1625 scitis,
1840 1551 2047 1615 dicere
2068 1558 2229 1618 sole·

147 1635 286 1708 bat,
340 1635 420 1696 ad
458 1635 857 1698 imitationem
900 1636 1078 1713 quasi
1126 1635 1326 1697 nostri
1367 1634 1612 1712 generis
1666 1599 2103 1700 contendisse.

154 1717 325 1784 [Idem
353 1735 407 1785 p.
447 1718 548 1772 337
584 1718 687 1787 σῳ]

274 1801 375 1864 46.
423 1801 570 1878 Quis
606 1809 667 1864 te
695 1810 801 1864 aut
834 1808 932 1865 est
960 1810 1068 1865 aut
1100 1801 1212 1865 suit
1238 1818 1529 1879 umquam
1559 1803 1619 1864 in
1647 1802 1990 1880 partiundis
2022 1805 2231 1881 rebus,

149 1884 210 1947 in
235 1885 666 1961 definiendis,
650 1904 711 1947 in
737 1886 1139 1964 explanandis
1170 1887 1489 1964 pressior?
1566 1902 1725 1969 [Idem
1761 1918 1815 1968 p.
1850 1899 1998 1966 364.]

277 1970 382 2031 47·
426 1986 806 2039 Scholiasta
868 1990 920 2037 in
989 1988 1110 2044 adn.
1175 1990 1242 2038 ad
1296 1988 1401 2042 Cic.
1469 1987 1535 2037 de
1588 1987 1714 2052 imp.
1769 1985 1859 2037 Cn.
1903 1987 2082 2055 Pomp.
2152 2002 2227 2042 or.

150 2083 266 2135 cap.
309 2068 391 2121 10.
462 2059 525 2117 in
550 2057 863 2119 Hortensio
887 2058 1172 2120 Lucullus
1198 2058 1506 2119 historiam
1532 2056 1818 2117 laudavit.

277 2148 380 2212 48.
421 2152 599 2214 Unde
628 2160 833 2214 autem
860 2152 1095 2215 facilius
1137 2170 1318 2230 quam
1358 2170 1437 2214 ex
1478 2150 1783 2213 annalium
1818 2155 2230 2217 monumentis

151 2242 260 2385 affin
286 2235 504 2297 bellica
534 2253 636 2298 res
667 2244 774 2386 {tut
801 2237 1001 2300 omnis
1024 2238 1112 2298 rei
1140 2237 1425 2314 publicae
1449 2235 1769 2314 disciplina
1795 2238 2234 2313 cognoscitur?

233 2322 423 2371 onius
453 2337 506 2388 p.
548 2324 666 2375 275.
796 2373 799 2376 Α

278 2401 383 2463 49.
429 2404 586 2480 Quid
616 2405 776 2466 enim
807 2413 912 2467 aut
941 2406 1263 2467 Herodoto
1300 2404 1538 2467 dulcius
1568 2414 1673 2467 aut
1703 2404 2065 2483 Thucydide
2092 2422 2229 2483 gra·

150 2483 293 2546 vius
322 2495 427 2548 aut
453 2487 703 2551 Philisto
737 2489 989 2551 brevius
1027 2497 1134 2550 aut
1172 2489 1586 2565 Theopompo·
1607 2488 1811 2550 acrius
1840 2496 1946 2551 aut
1976 2490 2229 2566 Ephoro

151 2566 359 2633 mitius
381 2570 637 2633 inveniri
659 2576 955 2656 potest?
984 2587 1148 2655 [Idem
1182 2603 1232 2654 p
1262 2587 1399 2639 -315,
1435 2601 1489 2651 p.
1527 2588 1647 2637 241.
1677 2602 1732 2651 p.
1772 2586 1921 2652 343]

235 2670 384 2732 50.
423 2670 515 2731 Tu
558 2687 656 2732 me
691 2679 754 2732 et
782 2671 934 2733 alias
966 2687 1088 2733 non
1122 2685 1454 2747 numquam
1494 2676 1554 2729 et
1590 2670 1795 2764 paullo
1839 2675 1979 2729 ante
2008 2671 2229 2731 adhor-

150 2762 316 2816 tatus
360 2769 460 2830 es,
513 2754 770 2817 aliorum
818 2756 945 2834 [ut]
977 2757 1136 2817 facta
1180 2762 1245 2815 et
1289 2760 1513 2816 eventa
1544 2750 1995 2826 conquirerem.
2059 2766 2228 2833 [Idem
2320 2776 2328 2783 ·

239 2837 362 2890 204

149 2854 202 2905 p
279 2836 390 2981 51?
421 2923 509 2981 Ea
550 2923 806 2983 facultas
842 2899 1072 2985 nostris
1103 2920 1434 2985 maioribus
1470 2926 1629 2993 erat,
1671 2917 1775 2996 qui
1806 2919 2102 2981 confectis
2133 2938 2229 2983 se-

152 3013 335 3067 natus
363 3005 711 3067 consultiS.
824 3019 1046 3087 .[1‹lem
1081 3036 1135 3087 p.
1169 3019 1317 3085 269]

285 3104 388 3167 52.
432 3106 609 3169 Unde
633 3111 739 3168 aut
755 3108 834 3167 ad
852 3107 1158 3182 agendum
1185 3106 1384 3168 autad
1404 3103 1729 3164 dicendum
1750 3100 1931 3178 copia
1948 3098 2227 3176 depromi

150 3188 348 3251 maior
368 3190 872 3266 gravissimorum
897 3192 1320 3266 exemplorum
1344 3186 1521 3266 quasi
1535 3186 2028 3262 incorruptorum
2062 3183 2225 3245 testi-

149 3275 501 3336 moniorum
534 3277 784 3351 potest?
852 3289 1014 3357 [Idem
1045 3305 1100 3355 p.
1133 3287 1280 3353 315.]

279 3371 382 3434 53.
427 3373 749 3435 Ethorum
775 3389 1102 3449 annorum,
1137 3388 1299 3449 quos
1329 3369 1390 3431 in
1417 3368 1589 3433 fastis
1620 3368 1937 3439 habemuS,
1966 3377 2223 3439 magnus
