2381 3723
537 117 680 175 LIB.
712 118 782 175 11.
828 117 992 177 CAP.
1032 124 1286 178 11—13.
1333 108 1682 185 §238—44.
2059 117 2146 178 63

76 267 186 342 qui
238 284 419 342 quum
475 268 826 342 prohiberet
880 267 1096 328 iniuria
1151 266 1492 338 tenuioreS,
1563 265 1870 341 aequitate
1922 267 2151 328 consti--

73 350 305 410 tuenda
336 367 615 411 summos
647 367 784 410 cum
813 350 1035 410 infimis
1073 349 1205 424 pari
1246 349 1377 409 iure
1407 348 1720 410 retinebat.
1788 350 2146 425 Eademque

75 432 645 493 constituendarum
699 436 900 509 legum
954 432 1061 493 suit
1110 449 1297 493 causa
1348 449 1507 507 quae
1558 449 1791 508 regum.
1881 431 1982 492 42.
2043 433 2149 493 lus.

75 514 234 576 enim
287 533 538 591 semper
588 524 687 576 est
731 515 1075 592 quaesitum
1121 515 1472 590 aequabile:
1525 533 1727 590 neque
1772 516 1931 576 enim
1972 516 2152 575 aliter

71 606 243 658 esset
275 597 395 658 ius.
467 600 536 658 Id
563 599 616 660 si
651 600 727 659 ab
761 617 884 660 uno
928 599 1088 660 iusto
1127 606 1188 658 et
1216 598 1382 673 bono
1420 597 1549 659 viro
1584 599 2149 675 consequebantur,

72 689 249 741 erant
281 698 358 741 eo
402 683 701 743 contenti:
752 700 938 758 quum
979 680 1040 741 id
1083 680 1281 742 minus
1330 680 1736 757 contingeret,
1797 684 1967 758 leges
2000 690 2149 743 sunt

67 763 360 825 inventae
395 782 555 839 quae
585 782 723 826 cum
769 765 1049 826 omnibus
1082 782 1331 841 semper
1362 781 1481 825 una
1514 773 1699 843 atque
1738 767 1955 826 eadem
1988 782 2147 826 voce

67 849 498 922 loquerentur.
570 849 733 924 Ergo
765 849 885 908 hoc
915 849 1158 924 quidem
1192 847 1583 924 perspicuum
1614 854 1738 921 est,
1792 867 1901 909 eos
1932 850 2008 908 ad
2041 848 2145 908 im·

65 932 415 1005 perandum
471 931 653 1006 deligi
702 931 954 1005 solitoS,
1010 949 1272 1006 quorum
1325 931 1404 990 de
1446 930 1667 993 iustitia
1717 948 1937 1008 magna
1978 940 2145 992 esset

66 1013 281 1090 opinio
317 1013 738 1075 multitudinis.
815 1013 1122 1076 Adiuncto
1156 1032 1305 1074 vero
1340 1020 1404 1074 ut
1444 1013 1624 1074 iidem
1659 1015 1841 1074 etiam
1883 1016 2144 1089 pruden-

68 1106 156 1158 tes
191 1098 575 1158 haberentur
604 1098 743 1158 nihil
787 1106 918 1159 erat
967 1099 1132 1174 quod
1179 1097 1459 1157 homiues
1501 1096 1574 1157 iis
1622 1097 1973 1158 auctoribus
2020 1115 2143 1158 non

63 1198 269 1255 posse
323 1181 622 1256 consequi
678 1199 748 1241 se
800 1181 1255 1241 arbitrarentur.
1330 1178 1503 1240 Omni
1546 1177 1730 1255 igitur
1771 1179 2008 1241 ratione
2047 1196 2145 1240 co·

65 1264 257 1325 lenda
307 1270 371 1324 et
408 1263 725 1326 retinenda
761 1263 989 1325 iustitia
1019 1270 1115 1324 est
1162 1281 1349 1339 quum
1381 1264 1518 1339 ipsa
1556 1281 1670 1340 per
1713 1280 1857 1324 sese
1887 1296 1972 1307 —
2004 1280 2144 1322 nam

66 1345 248 1407 aliter
279 1345 511 1409 iustitia
550 1364 672 1408 non
707 1354 875 1408 esset
902 1382 988 1394 -
1016 1355 1138 1409 tum
1186 1355 1441 1423 propter
1474 1345 2003 1423 amplificationem
2037 1347 2146 1406 ho·

68 1428 246 1491 noris
289 1437 353 1489 et
394 1429 645 1505 gloriae.
716 1431 841 1491 Sed
879 1439 943 1491 ut
988 1430 1285 1506 pecuniae
1331 1447 1453 1491 non
1503 1430 1894 1506 quaerendae
1942 1431 2143 1490 solum

67 1513 230 1574 ratio
256 1520 382 1585 est,
414 1531 622 1574 verum
649 1512 828 1574 etiam
858 1516 1284 1587 collocandae,
1319 1531 1477 1588 quae
1504 1521 1838 1589 perpetuos
1863 1520 2148 1589 sumptus

69 1595 435 1672 suppeditet
473 1613 588 1657 nec
631 1600 832 1658 solum
864 1596 1283 1671 necessarios,
1330 1597 1445 1658 sed
1478 1598 1657 1658 etiam
1690 1598 2003 1670 liberaleS,
2056 1594 2144 1657 sic

70 1679 272 1754 gloria
326 1689 389 1738 et
429 1680 785 1755 quaerenda
820 1690 880 1742 et
909 1681 1271 1742 collocanda
1302 1681 1539 1742 ratione
1580 1689 1693 1741 est.
1782 1679 1885 1741 43.
1930 1683 2146 1756 Quam·

73 1779 258 1836 quam
299 1765 613 1837 praeclare
643 1765 934 1825 Socrates
974 1763 1166 1824 ‘hanc
1197 1763 1356 1824 viam
1395 1766 1475 1823 ad
1518 1765 1769 1840 gloriam
1805 1764 2143 1839 proximam

70 1852 132 1906 et
156 1845 342 1921 quasi
367 1845 917 1923 compendiariam’
946 1845 1187 1908 dicebat
1217 1851 1423 1921 ‘esse,
1460 1847 1513 1909 si
1545 1847 1680 1924 quis
1707 1847 1769 1908 id
1803 1853 2045 1923 ageret,
2078 1854 2150 1907 ut

74 1928 276 2005 qualis
309 1930 522 1991 haberi
550 1933 733 1992 vellet
762 1930 899 1992 talis
930 1936 1151 1992 esset’.
1230 1933 1404 2007 Quod
1453 1930 1506 1992 si
1541 1930 1643 2005 qui
1669 1930 2056 1990 simulatione
2087 1937 2149 1989 et

71 2012 239 2073 inani
282 2013 693 2075 ostentatione
735 2021 795 2075 et
832 2016 975 2094 fiam
1022 2031 1145 2075 non
1193 2016 1378 2075 modo
1437 2012 1753 2085 sermone,
1807 2012 1921 2072 sed
1965 2010 2146 2070 etiam

73 2098 250 2157 vultu
276 2096 556 2157 stabilem
593 2115 664 2159 se
693 2096 944 2174 gloriam
978 2097 1277 2172 consequi
1319 2112 1509 2171 posse
1537 2103 1778 2167 rentur,
1824 2094 2147 2154 vehemen-

73 2187 167 2241 ter
199 2188 426 2241 errant.
495 2183 660 2241 Vera
705 2182 900 2256 gloria
934 2178 1177 2240 radices
1221 2178 1346 2255 agit
1390 2186 1573 2255 atque
1617 2178 1796 2239 etiam
1844 2193 2145 2255 propaga·

74 2270 203 2336 tur,
272 2263 415 2323 ficta
466 2264 666 2325 omnia
719 2263 996 2325 celeriter
1043 2271 1349 2339 tamquam
1402 2262 1644 2325 flosculi
1688 2262 1976 2323 decidunt
2029 2277 2145 2322 nec

76 2345 428 2406 simulatum
478 2354 687 2423 potest
730 2345 1063 2422 quidquam
1116 2363 1259 2407 esse
1299 2346 1669 2408 diuturnum.
1744 2348 1961 2408 Testes
2004 2350 2148 2405 sunt

76 2428 363 2504 permulti
394 2429 454 2490 in
499 2437 818 2507 utramque
862 2438 1123 2505 partem,
1177 2431 1290 2491 sed
1335 2430 1650 2491 brevitatis
1693 2446 1881 2491 causa
1929 2426 2148 2489 familia

78 2512 352 2574 contenti
383 2512 606 2575 erimus
636 2530 777 2574 una.
849 2513 936 2574 Ti.
984 2513 1143 2574 enim
1175 2515 1486 2574 Gracchus
1534 2516 1598 2574 P.
1626 2515 1694 2574 F.
1727 2521 1845 2572 tam
1890 2512 1996 2574 diu
2026 2515 2149 2572 lau-

80 2595 355 2671 dabitur,
397 2597 541 2657 dum
573 2596 865 2658 memoria
911 2614 1115 2657 rerum
1145 2599 1554 2658 Romanarum
1587 2596 1879 2656 manebit:
1922 2602 1985 2655 at
2016 2595 2147 2654 eius

79 2678 180 2739 filii
211 2696 332 2739 nec
364 2678 485 2739 vivi
514 2681 934 2755 probabantur
960 2678 1140 2741 bonis
1171 2690 1232 2741 et
1269 2678 1492 2740 mortui
1522 2695 1842 2739 numerum
1876 2676 2150 2738 obtinent

77 2761 207 2822 iure
263 2778 609 2824 caesorum.
695 2764 852 2823 Xlll.
912 2763 1025 2839 Qui
1082 2763 1265 2839 igitur
1314 2761 1574 2839 adipisci
1637 2778 1842 2821 veram
1893 2758 2147 2836 gloriam

80 2847 247 2907 volet
297 2844 559 2907 iustitiae
589 2848 876 2922 fungatur
906 2844 1145 2908 officiis.
1216 2848 1305 2906 Ea
1339 2863 1498 2922 quae
1541 2854 1750 2908 essent
1780 2842 2007 2905 dictum
2054 2852 2149 2905 est

82 2926 134 2987 in
176 2928 337 2990 libro
372 2930 709 3004 superiore.

194 3013 302 3072 44.
345 3012 505 3086 Sed,
553 3022 620 3075 ut
663 3012 941 3073 facillime
985 3016 1200 3089 quales
1226 3012 1415 3074 simus
1448 3014 1600 3074 tales
1633 3030 1776 3075 esse
1814 3011 2130 3073 videamur

85 3093 193 3156 etsi
222 3095 286 3155 in
317 3112 394 3157 eo
433 3095 572 3178 ipso
601 3095 695 3157 vis
733 3096 994 3156 maxima
1025 3103 1151 3169 est,
1194 3103 1261 3157 ut
1294 3097 1486 3157 simus
1516 3095 1557 3156 ii
1631 3096 1733 3171 qui
1764 3094 1971 3156 haberi
2006 3093 2147 3152 veli·

86 3193 244 3253 mus,
297 3185 502 3242 tamen
553 3182 853 3254 quaedam
885 3186 1216 3256 praecepta
1248 3180 1448 3240 danda
1491 3187 1650 3241 sunt.
1725 3181 1870 3239 Nam
1915 3174 1968 3236 si
2010 3174 2146 3249 quis

88 3262 156 3322 ab
188 3262 444 3324 ineunte
487 3270 685 3323 aetate
725 3263 908 3323 habet
949 3279 1197 3323 causam
1242 3262 1607 3323 celebritatis
1644 3269 1704 3321 et
1745 3257 2003 3318 nominis
2044 3265 2149 3315 aut

88 3360 122 3403 a
148 3353 324 3422 patre
352 3353 698 3423 acceptam,
732 3346 899 3423 quod
930 3345 1064 3420 tibi,
1100 3345 1182 3405 mi
1215 3346 1460 3418 Cicero,
1508 3343 1769 3403 arbitror
1798 3338 2147 3408 contigisse,
