2381 3723
127 113 256 180 336
935 119 1420 187 FRAGMENTA

124 272 256 333 Non
280 276 523 332 tenerae
540 274 821 347 plantae,
844 277 1007 347 flavo
1034 293 1151 337 non
1181 281 1342 339 utilis
1371 296 1536 343 arvo.

130 355 284 427 Quin
300 357 501 431 potius
529 359 659 416 totis
687 359 885 424 iaceat
915 362 1029 419 nix
1048 363 1318 435 plurima
1343 369 1549 440 terris,

126 441 316 512 Quum
340 441 602 502 nondum
623 442 892 516 prandes
919 447 1149 505 ciamus
1174 447 1449 509 distinxit
1472 454 1723 527 aristas,

131 524 208 585 Ut
229 525 357 585 beet
382 527 711 599 apriculam
736 529 917 588 multo
941 545 1077 590 cum
1103 530 1322 603 fenore
1346 536 1538 594 tellus.

122 608 316 669 Nolim
344 609 615 684 equidem
634 612 863 684 qemini
878 616 1158 687 pluresve
1183 632 1406 679 unusve
1430 625 1678 681 cometes

122 692 579 766 Flammiferum
610 694 836 754 ducant
856 701 1114 771 spatioso
1138 702 1323 761 limite
1346 705 1573 764 crinem
1587 750 1603 777 ‚

120 775 209 836 Ne
234 779 398 837 sitiat
417 783 531 838 toto
555 780 727 838 tellus
752 783 912 841 male
931 781 1160 853 fertilis
1185 800 1380 846 anno.-

121 860 247 923 Nec
274 865 381 937 qui
402 865 743 924 continuam
756 868 1098 939 proscindit
1121 884 1354 931 vomere
1379 878 1604 933 terram
1617 919 1632 945 ,

119 944 192 1005 Si
207 946 372 1019 forte
396 949 624 1008 emittat
646 950 915 1010 volucres
939 953 1296 1027 circumflua
1327 959 1545 1018 multas

118 1030 330 1091 Insula
345 1078 360 1106 ,
390 1035 676 1093 laetetur:
713 1035 916 1095 timeat
940 1039 1166 1110 maqis:
1193 1039 1381 1100 obsita
1407 1045 1586 1103 multo

118 1115 208 1177 Ne
233 1118 510 1190 squalore
535 1133 702 1192 seqes
722 1121 893 1179 vanis
918 1121 1124 1182 eludat
1151 1127 1355 1184 avenis

118 1198 268 1277 Spes
292 1202 550 1262 tumidas
579 1202 833 1263 domini.-
859 1204 969 1265 sed
992 1205 1097 1266 ubi
1118 1213 1499 1283 conspexerit
1518 1213 1685 1286 illas,

122 1284 398 1346 Gaudeat
419 1289 631 1362 upilio,
659 1288 903 1362 quando
929 1296 1071 1351 tunc
1095 1294 1250 1352 lacte
1275 1297 1506 1354 recenti

115 1368 458 1445 Implebunt
477 1374 724 1432 multum
750 1375 957 1434 niveae
982 1377 1324 1437 mulctralia
1351 1394 1589 1440 vaccae.

118 1453 244 1529 Sic,
274 1453 718 1517 miserandum!
760 1460 909 1518 alios
937 1462 1149 1520 alienis
1177 1463 1373 1522 vivere
1396 1464 1633 1539 damnis

116 1539 237 1599 Nos
264 1542 499 1601 voluere
526 1541 630 1601 dei
651 1546 712 1602 et
734 1559 969 1618 semper
994 1547 1307 1606 contraria
1334 1552 1468 1608 vota

119 1624 399 1684 Fundere
424 1631 483 1685 et
506 1627 742 1698 exiquis
760 1643 950 1688 vanas
969 1644 1107 1703 spes
1123 1646 1379 1705 pascere
1405 1635 1610 1708 siynis.

258 1709 551 1770 Venturas
577 1711 794 1770 hiemes
811 1715 1050 1786 pecoris
1077 1713 1344 1776 didicere
1370 1719 1665 1793 maqistri,

118 1793 305 1866 Quum
336 1796 571 1872 depulsi
593 1797 785 1855 ovium
811 1803 1146 1873 properant
1171 1800 1260 1858 ad
1276 1802 1507 1876 pabula
1528 1802 1710 1878 seties,

115 1879 513 1955 Laniqerique
541 1880 722 1941 duces
739 1885 976 1956 pecoris
1006 1899 1141 1943 cum
1164 1884 1426 1958 fortibus
1451 1890 1626 1962 aqnis

115 1964 327 2024 Innixi
343 1967 578 2040 qemino
601 1966 818 2026 ludunt
835 1983 953 2042 per
979 1963 1235 2044 compita
1271 1986 1460 2031 cornu

111 2048 501 2124 Hirsutosque
520 2050 706 2126 pedes
734 2054 914 2112 multo
935 2068 1070 2113 cum
1090 2056 1347 2129 pulvere
1369 2057 1624 2129 iactant,

116 2132 430 2208 Corniqeri
451 2135 616 2194 binos
653 2136 926 2197 ductores
939 2182 954 2210 ‚
985 2143 1264 2213 quattuor
1288 2142 1439 2212 aqui
1448 2186 1464 2214 ‚

114 2218 234 2277 Aut
255 2219 360 2278 ubi
381 2221 502 2278 iam
529 2221 673 2278 sero'
686 2223 979 2294 processit
1023 2223 1245 2298 Vesper
1277 2223 1548 2299 Olympo,

114 2302 299 2361 Inviti
324 2302 615 2362 stabulum
644 2309 916 2377 repetunt
933 2312 1110 2380 atque
1133 2308 1305 2369 obvia
1332 2313 1594 2384 carpunt

115 2385 405 2446 Gramina
431 2402 542 2446 nec
565 2387 770 2446 missos
795 2396 1015 2449 curant
1036 2391 1098 2449 in
1122 2401 1294 2466 terqa
1318 2394 1575 2468 lapillos.

113 2468 305 2544 Saepe
332 2473 508 2530 etiam
539 2472 854 2532 instantem
882 2476 1152 2535 minitari
1180 2478 1322 2536 dira
1343 2479 1673 2552 procellam

113 2552 436 2614 Ruricolae
471 2554 727 2616 docuere
753 2557 922 2618 boves
935 2604 949 2631 ‚
986 2574 1165 2633 quum
1197 2563 1428 2635 linqere
1459 2566 1745 2636 temptant

114 2638 448 2699 Posteriora
466 2639 693 2715 pedum
717 2642 949 2716 qlabris
975 2646 1221 2717 vestiqia
1249 2647 1467 2720 linquis
1481 2692 1495 2719 ,

115 2721 232 2782 Aut
255 2724 535 2785 dextrum
566 2727 631 2785 in
656 2727 883 2787 stabulo
904 2734 1134 2803 ponunt
1163 2731 1322 2789 latus
1335 2750 1355 2788 .·
1381 2729 1543 2790 hisce
1568 2732 1872 2804 maqism's

112 2804 308 2868 Stivae
335 2824 484 2884 opus
520 2812 814 2888 inceptum
843 2811 1051 2886 differt
1071 2815 1390 2887 lonqaevus
1417 2820 1643 2876 arator.

112 2889 306 2966 Saepe
333 2895 510 2952 etiam
538 2896 767 2956 insolito
796 2899 1021 2971 muqitu
1040 2913 1279 2972 pascua
1306 2901 1622 2974 complent,

114 2973 302 3044 Quum
329 2977 564 3037 stabula
593 2984 653 3037 et
676 2985 839 3040 notos
867 2986 1142 3056 repetunt
1167 2990 1441 3044 armenta
1464 2987 1744 3058 penates,

112 3059 480 3137 Floridaque
508 3063 727 3123 invitae
752 3066 1077 3139 linquentes
1098 3072 1288 3141 prata
1316 3069 1599 3128 iuvencae

112 3142 262 3204 Ante
282 3144 460 3217 feras
487 3149 735 3222 cupiunt
761 3154 1017 3209 ventrem
1043 3157 1348 3212 saturasse
1363 3154 1699 3228 procellas.-

112 3225 236 3285 Nec
264 3231 407 3289 levis
432 3232 617 3291 iliceis
644 3233 887 3292 nimium
914 3250 1111 3309 capra
1140 3236 1347 3297 dedita
1371 3239 1559 3296 ramis

112 3304 279 3366 Suda
306 3320 524 3387 monet,
553 3318 732 3376 multo
767 3333 877 3376 nec
902 3319 1276 3393 circumfusa
1303 3322 1423 3380 luto
1451 3336 1569 3380 sus.

112 3385 183 3445 Si
206 3405 401 3452 secum
429 3397 491 3453 in
519 3401 748 3474 campis
776 3401 961 3460 ululet
994 3405 1266 3479 solusque
1293 3412 1573 3479 pererret

2111 1313 2220 1370 370

2108 1732 2215 1788 375

2101 2992 2210 3047 390

2098 3410 2203 3467 395
