2381 3723
151 108 268 170 186
934 107 1203 168 PARAD
1214 106 1422 168 OXON
2138 118 2225 170 2⁷0

146 270 292 321 tuna
331 255 469 335 ipsa
504 257 711 343 cedit„
746 257 915 320 sicul
949 257 1200 334 sapiens
1246 262 1432 335 poeta
1471 256 1654 319 dixit:
1720 260 1858 321 δαεὶς
1893 278 1969 323 ea
2015 263 2228 339 cuique

146 347 386 419 anyitur
417 344 694 404 moribus.
775 341 904 404 Soli
945 342 1129 419 igitur
1158 343 1280 403 hoc
1311 342 1606 419 contingit
1643 342 1941 419 sapienti,
1983 351 2053 405 ut
2078 343 2226 407 nihil

147 426 328 488 saciat
368 425 625 499 invitus,
670 425 814 486 nihil
859 427 1111 499 dolens,
1164 426 1309 486 nihii
1357 434 1632 489 coactus.
1723 426 1823 487 35.
1878 427 2058 504 Quod
2103 428 2228 489 etsi

145 511 226 572 ita
277 527 418 572 csse
459 509 738 586 pluribus
791 510 998 572 verbis
1046 510 1472 572 disserendum
1526 517 1650 585 est,
1713 509 1859 572 illud
1912 519 2113 573 tamen
2165 519 2227 573 et

143 596 332 655 breve
360 601 423 654 et
451 594 867 655 confitendum
902 600 1026 669 est,
1059 592 1176 654 nisi
1211 593 1313 669 qui
1335 594 1417 654 ita
1449 593 1529 655 sit
1559 595 1869 670 adfectuS,
1900 612 2045 657 esse
2079 596 2224 656 libe·

142 695 276 740 rum
308 677 632 738 neminem.
707 677 882 737 Servi
931 676 1114 753 igitur
1165 694 1382 739 omnes
1425 678 1708 755 improbi.
1786 681 1910 740 Nec
1947 680 2068 739 hoc
2097 688 2225 740 tam

141 778 208 822 re
240 769 336 822 est
367 777 550 837 quarn
581 759 747 822 dictu
778 760 1157 838 inopinatum
1188 768 1378 837 atque
1407 753 1698 823 mirabile.
1780 763 1912 823 Non
1947 760 2107 823 enim
2141 764 2223 823 ita

64 871 73 874 ι
143 845 355 906 dicunt
385 862 497 907 cos
533 862 677 907 esse
707 862 959 918 servm,
997 852 1065 906 ut
1093 845 1427 921 mancipia,
1462 862 1623 922 quae
1656 854 1802 908 sunt
1833 846 2223 908 dominorum

140 931 302 990 sacta
332 945 496 990 nexu
538 936 642 990 aut
671 928 877 1005 aliquo
909 928 1040 988 iure
1081 928 1272 1002 civili,
1325 931 1471 1004 sed,
1525 929 1575 990 si
1606 929 1873 992 servitus
1899 929 2007 1005 sit,
2064 931 2225 992 sicut

138 1020 263 1087 est,
299 1012 689 1078 oboedientia
720 1012 893 1074 fracti
917 1011 1101 1072 animi
1124 1019 1311 1088 atque
1343 1012 1562 1074 abiecti
1594 1020 1657 1074 et
1678 1013 1928 1075 arbitrio
1956 1015 2221 1076 carentis

140 1114 288 1169 sun,
327 1095 464 1171 quis
495 1104 682 1173 neget
713 1113 927 1158 omnes
964 1098 1169 1170 leves,
1209 1113 1425 1158 omnes
1458 1096 1749 1173 cupidos,
1804 1113 2020 1159 omnes
2056 1097 2221 1158 deni·

138 1197 261 1256 que
294 1180 614 1255 improbos
646 1197 791 1241 esse
820 1181 1081 1242 servos?
1165 1181 1239 1240 II.
1286 1179 1385 1243 36.
1474 1185 1573 1242 An
1605 1180 1705 1242 ille
1738 1180 1880 1241 mihi
1916 1181 2088 1255 liber,
2123 1180 2221 1241 cui

139 1263 356 1325 mulier
388 1263 674 1339 imperat,
720 1264 815 1324 cui
849 1265 1018 1339 leges
1053 1262 1341 1339 imponit,
1384 1263 1775 1341 praescribit,
1811 1263 2007 1337 iubet,
2054 1272 2220 1326 vetat

140 1348 307 1423 quod
350 1346 630 1408 videtur?
689 1347 792 1423 qui
834 1347 979 1407 nihil
1008 1345 1330 1422 imperanti
1373 1364 1601 1429 negare
1644 1355 1882 1424 potest,
1940 1347 2081 1408 nihil
2126 1364 2218 1408 re-

110 1497 111 1504 *
139 1447 357 1492 cusare
387 1432 612 1492 audet?
698 1429 932 1504 Poscit,
964 1431 1234 1492 dandum
1265 1438 1393 1492 est:
1437 1439 1651 1505 vocat,
1686 1431 2056 1493 veniendum
2089 1441 2215 1493 est:

136 1513 314 1588 eiicit‚
341 1514 689 1575 abeundum
714 1521 838 1575 est:
876 1513 1155 1588 minatur,
1182 1514 1704 1576 extimescendum
1731 1523 1844 1577 est.
1907 1516 2038 1591 Ego
2063 1532 2214 1577 vero

134 1597 319 1657 istum
341 1614 466 1658 non
497 1597 683 1658 modo
709 1614 988 1671 servum,
1030 1598 1142 1658 sed
1178 1596 1623 1674 nequissimum
1649 1616 1927 1672 servum,
1959 1598 2138 1660 etiam
2163 1599 2213 1659 si

136 1681 194 1740 in
219 1679 597 1757 amplissima
627 1680 848 1741 familia
878 1689 1057 1742 natus
1077 1680 1186 1756 sit,
1219 1684 1651 1758 appellandum
1675 1690 1849 1759 puto.
1918 1685 2126 1759 Atque
2147 1696 2214 1743 ut

135 1764 192 1824 in
227 1780 448 1840 magna
490 1764 713 1825 familia
743 1771 887 1826 sunt
924 1762 1022 1825 alii
1051 1764 1378 1838 lautioreS,
1430 1773 1498 1826 ut
1531 1766 1646 1827 sibi
1675 1767 1989 1839 videntur,
2020 1765 2212 1839 servi,

136 1848 249 1910 sed
273 1856 474 1911 tamen
501 1847 666 1911 servi
690 1848 1026 1923 [atrienses
1043 1866 1117 1910 ac
1136 1848 1418 1927 topiariiJ,
1445 1849 1595 1913 sicii
1618 1851 1751 1928 pari
1777 1848 2026 1912 stultitia
2051 1858 2211 1923 sunt,

138 1950 298 2007 quos
331 1932 536 2009 signa,
582 1951 741 2010 quos
792 1935 1067 2007 tabulae,
1110 1943 1274 2010 ‘quos
1319 1937 1618 1996 caelatum
1654 1943 2007 2012 argentum,
2052 1946 2210 2010 quos

139 2017 444 2078 Corinthia
481 2034 702 2094 opera,
763 2035 921 2094 quos
965 2017 1244 2078 aedificia
1286 2017 1611 2094 magnifica
1652 2018 1836 2080 nimio
1877 2034 2066 2095 opere
2110 2019 2211 2077 de·

136 2102 380 2161 lectant.
452 2104 562 2162 ‘At
601 2098 851 2163 sumus’
897 2101 1093 2178 inquit
1139 2101 1483 2178 ‘principes
1537 2101 1842 2163 civitatis?
1907 2104 2041 2162 Vos
2059 2117 2208 2162 vero

136 2199 213 2243 ne
244 2201 693 2245 conservorum
719 2187 966 2261 quidem
997 2193 1345 2246 vestrorum
1368 2185 1675 2263 principes
1705 2184 1877 2246 estis.
1951 2185 2052 2246 37.
2086 2184 2207 2245 Sed

138 2273 201 2326 ,ιι
231 2265 290 2326 ἰη
323 2265 545 2326 familia
578 2267 679 2343 qui
723 2269 1156 2342 tractantista,
1207 2268 1309 2344 qui
1340 2276 1613 2344 tergunt,
1658 2269 1761 2345 qui
1787 2279 2061 2349 ungunt,
2107 2266 2207 2343 qui

138 2359 408 2424 verrunt,
457 2349 560 2426 qui
606 2360 908 2426 spargunt
951 2370 1072 2414 non
1106 2352 1611 2414 honestissimum
1651 2354 1855 2414 locum
1898 2351 2207 2413 servitutis
2321 2363 2334 2369 ·

133 2440 369 2506 tenent,
420 2433 511 2495 sic
554 2432 613 2494 in
647 2434 918 2508 civitate,
971 2435 1075 2512 qui
1116 2452 1185 2497 se
1225 2434 1479 2497 istarum
1521 2453 1724 2498 rerum
1774 2434 2206 2513 cupiditatibus

133 2515 533 2592 dediderunt,
563 2516 760 2594 ipsius
795 2518 1110 2581 servitutis
1143 2522 1345 2581 locum
1376 2537 1576 2597 paene
1606 2520 1879 2580 infimum
1912 2519 2206 2581 obtinent.

104 2588 414 2674 *Magna’
464 2601 659 2677 inquit
717 2604 914 2664 ‘bella
968 2602 1168 2678 gessi:
1235 2604 1473 2680 magnis
1533 2603 1802 2679 imperiis
1853 2612 1915 2665 et
1965 2602 2209 2679 provin-

129 2683 238 2744 ciis
285 2683 572 2760 praefui.’
636 2687 794 2748 Gere
833 2685 1018 2762 igitur
1045 2685 1311 2748 animum
1366 2688 1550 2749 laude
1581 2687 1848 2765 dignum.
1919 2684 2207 2747 Echionis

130 2769 340 2828 tabula
390 2775 455 2827 te
505 2769 817 2847 stupidum
874 2769 1105 2832 detinet
1155 2777 1261 2831 aut
1311 2771 1552 2848 signum
1606 2771 1855 2847 aliquod
1907 2768 2205 2847 Polycliti.

127 2852 300 2912 Mitto
336 2851 500 2910 unde
516 2852 838 2915 sustuleris
865 2861 925 2914 et
951 2871 1074 2930 quo
1101 2856 1290 2916 modo
1318 2855 1569 2916 habeas.
1631 2857 1969 2916 Intuentem
1990 2861 2069 2926 te,
2102 2851 2207 2912 ad·

132 2931 476 3008 mirantem,
523 2937 826 2999 clamores
868 2938 1184 2999 tollentem
1220 2955 1405 3014 quum
1436 2937 1654 3013 video,
1695 2954 1942 2999 servum
1972 2944 2036 2997 te
2064 2952 2207 2997 esse

129 3014 493 3093 ineptiarum
552 3021 822 3083 omnium
876 3020 1102 3083 iudico.
1194 3019 1292 3082 38.
1358 3023 1608 3083 ‘Nonne
1658 3021 1843 3097 igitur
1894 3027 2039 3082 sunt
2090 3019 2205 3082 ista

130 3100 421 3163 festivaT’
503 3102 656 3165 Sint.
726 3106 875 3165 Nam
907 3122 1024 3166 nos
1052 3122 1304 3182 quoquc
1336 3108 1554 3168 oculos
1584 3105 1861 3167 eruditos
1884 3105 2205 3165 habemuS.

131 3182 252 3243 Sed
271 3232 286 3259 ,
325 3189 589 3250 obsecro
616 3196 710 3261 te,
757 3187 838 3248 ita
865 3196 1129 3251 venusta
1159 3190 1502 3250 habeantur
1523 3189 1668 3264 ista,
1710 3206 1833 3250 non
1863 3198 1932 3250 ut
1964 3186 2206 3248 vincula

138 3264 397 3331 virorum
444 3271 598 3346 sint,
651 3272 764 3333 sed
806 3279 873 3331 ut
921 3273 1368 3335 oblectamenta
1412 3289 1769 3350 puerorum.
1843 3270 1998 3346 Quid
2045 3270 2205 3332 enim

132 3355 395 3413 censes?
446 3354 500 3415 si
541 3355 609 3415 L.
657 3352 982 3416 Mummius
1032 3355 1297 3434 aliquem
1335 3356 1595 3419 istorum
1630 3356 1872 3417 videret
1911 3354 2205 3416 matellio-

134 3446 271 3491 nem
306 3434 674 3498 Corinthium
721 3436 1117 3513 cupidissime
1156 3448 1549 3515 tractantem,
1604 3456 1790 3516 quum
1832 3438 1971 3516 ipse
2013 3444 2203 3500 totam
