2381 3723
163 109 287 172 286
946 109 1446 170 FRAGMENTA.
2170 116 2261 174 9&

164 263 385 322 tuletur
420 271 481 321 et
518 260 575 321 in
613 259 858 321 minima
904 261 1263 321 descendat.
1347 274 1615 340 [Seneca
1657 291 1742 340 ep.
1788 274 1952 324 XVII.
1984 275 2034 337 ς.
2071 275 2125 325 2.
2176 287 2248 324 ex

161 344 444 407 Hortensio,
483 354 537 395 ut
570 346 805 411 opinatur
842 342 1093 410 Lipsius]

284 425 384 488 28.
431 428 769 488 Facessant
807 426 1000 502 igitur.
1035 443 1283 500 omneS,
1342 425 1446 501 qui
1497 427 1726 488 docere
1776 424 1921 485 nihil
1976 432 2260 501 possunt·

163 528 285 588 quo
319 510 536 577 melius
570 511 1034 586 sapientiusque
1068 510 1369 570 vivamuS.
1441 523 1710 591 [Nonius
1745 538 1799 588 p.
1841 520 1985 587 307.]

283 607 382 669 29.
428 607 990 684 Praecipiunthaec
1014 608 1132 682 isti,
1169 609 1284 679 sed
1310 608 1452 668 iacit
1481 623 1685 667 nemo.
1764 621 1926 687 [Idem
1964 638 2018 688 p.
2058 618 2203 682 3⁷2]

285 705 384 766 30.
433 705 506 764 Hi
537 704 732 766 nostri
753 704 930 765 amici
967 705 1465 766 verecundantur
1499 702 1661 780 capti
1696 704 2031 778 splendore
2055 701 2245 764 virtu·

158 788 258 852 tls.
327 802 492 869 [Idem
530 821 583 872 p.
624 802 769 869 480.]

283 890 384 952 31.
432 935 447 951 .
475 934 490 951 .
518 935 575 951 ..
606 890 829 951 deinde
883 891 1029 951 boni
1077 907 1285 953 mores
1333 898 1393 951 et
1441 888 1854 950 modestiores
1906 893 1969 946 et
2016 886 2098 946 ad
2145 901 2247 946 ca·

157 974 387 1051 pienda
426 982 758 1051 praecepta
788 974 1126 1036 molHores.
1201 989 1364 1056 [idem
1394 1005 1447 1055 p.
1487 987 1636 1055 254.]

280 1072 382 1136 32.
430 1118 445 1135 .
472 1121 486 1134 .
515 1120 529 1133 .
557 1119 572 1133 .
594 1083 663 1136 ut
698 1091 773 1136 ea
803 1073 920 1136 sibi
949 1074 1104 1136 ratio
1138 1091 1287 1134 vera
1317 1073 1628 1148 restituat,
1657 1088 1818 1148 quae
1849 1071 2252 1132 consuetudo

155 1157 385 1220 vitiosa
414 1159 767 1220 detraxerit.
841 1173 1004 1241 [Idem
1035 1190 1088 1242 p.
1128 1171 1278 1240 288.]

285 1255 388 1317 33.
433 1257 776 1320 Imbecillus
809 1266 1010 1320 autem
1043 1266 1140 1320 est
1172 1256 1428 1336 pudoris
1458 1253 1751 1332 magister
1777 1253 1990 1328 timor,
2029 1254 2153 1331 qui,
2191 1251 2247 1315 si

156 1341 408 1416 quando
445 1344 778 1419 paullulum
809 1343 1145 1417 aberravit,
1179 1338 1384 1404 statim
1415 1357 1529 1417 spe
1553 1338 1926 1417 impunitatis
1951 1340 2226 1400 exsultat

157 1421 327 1489 [Idem
363 1440 416 1489 p.
456 1425 557 1478 300
594 1425 700 1492 σῳ]

285 1507 451 1569 34..
479 1551 494 1567 .
524 1553 536 1567 .
561 1552 574 1565 .
598 1515 667 1569 ut
694 1508 779 1569 ait
807 1509 1074 1570 Ennius:

370 1591 815 1667 ..Refugiat
879 1593 1148 1654 timido
1210 1608 1557 1667 sanguen
1627 1598 1866 1667 atque
1924 1588 2248 1650 exalbe-

160 1755 570 1823 [Priscianus
607 1758 696 1812 lib.
719 1759 808 1810 vl.
849 1775 944 1826 cap
1012 1760 1095 1815 12.
1135 1680 1771 1825 §sggtpfnssgjlflertm
1846 1756 1992 1808 Cous.
2031 1754 2136 1806 Cic.
2178 1756 2247 1806 de

138 1825 242 1877 liu.
283 1826 371 1881 lib.
412 1827 476 1878 V.
515 1843 625 1894 cap.
670 1828 749 1879 11.
788 1829 840 1892 s.
880 1828 966 1884 31.
1005 1828 1135 1882 Νοη.
1176 1845 1230 1897 p.
1272 1826 1415 1895 224.]

284 1909 386 1971 35.
437 1912 732 1975 Ciceronis
760 1921 851 1973 est
878 1920 1132 1975 tractum
1166 1914 1243 1973 de
1258 1913 1656 1991 philosophis,
1687 1913 1794 1985 qui
1819 1905 2057 1971 dicunt.-
2104 1909 2244 1969 Sui·

70 2058 79 2066 ,
159 1996 346 2057 ficere
379 1996 455 2055 ad
486 1997 740 2072 gloriam
777 1997 1079 2059 benefacti
1118 1996 1580 2108 conscientiam.
1654 2008 1952 2077 [servius
1990 2009 2057 2058 ad
2090 2010 2242 2075 virg.

157 2081 225 2130 ad
261 2082 387 2130 Aen.
429 2080 518 2131 lib.
554 2081 644 2132 IX.
680 2096 729 2130 v.
768 2079 914 2147 254.]
1841 2113 1842 2116 =

283 2160 384 2223 36.
430 2162 521 2222 Ne
559 2161 621 2221 in
665 2158 1118 2224 continentibus
1173 2161 1422 2238 quidem
1466 2115 1646 2222 terris
1691 2154 1968 2221 vestrum
2014 2177 2243 2222 nomen

158 2244 392 2306 dilatari
430 2251 656 2319 potest·
729 2260 991 2324 [Nonius
1028 2278 1082 2328 p.
1128 2261 1275 2327 274]

284 2341 384 2403 37.
435 2341 637 2419 [Recte
685 2342 979 2404 Tullius
1032 2347 1309 2406 civiles
1348 2349 1569 2418 viros,
1628 2347 1733 2419 qui
1772 2360 1899 2405 rem
1933 2345 2245 2420 publicam

153 2426 503 2499 qubernent,
565 2429 671 2501 qui
713 2428 887 2488 urbes
937 2434 1045 2488 aut
1089 2445 1273 2489 novas
1332 2431 1689 2491 constituant
1743 2434 1850 2487 aut
1894 2431 2249 2489 constitutas

157 2510 450 2584 aequitate
479 2517 758 2571 tueantur
771 2557 785 2582 ,
831 2514 936 2586 qui
961 2516 1209 2574 salutem
1237 2515 1676 2589 libertatemque
1705 2514 1918 2573 civium
1950 2514 2046 2574 vel
2076 2514 2246 2574 bonis

154 2593 380 2668 leyibus
419 2598 512 2655 vel
558 2596 891 2656 salubribus
939 2598 1197 2656 consiliis
1247 2599 1338 2658 vel
1388 2598 1625 2658 iudiciis
1657 2597 1943 2671 ,omuibus
1987 2611 2244 2658 conser-

155 2686 315 2752 vent,
379 2679 794 2755 philosophiae
836 2679 1169 2740 doctoribus
1206 2681 1531 2756 praefer
1544 2680 1608 2757 t.]
1660 2681 1979 2753 Profecto,
2030 2684 2242 2756 inquit,

158 2762 356 2823 omnis
395 2762 649 2824 istorum
695 2762 1027 2838 disputatio
1074 2779 1444 2838 quamquam
1482 2764 1832 2825 uberrimos
1879 2766 2085 2825 fontes
2117 2764 2239 2824 vir-

157 2845 300 2905 tutis
334 2854 396 2906 et
427 2846 720 2908 scientiae
750 2845 1086 2919 contineat,
1139 2854 1342 2909 tamen
1379 2849 1602 2909 collata
1643 2865 1781 2910 cum
1822 2849 2038 2909 horum
2082 2848 2239 2910 actis

157 2930 572 3005 perfectisque
615 2931 800 2991 rebus
841 2946 1063 2991 vereor
1091 2947 1168 2990 ne
1204 2948 1328 2992 non
1368 2940 1600 2994 tantum
1634 2933 1915 2994 videatur
1954 2933 2239 2994 attulisse

155 3013 419 3089 negotiis
474 3014 788 3076 hominum
832 3013 1099 3076 utilitatis
1154 3024 1447 3092 quantum
1503 3016 1976 3080 oblectationem
2026 3034 2239 3093 quam-

156 3097 294 3158 dam
330 3097 456 3160 Otii.
524 3113 930 3182 [Lactantius
968 3116 1083 3165 inst.
1122 3115 1215 3165 lib.
1252 3115 1332 3165 111.
1372 3131 1489 3182 cap.
1533 3116 1614 3167 16.
1652 3119 1702 3179 S.
1741 3118 1790 3167 2.
1826 3124 1875 3166 et
1909 3113 2014 3181 5.]

279 3192 378 3254 38.
428 3196 859 3258 consolabitur
901 3214 1041 3258 eum
1089 3198 1442 3273 magnitudo
1486 3198 1669 3259 animi
1721 3206 1785 3260 et
1827 3200 2231 3259 humanarum

155 3274 514 3350 opinionum
546 3282 668 3339 alta
699 3281 996 3354 quaedam
1029 3281 1370 3358 despectio.
1431 3297 1699 3363 [Nonius
1737 3313 1788 3363 p.
1827 3293 1972 3359 288]

284 3356 388 3416 39.
433 3363 528 3421 An
573 3379 760 3436 quum
794 3361 996 3424 videat
1024 3382 1121 3426 me
1149 3372 1211 3445 et
1240 3382 1415 3427 meos
1448 3365 1735 3440 comites,
1791 3362 2228 3440 fortitudinem,
