2381 3723
139 132 269 195 402
562 129 861 190 INCERTI
895 127 1286 190 AUCTORIS
1320 126 1794 190 CONSOLATIO
2145 135 2249 188 212

142 281 380 343 invisos
423 282 610 341 habet
648 278 1052 355 gladiatores,
1103 278 1209 354 qui
1252 278 1415 339 omni
1456 280 1642 341 modo
1674 277 1860 339 vitam
1890 276 2246 350 impetrare

145 365 426 440 cupiunt,
476 366 643 424 favet
677 362 783 435 iis,
823 362 927 438 qui
958 368 1376 438 contemptum
1403 363 1536 423 eius
1573 378 1721 439 prae
1751 377 1821 422 se
1851 361 2103 432 ferunt,
2156 360 2243 420 iti·

144 450 285 509 dem
327 449 388 508 di
431 448 833 518 immortaleS,
881 446 934 507 si
978 463 1139 522 quos
1186 462 1265 505 ex
1307 445 1652 507 hominibus
1697 444 1874 505 nimis
1920 444 2122 503 anxie
2166 445 2243 503 de

142 531 265 591 vita
326 530 624 592 sollicitos
690 529 949 605 eiusque
1000 529 1230 591 exitum
1281 530 1695 591 detrectantes
1747 526 2093 602 aspiciant,
2166 527 2240 587 iis

142 614 347 690 aliquo
384 614 567 676 modo
605 620 1039 685 suscenseant,
1077 629 1190 673 eos
1220 629 1373 673 vero
1404 620 1467 674 et
1495 629 1675 674 caros
1703 612 1974 672 habeant
2004 617 2071 671 et
2104 628 2237 671 mu·

143 697 391 757 neribus
425 703 912 771 prosequantur,
947 695 1078 772 qui,
1115 696 1168 757 si
1200 696 1384 756 evita
1414 702 1783 757 revocentur
1802 693 1924 769 ipsi
1949 696 2052 753 vel
2076 712 2234 756 suos

141 779 420 840 revocari
450 778 729 849 videant,
772 780 1008 840 alacres
1036 779 1308 855 laetique
1337 781 1455 841 deo
1489 785 1746 856 pareant
1775 776 2057 852 nihilque
2091 795 2232 852 pro-

137 870 354 938 pterea
385 861 524 923 mali
555 860 672 923 sibi
702 861 1006 923 accidisse
1036 861 1325 924 iudicent.
1409 864 1597 925 XXX.
1649 862 1790 924 105.
1834 860 2022 936 Quod
2056 861 2114 921 si
2145 863 2228 921 fe·

144 945 338 1006 minas
386 943 772 1023 praestitisse
815 944 1240 1021 intelligimuS,
1299 964 1410 1008 cur
1446 945 1521 1008 iis
1566 943 2000 1007 imbecilliores
2039 952 2226 1019 atque

140 1029 509 1091 infirmiores
555 1028 748 1089 videri
788 1028 977 1089 velint
1018 1027 1173 1090 viri?
1260 1032 1471 1105 Neque
1504 1032 1705 1092 solum
1739 1044 1923 1088 unam
1955 1027 2225 1103 aliquam

141 1129 177 1172 e
208 1113 410 1174 multis
444 1112 756 1185 feminam,
802 1113 915 1173 sed
945 1119 1136 1174 totam
1164 1121 1410 1188 gentem
1441 1129 1515 1174 ac
1536 1113 1845 1175 nationem
1868 1118 1941 1172 ut
1961 1111 2225 1172 marium

139 1195 365 1257 virtute
422 1196 512 1258 sic
566 1195 922 1256 feminarum
978 1195 1200 1256 eximia
1242 1197 1507 1273 quadam
1564 1195 1981 1273 magnitudine
2040 1194 2226 1255 animi

142 1278 523 1355 praestitisse
564 1279 935 1355 accepimus.
1027 1278 1164 1341 106.
1208 1281 1522 1341 Lacaenas
1564 1280 1722 1341 enim
1754 1286 2077 1339 matronas
2110 1286 2226 1339 tra·

140 1362 328 1422 ditum
364 1373 459 1425 est
489 1361 713 1424 occisis
744 1362 881 1423 filiis
911 1364 1168 1425 vulnera
1196 1362 1505 1439 inspicere
1536 1363 1971 1436 consuevisse,
2017 1378 2129 1434 ac,
2173 1362 2223 1421 si

138 1446 442 1507 adversos
487 1447 841 1507 vulneratos
887 1462 1034 1507 esse
1065 1441 1544 1523 comperissent,
1598 1446 1999 1508 laetabundas
2033 1446 2221 1506 funus

141 1530 369 1589 ducere
399 1545 638 1604 eosque
678 1529 739 1589 in
771 1528 933 1589 avita
963 1531 1250 1604 sepulcra
1281 1531 1505 1591 inferre
1532 1531 1746 1592 solitas
1778 1545 1954 1602 esse,
2002 1536 2221 1590 contra

138 1626 286 1670 vero
306 1658 321 1681 ,
369 1627 527 1685 quos
558 1612 796 1672 aversis
831 1613 1185 1674 vulneribus
1218 1614 1507 1676 concisos
1537 1614 1990 1690 agnoscebant,
2037 1612 2120 1672 ab
2144 1612 2218 1671 iis

138 1692 511 1768 refugientes
555 1695 709 1754 clam
753 1695 1149 1772 sepeliendos
1186 1698 1484 1764 curabant
1512 1714 1626 1759 nec
1657 1700 1779 1758 ullo
1809 1712 2075 1773 prorsus
2110 1696 2216 1756 ho-

138 1792 291 1836 nore
320 1778 550 1839 funeris
581 1780 1055 1854 prosequendos
1087 1781 1456 1841 statuebant.
1545 1782 1805 1846 Tantum
1837 1780 1898 1840 in
1932 1778 2213 1840 femineis

138 1878 387 1937 quoque
417 1861 631 1922 animis
663 1865 853 1924 decus
890 1870 1133 1939 poterat
1164 1872 1226 1925 et
1254 1864 1520 1926 studium
1552 1865 1805 1941 gloriae.
1897 1863 2037 1923 107.
2085 1864 2214 1938 Qua

136 1959 215 2003 ex
257 1952 440 2019 gente
487 1946 667 2007 etiam
706 1946 854 2007 illud
886 1948 962 2006 ad
994 1964 1111 2008 nos
1140 1950 1524 2024 praeclarum
1553 1948 1915 2019 dimanavit,
1955 1954 2211 2007 matrem

139 2029 464 2101 quamdam
508 2029 697 2091 filium
741 2029 909 2092 senis
944 2033 1305 2093 confossum
1339 2032 1699 2099 vulneribus
1730 2032 2064 2093 intuentem
2095 2045 2211 2090 nec

135 2108 448 2183 ingemere
490 2113 769 2174 voluisse
805 2129 922 2174 nec
964 2130 1255 2176 coronam
1298 2133 1333 2177 e
1367 2116 1566 2192 capite
1600 2117 1947 2191 deponere,
1988 2115 2101 2175 sed
2131 2112 2206 2173 ad

139 2192 394 2254 comites
440 2211 804 2257 conversam
851 2196 933 2256 ita
968 2199 1263 2259 locutam:
1309 2201 1547 2275 Quanto
1579 2199 1850 2276 pulcrius
1884 2206 1946 2259 et
1978 2196 2205 2273 optabi-

134 2274 250 2335 lius
295 2283 391 2336 est
429 2278 487 2337 in
534 2279 666 2338 acie
705 2277 1002 2339 victorem
1046 2281 1305 2343 animam
1349 2281 1563 2344 efflare
1607 2300 1788 2357 quam
1829 2282 1889 2342 in
1923 2279 2203 2358 Olympio

136 2359 465 2420 certamine
511 2368 684 2436 parta
715 2359 974 2422 victoria
1015 2362 1256 2424 vivere!
1323 2368 1408 2427 At
1453 2366 1570 2427 alia
1621 2366 1805 2427 filium
1860 2365 1920 2426 in
1972 2362 2202 2440 proelio

131 2438 517 2502 interfectum
549 2443 834 2505 audiens:
878 2444 1146 2519 Idcirco,
1189 2447 1415 2524 inquit,
1456 2466 1818 2526 genueram,
1850 2457 1920 2510 ut
1947 2455 2204 2510 mortem

131 2538 246 2618 pro
293 2525 488 2599 patria
530 2526 772 2672 fort&
808 2531 1176 2590 occumbere
1217 2550 1340 2594 non
1385 2534 1709 2595 dubitaret.
1805 2533 2017 2595 XXXI.
2067 2527 2201 2591 108.

133 2608 289 2702 Quid
331 2607 422 2668 his
468 2609 646 2671 femin
769 2612 932 2674 acias
977 2621 1079 2675 aut
1114 2631 1238 2688 quo
1270 2633 1390 2677 non
1430 2619 1666 2679 honore
1696 2633 1770 2679 ac
1799 2613 2203 2693 gratulatione

74 2750 81 2753 ,
134 2691 352 2765 dlgnas
383 2701 595 2770 puteS,
640 2713 798 2770 quac
834 2697 912 2757 de
944 2696 1177 2772 patriae
1208 2699 1502 2775 dignitate
1530 2703 1733 2777 deque
1762 2700 1956 2776 gloria
1989 2696 2202 2761 sollici·

133 2779 230 2833 tae
277 2775 599 2838 honestam
643 2787 901 2842 mortem
944 2780 1136 2842 cuivis
1180 2784 1362 2845 saluti
1404 2800 1476 2844 ac
1517 2786 1688 2846 lucro
1729 2780 2200 2859 anteponerent!

129 2860 264 2931 Age
320 2875 498 2934 vero,
541 2879 686 2922 num
716 2863 1011 2925 Lacaenis
1044 2866 1458 2928 Romanarum
1491 2868 1680 2929 virtus
1714 2867 2008 2928 inferior?
2091 2865 2202 2924 Par

132 2940 427 3034 fortasse,
466 2942 586 3005 nisi
616 2946 786 3006 malis
822 2946 999 3008 etiam
1032 2948 1413 3026 superiorem
1446 2953 1774 3029 appellare.
1858 2951 2053 3026 Quam
2087 2951 2202 3009 for·

130 3028 207 3118 t¹.⁸
243 3026 401 3086 enim
435 3037 495 3088 et
525 3045 705 3103 quam
739 3030 1063 3106 magnifica
1092 3033 1193 3091 illa
1229 3034 1545 3095 Corneliae
1578 3052 1729 3108 vox,
1778 3050 1937 3110 quae
1971 3033 2201 3094 duode-

131 3121 287 3169 cimo
319 3109 436 3170 iam
469 3113 591 3172 fetu
621 3112 881 3186 amisso,
929 3132 1114 3188 quum
1143 3114 1446 3179 Tiberium
1477 3125 1540 3178 et
1575 3117 1788 3178 Gaium
1823 3116 1984 3178 filios
2019 3116 2199 3177 inter-

129 3190 327 3251 fectos
373 3194 813 3268 spectavisset,
860 3199 1026 3258 nullo
1072 3198 1292 3260 timore
1333 3203 1620 3277 perculsa
1661 3203 1955 3276 nulloque
1986 3200 2198 3260 dolore

128 3273 438 3332 confecta:
491 3277 863 3350 Numquam,
922 3279 1145 3353 inquit,
1202 3299 1318 3357 ego
1362 3299 1458 3342 me
1496 3301 1620 3345 non
1652 3283 1889 3344 felicem
1920 3280 2193 3350 dixerim,

122 3365 285 3419 quae
320 3354 629 3414 Gracchos
670 3360 1055 3433 pepererim,
1122 3363 1367 3425 Fortem
1399 3381 1549 3427 vero
1592 3365 1875 3427 feminam
1900 3372 1963 3427 et
2004 3362 2193 3427 cuivis
