2381 3723
128 109 258 175 274
892 109 1453 170 FRAGMENTUM.
2136 121 2208 176 84

133 278 344 323 narum
400 277 604 321 rerum
650 268 711 320 et
770 261 887 321 sub
929 259 1385 335 intelligentiam
1440 260 1786 320 cadentium
1832 277 2092 337 compos
2144 272 2209 324 et

132 346 472 421 particeps,
539 359 662 420 quo
729 343 872 403 nihil
925 344 1002 403 ab
1057 344 1285 420 optimo
1346 351 1407 404 et
1457 343 1985 419 praestantissimo
2036 347 2207 420 geni·

132 439 268 491 tore
304 428 519 489 melius
567 435 988 503 procreatum:
1055 427 1290 504 quippe
1330 427 1434 503 qui
1475 444 1554 487 ex
1598 428 1814 487 eadem
1845 427 2086 489 vinctus
2125 432 2210 490 al·

132 522 387 587 teraque
413 518 630 571 natura
657 510 944 572 adiuncta
973 511 1229 571 materia
1246 510 1694 587 temperatione
1720 511 1895 573 trium
1922 513 2209 588 partium,

130 595 532 672 proportione
578 603 966 672 compactuS,
1021 611 1092 655 se
1141 594 1279 670 ipse
1322 611 1736 669 conversans,
1787 613 1973 672 quum
2015 605 2208 657 mate·

130 672 280 738 riam
350 678 700 738 mutabilem
756 677 1129 754 adripuisset
1179 686 1245 739 et
1307 695 1496 754 quum
1548 695 1765 739 rursus
1831 679 2208 741 individuam

132 769 317 836 atque
349 762 714 838 simplicem,
767 778 881 838 per
919 779 992 822 se
1037 763 1237 822 omnis
1272 769 1557 824 movetur
1602 761 2018 839 discernitque
2058 764 2211 839 quid

133 845 213 906 sit
242 845 516 906 eiusdem
547 844 819 921 generiS‚
853 845 999 922 quid
1034 844 1287 907 alterius
1325 853 1387 906 et
1417 854 1663 907 caetera
1694 845 2014 920 diiudicat,
2057 848 2209 924 quid

134 928 353 1005 euique
384 929 475 989 rei
513 929 592 990 sit
633 928 895 990 maxime
936 937 1173 1006 aptum,
1230 929 1379 1006 quid
1415 946 1665 1005 quoque
1694 931 1834 992 loco
1881 939 1986 992 aut
2018 933 2207 992 modo

134 1019 239 1072 aut
272 1019 548 1088 tempore
588 1013 901 1089 contingat
939 1029 1225 1089 quaeque
1256 1013 1562 1074 distinctio
1606 1012 1686 1074 sit
1714 1013 1873 1075 inter
1902 1032 2003 1088 ea,
2046 1032 2207 1090 quae

131 1096 489 1171 gignantur,
542 1103 604 1156 et
648 1114 751 1170 ea,
804 1113 963 1172 quae
1004 1096 1128 1157 sint
1174 1113 1425 1173 semper
1464 1099 1702 1159 eadem.
1774 1098 1952 1160 Ratio
2001 1107 2208 1160 autem

131 1195 308 1253 vera,
352 1197 512 1255 quae
545 1188 832 1242 versatur
858 1180 921 1240 in
947 1180 1050 1253 iis,
1094 1197 1255 1256 quae
1286 1189 1431 1242 sunt
1469 1197 1714 1255 semper
1744 1183 1991 1256 eadem,
2041 1190 2104 1243 et
2145 1183 2207 1242 in

130 1262 236 1336 iis,
292 1280 451 1339 quae
497 1271 829 1340 mutantur,
892 1282 1076 1340 quum
1121 1264 1180 1324 in
1222 1266 1442 1326 eodem
1484 1272 1546 1325 et
1594 1265 1653 1324 in
1686 1267 1879 1327 altero
1923 1275 2208 1327 movetur

133 1345 266 1421 ipsa
303 1363 412 1420 per
453 1365 596 1409 sese
639 1348 773 1409 sine
814 1365 973 1410 voce
1015 1356 1078 1409 et
1107 1347 1242 1409 sine
1279 1350 1403 1409 ullo
1435 1365 1625 1422 sono,
1673 1367 1859 1423 quum
1894 1367 2032 1411 eam
2071 1368 2209 1427 par·

132 1440 251 1491 tem
296 1430 560 1505 attingit,
615 1448 738 1505 qua
778 1440 1002 1493 sensus
1055 1431 1202 1492 cieri
1242 1439 1479 1507 potest,
1533 1432 1700 1493 orbis
1744 1433 1903 1495 illius
1957 1434 2209 1510 generis

132 1513 380 1593 alterius
421 1516 770 1575 immutatus
813 1522 876 1574 et
915 1523 1121 1576 rectus
1154 1514 1361 1576 omnia
1394 1515 1596 1577 animo
1634 1517 1943 1594 mentique
1972 1521 2208 1580 denun-

132 1595 280 1668 ciat,
312 1602 436 1655 tum
461 1595 785 1672 opiniones
815 1598 1350 1675 adsensionesque
1379 1599 1591 1660 firmae
1614 1616 1925 1676 veraeque
1948 1601 2206 1678 gignun-

130 1689 245 1738 tur.
324 1679 520 1752 Quum
570 1688 772 1741 autem
808 1680 867 1740 in
914 1680 1029 1742 illis
1087 1682 1276 1743 rebus
1330 1683 1611 1756 vertitur,
1671 1701 1831 1759 quae
1883 1692 2218 1746 manentes-

131 1777 379 1838 semper
418 1764 675 1824 eaedem
732 1781 855 1825 non
911 1781 1128 1837 sensu,
1189 1767 1304 1826 sed
1347 1766 1738 1843 intelligentia
1796 1769 2206 1843 continentur,

130 1846 152 1921 [
153 1855 274 1907 tum
299 1849 686 1923 intelliyentia
711 1851 1072 1926 scientiaque
1096 1854 1433 1912 necessario
1459 1851 1762 1930 efficitur.]

937 2009 970 2039 ιιι
1140 2046 1172 2081 ¹⁸
1342 2002 1375 2038 *

268 2148 505 2215 [Excidit
540 2160 732 2204 tantum
764 2154 871 2205 fere
905 2156 1146 2205 orationis
1179 2155 1473 2206 Platonicae
1508 2164 1748 2219 quantum
1782 2173 1883 2208 una
1908 2160 2203 2225 complecti—

128 2227 210 2266 tur
245 2219 550 2283 pagina‘ed.
592 2220 679 2271 Ste
714 2222 796 2282 h.,
850 2225 938 2274 ubi
975 2223 1155 2274 ultima
1190 2232 1306 2274 ante
1337 2224 1470 2273 hanc
1506 2224 1739 2275 lacunam
1776 2229 1931 2278 verba
1967 2227 2203 2295 leguntur

128 2300 181 2349 p.
229 2287 312 2339 37.
364 2287 418 2338 G.
469 2284 607 2343 νοῦς
680 2282 929 2355 πιστήμη
963 2306 1024 2341 τε
1077 2283 1134 2353 ἐξ
1184 2284 1365 2357 ἀνάγκ
1410 2308 1439 2351 ς
1486 2285 1834 2345 ἐπιτελεῖται.
1907 2296 2026 2348 Post
2064 2314 2198 2348 eam·
2233 2349 2238 2354 ,

130 2355 243 2404 dem
280 2356 446 2421 prima
462 2369 530 2433 tp.
554 2354 639 2410 38.
677 2358 730 2406 C.
774 2359 857 2408 ed.
891 2358 965 2412 St.
1001 2360 1128 2409 haec
1164 2368 1308 2411 sunt:
1367 2308 1439 2422 ’ἐξ
1471 2349 1584 2415 οὖν
1615 2356 1786 2427 λόγου
1804 2359 1901 2414 καὶ
1938 2361 2205 2425 διανοίας

127 2420 277 2470 θεοῦ
309 2435 578 2485 τοιαυτης
611 2417 757 2489 πρὸς
790 2419 1004 2491 χρόνον
1039 2425 1264 2492 γένεσιν
1295 2423 1435 2496 vit-§.J
1903 2467 1906 2470 Δ

170 2539 173 2542 -
251 2506 350 2565 ΙΧ.
397 2507 656 2570 Ratione
697 2508 881 2586 igitur
914 2520 976 2573 et
1008 2521 1213 2575 mente
1254 2514 1460 2578 divina
1508 2518 1588 2578 ad
1637 2516 1930 2594 originem
1968 2525 2200 2595 tempo-

125 2589 209 2652 ris
234 2591 585 2667 [currentis]
612 2594 977 2657 curriculum
1008 2596 1323 2661 inventum
1347 2608 1445 2661 est
1466 2602 1617 2662 solis
1642 2609 1705 2662 et
1726 2604 1908 2662 lunae
1931 2615 2200 2683 [Nonius

123 2704 174 2753 p.
199 2688 313 2741 198.
319 2687 342 2755 J
374 2720 389 2736 .
415 2720 429 2735 .
454 2722 469 2735 .
496 2722 512 2737 .
547 2678 813 2756 Corpora
843 2688 1037 2742 autem
1074 2700 1277 2743 eorum
1310 2687 1675 2759 singulorum
1702 2704 1881 2761 quum
1914 2686 2204 2761 effecisset

121 2757 286 2830 deus,
315 2778 388 2820 ea
408 2763 497 2821 ad
514 2779 617 2823 eas
636 2768 1040 2827 conversiones
1059 2770 1390 2844 collocavit,
1415 2786 1567 2844 quas
1588 2773 1837 2831 alterius
1858 2774 2203 2833 mrcumitus

121 2844 479 2916 consistebat,
502 2856 806 2920 quaesunt
823 2856 1057 2924 septem,
1087 2858 1151 2911 ut
1168 2859 1228 2912 et
1242 2855 1347 2912 illa
1368 2860 1618 2928 septem:
1640 2858 1725 2914 ita
1747 2857 1860 2914 vim
1882 2873 2053 2916 suam
2077 2873 2200 2917 na·-

121 2932 260 2992 tura
284 2932 568 2988 convertit
579 2930 628 3006 ,]
684 2938 753 2992 ut
793 2933 1040 2994 Terram
1083 2935 1292 2996 Lunae
1345 2952 1564 2998 cursus
1619 2937 1898 3013 proxime
1941 2939 2202 3000 ambiret

122 3006 301 3083 eique
330 3026 520 3086 supra
553 3014 800 3075 Terram
843 3016 1125 3091 proxima
1155 3018 1320 3081 Solis
1352 3018 1785 3083 circumvectio
1819 3030 2009 3083 esset.
2085 3025 2200 3084 Lu·

116 3090 269 3151 citer
308 3093 530 3156 deinde
571 3103 632 3157 et
676 3106 892 3160 sancta
930 3100 1214 3162 Mercurii
1259 3105 1438 3164 stella
1482 3121 1727 3166 cursum
1776 3105 2004 3166 habent
2031 3106 2199 3168 Solis

121 3176 411 3237 celeritati
441 3194 683 3258 parem,
725 3184 838 3243 sed
868 3182 990 3244 vim
1024 3188 1350 3259 quamdam
1384 3188 1779 3262 contrariam,
1819 3205 2020 3265 eaque
2053 3206 2199 3252 con·

116 3260 502 3351 cursatione,
551 3281 732 3339 quam
768 3264 928 3326 inter
969 3285 1038 3328 se
1070 3269 1298 3330 habent
1317 3270 1596 3346 Lucifer,
1640 3272 2012 3346 Mercurius,
2065 3274 2195 3350 Sol,

119 3338 219 3394 alu
250 3340 405 3401 altos
435 3343 688 3407 vincunt
727 3347 1128 3426 vicissimque
1171 3354 1519 3415 vincuntur.
1600 3356 2000 3434 Reliquorum
2033 3358 2198 3419 side-
