2381 3723
204 164 268 220 17
813 155 976 214 CAP.
1015 166 1176 218 13—
1195 168 1277 218 15.
1322 165 1373 225 s.
1409 166 1673 220 44—51.
2162 159 2282 223 133

203 304 536 366 ‘ucundius
584 314 681 367 est
727 322 937 366 carere
983 322 1165 382 quam
1211 306 1343 366 frui.
1418 308 1793 382 Quamquam
1835 326 1957 370 non
2009 317 2176 370 caret
2211 311 2283 385 is,

201 388 310 465 qui
335 406 462 450 non
495 388 838 450 desiderat.
885 406 1033 483 ergo
1057 390 1175 449 hoc
1200 407 1320 451 non
1344 391 1701 452 desiderare
1738 392 1876 452 dico
1911 409 2054 453 esse
2078 392 2283 453 iucun-

198 473 363 534 dius,
453 471 555 532 48.
603 473 779 546 Quod
812 472 864 533 si
885 468 1024 533 istis'
1041 471 1201 548 ipsis
1218 474 1642 557 voluptatibus
1676 476 1838 537 bona
1867 482 2039 536 aetas
2071 476 2284 537 fruitur

199 554 525 628 libentius,
557 557 822 631 primum
848 557 1121 632 parvulis
1155 551 1372 618 fruitur
1402 559 1616 632 rebuS‚
1650 566 1717 620 ut
1741 558 2035 633 d1x1mus
2061 560 2283 621 deinde

198 639 309 713 iis,
370 638 594 714 quibus
639 646 929 702 senectus
983 639 1036 700 si
1078 659 1201 702 non
1250 642 1499 701 abunde
1548 643 1810 718 potitur,
1863 661 1985 704 non
2033 644 2279 705 omnino

200 728 394 785 caret.
479 723 558 784 Ut
590 723 898 830 Turpione
929 722 1215 788 Ambivio
1253 724 1445 800 magis
1480 726 1818 787 delectatur
1863 728 1977 802 qui
1996 727 2053 786 in
2087 728 2284 824 prima

200 822 399 868 cavea
446 814 746 902 spectats
775 809 1111 867 delectatur
1160 816 1361 869 tamen
1419 806 1597 868 etiam
1644 810 1746 886 qui
1797 810 1854 870 in
1901 810 2141 885 ultima,
2193 811 2282 871 sic

199 880 640 950 adolescentia
670 882 1021 967 voluptates
1057 900 1317 968 propter
1357 878 1599 954 intuens
1632 892 1824 969 magis
1859 896 2122 957 fortasse
2163 897 2283 954 lae

200 981 393 1046 tatur,
452 974 565 1033 sed
611 974 950 1035 delectatur
991 975 1173 1035 etiam
1228 982 1518 1037 senectus
1572 979 1787 1053 procul
1837 995 1944 1039 eas
1990 985 2279 1052 spectans

198 1052 438 1118 tantum
471 1065 773 1154 quantum
805 1065 902 1118 sat
947 1065 1061 1119 est.
1148 1058 1251 1120 49.
1297 1063 1381 1119 At
1414 1059 1515 1120 illa
1559 1060 1767 1157 quanti
1805 1071 1977 1135 sunt,
2019 1061 2280 1161 animum

198 1225 331 1297 niS,
354 1222 845 1303 inimicitiarum,
895 1219 1294 1302 cupiditatum
1329 1226 1595 1305 omnium
1628 1243 1840 1287 secum
1871 1244 2014 1288 esse
2046 1245 2278 1311 secum-

200 1325 355 1385 que,
411 1315 482 1369 ut
521 1307 767 1391 dicitur
819 1306 1086 1369 viverell
1125 1309 1189 1370 Si
1242 1327 1393 1372 vero
1442 1304 1627 1371 habet
1659 1310 1927 1385 aliquod
1972 1318 2280 1387 tamquam

200 1393 506 1472 pabulum
538 1356 955 1468 studi1⁷atque
998 1394 1344 1467 doctrinae,
1397 1393 1541 1455 nihil
1587 1402 1684 1455 est
1728 1394 1929 1455 otiosa
1964 1402 2280 1457 senectute

197 1475 550 1537 iucundius,
640 1475 1015 1548 Videbamus
1070 1477 1128 1537 in
1188 1440 1394 1540 studio
1455 1478 1805 1540 dimetiendi
1869 1494 2065 1555 paene
2132 1478 2278 1539 cael

201 1570 388 1636 atque
430 1569 630 1620 terrae
662 1561 724 1620 C.
758 1559 993 1620 Gallum
1035 1561 1388 1622 familiarem
1421 1563 1610 1639 patris
1652 1562 1766 1636 tui,
1809 1562 2050 1638 Scipio!
2124 1565 2279 1639 Quo·

202 1643 361 1703 tiens
394 1634 559 1729 illurn
590 1644 694 1703 lux
718 1652 906 1704 noctu
935 1644 1160 1720 aliquid
1197 1638 1547 1708 describere
1582 1646 1948 1722 ingressum,
1992 1648 2279 1722 quotiens

202 1743 329 1788 nox
391 1717 754 1807 oppressit,
794 1732 977 1803 quum
1031 1746 1211 1790 mane
1269 1731 1609 1807 coepisset!
1692 1731 1891 1804 Quam
1934 1695 2281 1792 'delectabat

203 1829 342 1873 eum
372 1802 752 1873 defectiones
785 1810 935 1874 solis
972 1820 1031 1873 et
1060 1815 1243 1875 lunae
1279 1817 1468 1878 multo
1502 1821 1644 1876 ante
1674 1814 1854 1875 nobis
1887 1815 2275 1891 praedicere*

199 1897 301 1956 50.
349 1894 505 1970 Quid
542 1894 609 1955 in
663 1895 995 1965 levioribus
1037 1897 1292 1977 studiis,
1354 1900 1468 1960 sed
1519 1897 1719 1959 tamen
1779 1898 2013 1959 acutis?
2086 1900 2275 1974 Quam

198 1979 513 2062 gaudebat
543 1979 704 2040 bello
737 1996 849 2040 suo
886 1980 1115 2043 Punico
1148 1981 1444 2043 Naevius!
1493 1998 1675 2056 quam
1706 1982 2077 2058 Truculento
2108 1984 2279 2041 Plau-

200 2070 330 2136 tus,
372 2078 558 2159 quam
589 2063 934 2125 Pseudolo!
1010 2064 1152 2125 Vidi
1186 2065 1366 2126 etiam
1399 2081 1627 2150 senem
1650 2063 1913 2137 Livium,
1958 2062 2062 2139 qui
2093 2080 2277 2140 quum

200 2163 316 2208 sex
349 2146 527 2208 annis
557 2153 699 2208 ante
730 2164 910 2223 quam
949 2166 1064 2225 ego
1100 2157 1277 2211 natus
1311 2165 1444 2209 sum
1474 2117 1736 2210 fabulam
1784 2146 2104 2208 docuisset
2134 2149 2278 2208 Cen·

200 2239 351 2292 tone
373 2219 802 2307 Tuditanoque
834 2232 1212 2306 consulibus,
1240 2248 1442 2308 usque
1469 2235 1547 2293 ad
1577 2231 2057 2310 adolescentiam
2082 2248 2278 2291 meam

201 2314 512 2392 processit
557 2322 775 2375 aetate.
850 2316 1004 2391 Quid
1038 2318 1115 2377 de
1147 2319 1213 2377 P
1260 2316 1470 2377 Licinii
1515 2317 1717 2389 Crassi
1767 2324 1826 2378 et
1877 2309 2170 2392 pontificii
2222 2322 2281 2374 et

202 2396 398 2459 civilis
434 2399 583 2461 iuris
615 2398 821 2475 studio
855 2402 1076 2480 loquar
1105 2410 1212 2461 aut
1235 2403 1312 2462 de
1344 2401 1523 2462 huius
1551 2403 1615 2462 P.
1653 2400 1992 2478 ScipioniS,
2049 2399 2152 2476 qui
2185 2398 2277 2459 his

199 2482 415 2558 paucis
484 2480 710 2544 diebus
749 2486 1035 2559 pontifex
1089 2484 1392 2547 maximus
1458 2487 1653 2545 factus
1704 2488 1840 2547 est?
1925 2483 2113 2560 Atqui
2167 2500 2278 2544 eos

201 2583 450 2639 omneS,
484 2583 643 2642 quos
677 2568 1186 2642 commemoravi,
1226 2569 1320 2630 his
1357 2568 1575 2629 studiis
1607 2569 1939 2642 flagrantes
1971 2584 2156 2628 senes
2198 2566 2280 2625 vi-

199 2650 421 2711 dimus.
497 2650 579 2709 M.
611 2667 760 2711 vero
798 2652 1158 2728 Cethegum,
1202 2668 1382 2728 quem
1417 2651 1582 2713 recte
1613 2650 1896 2711 ‘Suadae
1926 2651 2277 2711 medullam’

198 2733 350 2793 dixit
378 2733 641 2807 Ennius,
689 2741 920 2810 quanto
961 2736 1163 2797 studio
1204 2736 1480 2797 exerceri
1516 2735 1576 2796 in
1620 2733 1884 2795 dicendo
1917 2733 2279 2794 videbamus

197 2815 381 2877 etiam
428 2819 671 2878 senem!
748 2819 917 2893 Quae
959 2813 1102 2880 su'nt
1145 2819 1330 2896 igitur
1367 2822 1686 2898 epularum
1716 2825 1830 2880 aut
1860 2819 2141 2880 ludorum
2177 2826 2280 2879 aut

197 2905 550 2962 scortorum
593 2903 947 2977 voluptates
1002 2919 1139 2964 cum
1181 2903 1277 2964 his
1328 2903 1745 2981 voluptatibus
1787 2905 2280 2981 comparandae?

197 2988 405 3060 Atque
440 2984 594 3045 haec
625 2985 868 3060 quidem
903 2986 1107 3047 studia
1149 2987 1505 3061 doctrinam
1528 3005 1702 3064 -quae
1741 2990 1982 3065 quidem
2018 2989 2276 3066 pruden-

196 3068 358 3129 tibus
392 3075 455 3128 et
485 3069 645 3129 bene
688 3069 977 3131 institutis
1025 3070 1256 3147 pariter
1290 3089 1427 3132 cum
1471 3079 1668 3134 aetate
1705 3081 2019 3142 crescunt,
2079 3078 2147 3130 ut
2175 3071 2279 3128 ho-

198 3158 442 3213 nestum
487 3152 638 3213 illud
678 3152 928 3230 Splonis
984 3154 1089 3229 sit',
1149 3156 1316 3231 quod
1354 3155 1444 3220 ait
1490 3156 1796 3217 versiculo
1855 3155 2120 3228 quodam
2144 3200 2158 3225 ,
2214 3157 2281 3211 ut

198 3242 338 3295 ante
368 3235 526 3309 dixi,
582 3241 954 3299 ‘senescere
995 3255 1067 3299 se
1115 3241 1303 3300 multa
1342 3238 1404 3299 in
1448 3239 1581 3301 dies
1622 3237 2100 3333 addiscentem’,
2161 3252 2275 3310 qua

201 3321 517 3396 voluptate
549 3321 732 3386 animi
766 3323 933 3384 nulla
966 3330 1131 3383 certe
1167 3330 1378 3397 potest
1408 3340 1552 3383 esse
1583 3321 1796 3381 maior.

319 3404 455 3464 XV.
504 3405 606 3464 51.
694 3404 895 3467 Venio
941 3422 1106 3466 nunc
1153 3407 1231 3465 ad
1262 3407 1618 3478 voluptates
1662 3398 2099 3503 agricolarum,
2156 3395 2273 3466 qui·
