2381 3723
198 139 278 194 73
997 127 1499 190 FRAGMENTA.
2165 131 2290 196 263

200 282 364 342 bene
402 278 658 353 illustre,
690 278 960 355 fragilem
993 278 1435 355 supellectilem
1465 288 1652 357 atque
1682 296 1757 342 ea
1785 284 2058 357 postulat
2079 300 2288 361 opera,

200 380 373 442 (11136
398 365 565 424 multi
596 361 838 424 luminis
867 362 1159 438 Indigent.
1229 377 1629 444 [Columella
1657 382 1747 432 lib.
1779 380 1892 433 XII.
1918 398 2031 449 cap.
2058 385 2107 433 2.
2132 387 2183 448 §-
2208 382 2286 449 2.]

338 447 435 507 10.
493 460 888 542 [xenophon
926 458 1041 510 Oen.
1078 475 1195 526 cap.
1234 459 1287 515 9.
1324 463 1373 522 §-
1412 463 1626 530 6—10.]
1716 451 2102 527 Praeparatis
2157 452 2290 513 ido·

203 530 340 592 neis
381 530 535 591 locis
582 530 1051 590 instrumentum
1092 536 1154 589 et
1196 531 1635 606 supellectilem
1670 533 2038 595 distribuere
2081 537 2290 612 coepi-

205 631 345 675 mus
377 630 450 674 ac
483 613 741 690 primum
766 629 841 673 ea
873 611 1284 685 secrevimuS,
1320 613 1540 689 quibus
1570 617 1649 676 ad
1673 634 1775 679 res
1800 617 2040 679 divinas
2068 619 2156 680 uti
2186 636 2289 681 so-

203 701 431 759 lemus:
465 706 685 774 postea
720 696 1013 757 mundum
1044 695 1426 770 muliebrem,
1466 699 1570 774 qui
1610 701 1688 760 ad
1721 701 1854 762 dies
1891 703 2088 764 festos
2121 719 2287 764 com·

202 787 482 858 paratur,
527 781 752 843 deinde
780 780 862 840 ad
889 779 1050 840 bella
1096 779 1362 842 virilem:
1417 781 1560 841 item
1609 783 1844 845 dierum
1899 786 2286 848 sollemnium

202 871 491 926 ornatum
519 880 635 925 nec
668 864 869 941 minus
903 864 1319 924 calceamenta
1339 865 1582 940 utrique
1612 869 1793 928 sexui
1826 868 2283 931 convenientia=

201 956 332 1010 tum
362 948 478 1007 iam
504 964 786 1009 seorsum
809 963 978 1008 arma
1001 963 1074 1008 ac
1101 948 1219 1008 tela
1247 949 1709 1024 seponebantur
1730 951 1872 1012 etin
1898 955 2087 1013 altera
2112 962 2287 1029 parte

144 1067 149 1070 ’
198 1031 638 1106 instrumenta,
684 1030 906 1106 quibus
950 1031 1029 1090 ad
1069 1030 1334 1091 lanificia
1376 1039 1645 1093 utuntul.
1717 1033 1897 1109 Post,
1944 1035 2171 1111 quibus
2206 1038 2285 1097 ad

203 1115 409 1176 cibum
460 1117 941 1191 comparandum
992 1113 1160 1176 vasis
1222 1114 1310 1175 uti
1358 1117 1670 1191 adsolent,
1724 1117 2284 1181 constituebantur·

202 1199 381 1271 inde,
416 1214 573 1274 quae
605 1201 685 1258 ad
715 1197 1113 1271 lavationem,
1160 1214 1320 1273 quae
1364 1199 1445 1258 ad
1482 1201 1975 1276 exornationem,
2015 1219 2174 1277 quae
2203 1203 2284 1263 ad

202 1298 480 1343 mensam
525 1281 893 1343 cotidianam
939 1289 1123 1357 atque
1170 1280 1584 1357 epulationem
1629 1283 1963 1360 pertinent,
2012 1301 2285 1362 expone—

198 1366 441 1426 bantur.
515 1365 742 1426 Postea
783 1382 862 1426 ex
901 1363 1009 1438 iis,
1059 1364 1284 1440 quibus
1324 1365 1547 1426 cotidie
1595 1367 1847 1442 utimur,
1902 1369 2071 1443 quod
2119 1386 2285 1430 men-

200 1456 439 1510 struum
484 1455 680 1524 esset,
727 1448 1154 1525 seposuimuS,
1196 1465 1462 1510 annuum
1498 1467 1750 1527 quoque
1790 1451 1850 1511 in
1884 1453 2040 1513 duas
2077 1461 2284 1529 partes

198 1530 543 1593 divisimus.
600 1535 750 1594 Nam
785 1532 875 1593 sic
912 1531 1109 1592 minus
1141 1531 1294 1592 fallit
1330 1534 1431 1608 qui
1464 1534 1665 1595 exitus
1696 1537 1935 1596 futurus
1965 1536 2060 1596 sit.
2116 1538 2285 1598 Haec

203 1624 533 1692 postquam
577 1615 782 1676 omnia
811 1615 1222 1688 secrevimuS,
1259 1623 1385 1677 tum
1426 1634 1543 1679 suo
1584 1635 1869 1696 quaeque
1899 1621 2038 1681 loco
2076 1620 2318 1697 dispo·.

202 1699 464 1760 suimus:
498 1700 721 1760 deinde
753 1699 974 1774 quibus
1007 1698 1233 1761 cotidie
1260 1699 1490 1761 servuli
1520 1702 1803 1777 utuntur,
1840 1719 1999 1777 quae
2030 1704 2110 1764 ad
2139 1705 2285 1764 lani·

201 1783 344 1843 ficia
359 1829 373 1856 ‚
401 1799 560 1858 quae
584 1785 664 1844 ad
687 1783 914 1843 cibaria
939 1783 1267 1858 coquenda
1290 1789 1352 1843 et
1374 1783 1760 1847 conficienda
1785 1786 2107 1863 pertinent,
2131 1787 2285 1848 haec

200 1866 388 1943 ipsiS,
424 1867 527 1943 qui
565 1868 661 1929 his
693 1867 782 1928 uti
818 1869 1054 1940 solent,
1093 1866 1454 1929 tradidimus
1499 1876 1561 1929 et
1593 1868 1696 1928 ubi
1733 1885 1807 1930 ea
1847 1877 2152 1946 ponerent
2179 1871 2285 1931 de-

205 1950 683 2013 monstravimus
723 1958 787 2011 et
822 1958 890 2012 ut
929 1952 1104 2010 salva
1145 1958 1357 2011 essent
1400 1951 1846 2027 praecepimus
1909 1952 2138 2027 Quibus
2181 1969 2286 2013 au·

204 2041 330 2094 tem
374 2036 454 2096 ad
483 2034 618 2095 dies
665 2036 862 2096 festos
907 2041 969 2095 et
1011 2036 1087 2094 ad
1132 2033 1441 2110 hospitum
1478 2035 1807 2095 adventum
1845 2035 2069 2096 utimur
2111 2042 2173 2096 et
2206 2038 2285 2096 ad

206 2118 508 2192 quaedam
532 2134 671 2178 rara
694 2117 955 2193 negotia,
976 2117 1129 2177 haec
1154 2134 1373 2193 promo
1397 2115 1755 2178 tradidimus
1777 2125 1841 2178 et
1860 2120 1998 2179 loca
2014 2118 2281 2180 omnium

205 2201 764 2263 demonstravimus
795 2208 855 2263 et
877 2201 1081 2263 omnia
1102 2200 1639 2262 adnumeravimus
1669 2208 1856 2277 atque
1887 2202 2287 2263 adnumerata

200 2283 325 2359 ipsi
377 2284 821 2362 exscripsimus
873 2301 1138 2360 eumque
1198 2284 1659 2360 admonuimus,
1721 2292 1791 2346 ut
1848 2286 2285 2362 quodcumque

202 2383 366 2443 opus
403 2375 577 2430 esset
605 2372 793 2430 sciret
826 2370 991 2429 unde
1022 2370 1199 2429 daret
1237 2375 1300 2429 et
1329 2366 1707 2429 meminisset
1747 2376 1934 2445 atque
1963 2370 2289 2432 adnotaret

206 2450 358 2527 quid
390 2459 452 2512 et
474 2452 721 2528 quando
755 2459 817 2513 et
839 2450 938 2513 cui
969 2452 1247 2514 dedisset
1278 2459 1363 2524 et,
1401 2469 1587 2527 quum
1614 2453 1985 2538 recepisset,
2021 2460 2090 2514 ut
2114 2453 2287 2528 quid·

204 2552 331 2611 que
353 2551 468 2596 suo
500 2538 639 2598 loco
669 2543 1018 2612 reponeret.
1108 2547 1497 2617 [columella
1533 2548 1764 2600 111).le
1802 2566 1916 2631 cap.
1944 2551 1995 2604 3.
2027 2555 2074 2616 S.
2104 2549 2284 2616 1—4.]

343 2620 439 2679 11
506 2632 901 2713 [Xenophon
935 2630 1052 2682 Oee.
1092 2648 1207 2697 cap.
1242 2632 1295 2685 9.
1331 2632 1381 2693 S.
1418 2628 1526 2700 11.]
1627 2615 1693 2675 In
1742 2617 1953 2693 primis
2003 2621 2287 2680 couside-

200 2702 462 2762 randum
495 2702 608 2763 erit
630 2719 705 2762 an
731 2718 768 2761 a
790 2700 954 2773 vino,
985 2701 1061 2760 ab
1091 2699 1283 2782 65615,
1317 2715 1353 2759 a
1381 2696 1948 2775 superstitionibuS,
1978 2717 2015 2759 a
2041 2718 2285 2773 somne,

200 2801 243 2845 a
279 2783 426 2846 viris
467 2784 881 2846 remotissima
921 2782 1002 2845 sit
1044 2791 1106 2845 et
1145 2791 1214 2845 ut
1256 2799 1403 2843 cura
1443 2797 1577 2843 eam
1624 2782 1843 2843 subeat
1890 2784 2036 2859 quid
2079 2784 2287 2845 memi-

201 2866 404 2942 nisse,
436 2868 629 2944 quid
613 2886 674 2929 m
711 2875 1028 2946 posterum
1051 2866 1413 2944 prospicere
1436 2865 1689 2938 debeat,
1724 2873 1791 2926 ut
1821 2868 1950 2928 fere
1980 2885 2121 2929 eum
2156 2885 2286 2929 mo-

201 2966 334 3010 rem
383 2959 616 3024 servet,
676 2968 860 3028 quem
904 2949 1084 3013 vilico
1132 2950 1589 3027 praecepimuS,
1646 2950 1934 3023 quoniam
1993 2954 2286 3027 pleraque

203 3032 426 3095 similia
456 3052 601 3097 esse
630 3036 862 3096 debent
897 3035 958 3095 in
1001 3034 1132 3096 viro
1177 3042 1363 3110 atque
1403 3031 1625 3093 femina
1669 3039 1732 3093 et
1772 3041 1897 3095 tam
1937 3037 2162 3095 malum
2193 3035 2287 3093 vi·

199 3125 339 3179 tare
375 3136 559 3194 quam
592 3120 934 3196 praemium
966 3125 1136 3179 recte
1169 3119 1472 3178 factorum
1515 3131 1786 3191 sperare.
1884 3129 2287 3197 [columella

196 3215 295 3265 111).
335 3215 447 3265 x11.
486 3231 599 3282 cap.
640 3219 684 3269 1
723 3220 774 3281 s.
810 3216 887 3283 3.]

337 3282 433 3343 1.2
491 3299 882 3367 [Xenophon
915 3298 1033 3351 066.
1073 3314 1185 3363 cap.
1222 3297 1275 3351 9.
1309 3299 1359 3360 §-
1404 3298 1509 3365 14.]
1588 3282 1907 3344 Postremo
1953 3282 2045 3343 his
2098 3284 2284 3344 rebus

198 3366 490 3429 omnibus
525 3368 878 3431 constitutis
919 3367 1065 3429 nihil
1106 3368 1264 3427 hanc
1306 3365 1571 3430 arbitror
1609 3364 2099 3484 distributionem
2146 3363 2286 3441 pro-

2237 3525 2288 3566 f*
