2381 3723
682 183 825 243 LlB.
864 185 906 242 1.
957 184 1127 244 CAP.
1163 191 1419 246 18-—202
1464 192 1514 252 S.
1549 193 1811 247 61—68.
2193 185 2268 247 21

197 334 443 410 publico
490 350 566 395 ac
614 334 880 411 legitimo
923 332 1057 394 iure
1093 333 1430 410 patiantur,
1483 333 1915 410 exsistuntque
1954 332 2014 395 in
2057 353 2125 396 re
2171 355 2278 413 pu·

197 417 355 478 blica
385 419 754 494 plerumque
795 416 1116 494 largitores
1159 426 1221 479 et
1261 415 1530 491 factiosi,
1580 424 1648 478 ut
1691 434 1846 493 opes
1880 435 2061 495 quam
2092 420 2252 479 maxi

195 518 327 562 mas
364 510 830 577 consequantur
863 509 925 563 et
953 501 1076 562 sint
1111 501 1168 561 vi
1201 501 1408 578 potius
1448 499 1806 577 superiores
1839 519 2024 577 quam
2053 501 2279 564 iustitia

192 601 404 661 pares.
491 585 619 646 Sed
662 601 787 661 quo
836 583 1174 659 difficilius,
1217 585 1339 646 hoc
1378 586 1775 661 praeclarius.
1847 587 2084 648 Nullum
2117 585 2278 647 enim

192 677 289 730 est
311 670 559 745 tempus
587 670 756 744 quod
782 667 1012 730 iustitia
1035 685 1260 729 vacare
1291 670 1532 730 debeat.
1622 668 1724 730 65.
1768 669 1986 733 Fortes
2011 669 2196 748 igitur
2219 681 2276 731 et

194 751 566 828 magnanimi
589 762 734 813 sunt
761 752 1030 814 habendi
1060 769 1185 813 non
1221 751 1327 827 qui
1345 753 1603 824 faciunt,
1630 755 1746 814 sed
1778 752 1880 828 qui
1908 757 2278 832 propulsant

192 834 496 897 iniuriam.
572 838 740 898 Vera
761 844 965 898 autem
997 844 1060 898 et
1079 837 1332 913 sapiens
1357 835 1540 897 animi
1568 836 1922 912 magnitudo
1948 839 2276 900 honestum

189 919 375 993 illud,
411 919 582 996 quod
614 919 880 981 maxime
913 926 1130 982 natura
1158 920 1468 996 sequitur,
1514 919 1576 980 in
1613 920 1787 982 factis
1817 920 2118 998 positum,
2150 938 2274 982 non

188 1004 254 1064 in
284 1003 483 1079 gloria
515 1002 742 1065 iudicat
779 1003 1247 1082 principemque
1284 1021 1357 1066 se
1387 1020 1531 1065 esse
1574 1006 1803 1065 mavult
1842 1021 2024 1081 quam
2056 1004 2274 1066 videri.

192 1086 436 1148 Etenim
468 1087 574 1163 qui
613 1104 694 1149 ex
726 1104 938 1149 errore
968 1088 1285 1164 imperitae
1326 1086 1727 1150 multitudinis
1756 1090 2011 1165 pendet,
2070 1089 2173 1148 hic
2214 1089 2274 1148 in

190 1170 438 1247 magnis
469 1170 621 1231 viris
664 1189 788 1234 non
828 1179 928 1234 est
954 1173 1301 1234 habendus.
1380 1169 1688 1233 Facillime
1718 1181 1918 1233 autem
1948 1174 2028 1233 ad
2062 1189 2164 1233 res
2186 1170 2273 1232 in-

190 1255 394 1317 iustas
440 1253 802 1332 impellitur,
850 1263 919 1318 ut
965 1256 1231 1332 quisque
1284 1255 1581 1317 altissimo
1623 1255 1823 1316 animo
1865 1263 1995 1330 est,
2043 1254 2276 1331 gloriae

189 1338 562 1415 cupiditate:
611 1339 714 1416 qui
746 1341 919 1402 locus
953 1347 1055 1402 est
1093 1356 1246 1401 sane
1274 1339 1579 1414 lubricus,
1619 1341 1789 1416 quod
1821 1339 1925 1400 vix
1953 1338 2276 1413 invenitur,

190 1424 299 1500 qui
331 1421 650 1485 laboribus
680 1423 992 1501 susceptis
1021 1423 1436 1500 periculisque
1466 1423 1645 1485 aditis
1687 1442 1809 1486 non
1841 1423 2019 1500 quasi
2049 1438 2253 1484 merce

190 1508 338 1568 dem
378 1524 586 1568 rerum
618 1515 932 1585 gestarum
963 1509 1277 1569 desideret
1303 1508 1578 1585 gloriam.

282 1594 287 1599 ’
315 1592 449 1653 XX.
482 1591 599 1653 66.
691 1591 949 1654 Omnino
973 1591 1149 1654 fortis
1179 1592 1420 1653 animus
1451 1601 1513 1654 et
1538 1609 1795 1668 magnus
1823 1593 2064 1654 duabus
2087 1593 2267 1658 rebus

190 1675 462 1736 maxime
493 1675 792 1750 cernitur,
847 1692 1105 1752 quarum
1139 1694 1263 1738 una
1303 1676 1363 1737 in
1405 1694 1609 1738 rerum
1654 1682 2044 1737 externarum
2074 1675 2276 1752 despi-

190 1757 421 1820 cientia
472 1759 753 1836 ponitur,
807 1778 996 1835 quum
1036 1777 1406 1837 persuasum
1454 1767 1550 1822 est
1600 1758 1743 1821 nihil
1795 1759 2098 1821 hominem
2159 1758 2273 1820 nisi

193 1845 369 1920 quod
399 1842 732 1906 honestum
761 1844 1185 1922 decorumque
1220 1843 1300 1907 sit
1332 1853 1436 1906 aut
1463 1844 1748 1906 admirari
1779 1852 1884 1905 aut
1916 1851 2135 1920 optare
2171 1851 2278 1904 aut

190 1936 494 2003 expetere
539 1935 832 2001 oportere
874 1928 1147 2004 nullique
1193 1946 1394 2003 neque
1434 1929 1664 1990 homini
1707 1944 1911 2003 neque
1963 1928 2274 2000 perturba-

190 2010 348 2073 tioni
391 2010 578 2071 animi
624 2027 740 2072 nec
781 2013 1065 2073 fortunae
1108 2013 1531 2073 succumbere.
1605 2013 1815 2071 Altera
1861 2018 1959 2069 est
2002 2027 2135 2083 reS,
2189 2016 2274 2081 ut,

191 2112 384 2171 quum
408 2094 495 2155 ita
527 2094 615 2155 sis
639 2096 919 2157 adfectus
940 2096 1142 2157 animo
1159 2143 1174 2168 ,
1205 2106 1489 2171 utsupra
1511 2094 1665 2169 dixi,
1686 2109 1789 2154 res
1814 2110 1997 2169 geras
2020 2109 2275 2168 magnas

188 2178 330 2239 illas
383 2177 632 2254 quidem
681 2186 743 2239 et
791 2178 1053 2242 maxime
1084 2178 1296 2253 utileS,
1348 2178 1463 2239 sed
1502 2185 1572 2240 ut
1609 2178 2006 2239 vehementer
2049 2177 2275 2238 arduas

190 2265 543 2340 plenasque
585 2263 863 2323 laborum
908 2271 971 2324 et
1009 2262 1421 2340 periculorum
1464 2280 1649 2338 quum
1691 2262 1851 2323 vitae
1893 2270 2021 2322 tum
2062 2262 2277 2322 multa·

191 2363 331 2407 rum
389 2362 628 2419 rerum,
682 2362 840 2421 quae
880 2348 959 2407 ad
1004 2346 1186 2407 vitam
1240 2345 1563 2423 pertinent.
1652 2348 1753 2407 67.
1798 2347 2029 2407 Harum
2070 2362 2275 2406 rerum

192 2432 457 2491 duarum
489 2430 818 2506 splendor,
870 2429 1069 2492 omnis
1121 2429 1487 2507 amplitudo,
1529 2432 1693 2493 addo
1726 2428 1905 2491 etiam
1940 2428 2274 2499 utilitatem,

192 2512 256 2573 in
296 2512 648 2588 posteriore
700 2522 824 2588 est,
884 2530 1073 2574 causa
1112 2522 1314 2576 autem
1367 2522 1431 2575 et
1483 2514 1636 2575 ratio
1689 2513 1964 2576 efficiens
2016 2528 2276 2590 magnos

196 2596 368 2657 viros
402 2595 462 2656 in
499 2594 724 2671 priore.
798 2600 865 2658 ln
897 2613 973 2658 eo
1006 2605 1104 2658 est
1133 2598 1292 2658 enim
1323 2597 1502 2672 illud,
1546 2598 1718 2674 quod
1747 2598 2121 2658 excellentes
2153 2595 2276 2656 ani·

193 2697 335 2745 mos
366 2687 428 2741 et
468 2680 735 2740 humana
780 2689 1248 2744 contemnentes
1286 2680 1449 2742 facit.
1521 2682 1605 2741 ld
1621 2688 1823 2741 autem
1850 2677 2054 2755 ipsum
2086 2679 2275 2739 cerni·

193 2771 299 2824 tur
331 2762 395 2823 in
431 2764 708 2839 duobuS,
750 2763 806 2826 si
835 2773 898 2825 et
927 2767 1127 2827 solum
1171 2764 1271 2839 id,
1316 2765 1487 2841 quod
1528 2765 1856 2825 honestum
1896 2762 2003 2838 sit,
2046 2764 2276 2824 bonum

193 2846 437 2909 iudices
482 2855 546 2908 et
586 2848 665 2907 ab
707 2847 874 2908 omni
914 2848 1098 2909 animi
1136 2848 1600 2926 perturbatione
1653 2847 1808 2909 liber
1844 2846 1956 2909 sis.
2026 2849 2173 2910 Nam
2216 2855 2279 2907 et

193 2947 299 3003 ea,
349 2946 512 3008 quae
536 2930 758 2992 eximia
786 2930 1098 3008 plerisque
1129 2939 1193 2992 et
1229 2934 1546 3010 praeclara
1586 2930 1900 3006 videntur,
1948 2949 2140 3009 parva
2169 2932 2278 2992 du·

198 3030 342 3076 cere
377 3031 576 3089 eaque
605 3014 843 3076 ratione
880 3015 1081 3076 stabili
1121 3015 1422 3094 firmaque
1454 3024 1844 3078 contemnere
1884 3016 2059 3078 fortis
2094 3013 2278 3076 animi

197 3097 532 3174 magnique
556 3098 902 3160 ducendum
940 3105 1040 3160 est
1078 3106 1140 3159 et
1170 3115 1275 3173 ea,
1320 3116 1478 3176 quae
1500 3099 1790 3161 videntur
1820 3100 2072 3171 acerba,
2118 3112 2277 3172 quae

196 3184 388 3242 multa
431 3189 494 3241 et
532 3181 703 3241 varia
751 3180 811 3242 in
853 3181 1168 3244 hominum
1213 3183 1340 3244 vita
1381 3186 1744 3259 fortunaque
1787 3188 2141 3252 versantur,
2196 3178 2279 3238 ita

198 3268 387 3334 ferre,
434 3271 502 3325 ut
545 3264 688 3326 nihil
719 3282 756 3325 a
777 3273 942 3328 statu
972 3274 1229 3327 naturae
1260 3265 1579 3340 discedas,
1614 3264 1754 3326 nihil
1787 3280 1825 3323 a
1858 3263 2147 3337 dignitate
2185 3277 2255 3319 sa

199 3346 444 3424 pientis,
485 3348 723 3410 robusti
754 3346 936 3410 animi
973 3357 1071 3411 est
1095 3366 1482 3425 magnaeque
1507 3343 1908 3409 constantiae.
1996 3342 2097 3402 68.
2143 3344 2273 3400 Non

197 3439 295 3492 est
348 3439 554 3492 autem
608 3440 1123 3505 consentaneum,
1194 3431 1299 3505 qui
1347 3436 1515 3491 metu
1563 3443 1688 3488 non
1742 3425 2083 3518 frangatur.
2136 3434 2274 3477 eum
