<?xml version="1.0" encoding="UTF-8"?>
<!DOCTYPE html PUBLIC "-//W3C//DTD XHTML 1.0 Transitional//EN"
    "http://www.w3.org/TR/xhtml1/DTD/xhtml1-transitional.dtd">
<html xmlns="http://www.w3.org/1999/xhtml" xml:lang="en" lang="en">
 <head>
  <title>
</title>
<meta http-equiv="Content-Type" content="text/html;charset=utf-8" />
  <meta name='ocr-system' content='tesseract 3.04.00' />
  <meta name='ocr-capabilities' content='ocr_page ocr_carea ocr_par ocr_line ocrx_word'/>
</head>
<body>
  <div class='ocr_page' id='page_1' title='image "./scriptaquaemans01wesegoog_0446.png"; bbox 0 0 2381 3723; ppageno 0'>
   <div class='ocr_carea' id='block_1_1' title="bbox 82 81 2165 147">
    <p class='ocr_par' dir='ltr' id='par_1_1' title="bbox 82 81 2165 147">
     <span class='ocr_line' id='line_1_1' title="bbox 82 81 2165 147; baseline -0.001 0"><span class='ocrx_word' id='word_1_1' title='bbox 82 84 211 147; x_wconf 81' lang='lat'>424</span> <span class='ocrx_word' id='word_1_2' title='bbox 503 84 805 145; x_wconf 81' lang='lat' dir='ltr'>INCERTI</span> <span class='ocrx_word' id='word_1_3' title='bbox 836 82 1222 144; x_wconf 88' lang='lat' dir='ltr'><strong>AUCTORIS</strong></span> <span class='ocrx_word' id='word_1_4' title='bbox 1254 81 1729 143; x_wconf 78' lang='lat' dir='ltr'><strong>CONSULATIO</strong></span> <span class='ocrx_word' id='word_1_5' title='bbox 2067 89 2165 144; x_wconf 71' lang='lat'>234</span> 
     </span>
    </p>
   </div>
   <div class='ocr_carea' id='block_1_2' title="bbox 64 232 2166 3406">
    <p class='ocr_par' dir='ltr' id='par_1_2' title="bbox 64 232 2166 3240">
     <span class='ocr_line' id='line_1_2' title="bbox 81 232 2162 307; baseline -0.001 -12"><span class='ocrx_word' id='word_1_6' title='bbox 81 243 252 307; x_wconf 88' lang='lat' dir='ltr'>runt,</span> <span class='ocrx_word' id='word_1_7' title='bbox 282 234 712 296; x_wconf 87' lang='lat' dir='ltr'>eos&#39;licebitne</span> <span class='ocrx_word' id='word_1_8' title='bbox 745 236 916 295; x_wconf 91' lang='lat' dir='ltr'>caelo</span> <span class='ocrx_word' id='word_1_9' title='bbox 957 250 1100 294; x_wconf 92' lang='lat' dir='ltr'>esse</span> <span class='ocrx_word' id='word_1_10' title='bbox 1132 234 1453 307; x_wconf 80' lang='lat' dir='ltr'>privatos?</span> <span class='ocrx_word' id='word_1_11' title='bbox 1544 232 1681 295; x_wconf 85' lang='lat'><strong>189.</strong></span> <span class='ocrx_word' id='word_1_12' title='bbox 1724 232 1870 292; x_wconf 85' lang='lat' dir='ltr'>Mihi</span> <span class='ocrx_word' id='word_1_13' title='bbox 1900 248 2056 293; x_wconf 86' lang='lat' dir='ltr'>vero</span> <span class='ocrx_word' id='word_1_14' title='bbox 2089 247 2162 292; x_wconf 87' lang='lat' dir='ltr'>eo</span> 
     </span>
     <span class='ocr_line' id='line_1_3' title="bbox 80 315 2164 394; baseline -0.002 -15"><span class='ocrx_word' id='word_1_15' title='bbox 80 317 302 380; x_wconf 89' lang='lat' dir='ltr'>iustius</span> <span class='ocrx_word' id='word_1_16' title='bbox 338 317 400 378; x_wconf 91' lang='lat' dir='ltr'>in</span> <span class='ocrx_word' id='word_1_17' title='bbox 443 320 615 379; x_wconf 90' lang='lat' dir='ltr'>caelo</span> <span class='ocrx_word' id='word_1_18' title='bbox 659 317 943 378; x_wconf 91' lang='lat' dir='ltr'>collocati</span> <span class='ocrx_word' id='word_1_19' title='bbox 985 317 1302 392; x_wconf 88' lang='lat' dir='ltr'>videntur,</span> <span class='ocrx_word' id='word_1_20' title='bbox 1346 335 1470 394; x_wconf 90' lang='lat' dir='ltr'>quo</span> <span class='ocrx_word' id='word_1_21' title='bbox 1507 316 1730 377; x_wconf 88' lang='lat' dir='ltr'>clarior</span> <span class='ocrx_word' id='word_1_22' title='bbox 1756 332 1972 377; x_wconf 87' lang='lat' dir='ltr'>eorum</span> <span class='ocrx_word' id='word_1_23' title='bbox 2008 315 2164 375; x_wconf 89' lang='lat' dir='ltr'>inter</span> 
     </span>
     <span class='ocr_line' id='line_1_4' title="bbox 79 398 2162 474; baseline -0.002 -12"><span class='ocrx_word' id='word_1_24' title='bbox 79 402 360 465; x_wconf 86' lang='lat' dir='ltr'>homines</span> <span class='ocrx_word' id='word_1_25' title='bbox 404 404 503 462; x_wconf 91' lang='lat' dir='ltr'>vel</span> <span class='ocrx_word' id='word_1_26' title='bbox 546 401 737 462; x_wconf 83' lang='lat' dir='ltr'><strong>eluxit</strong></span> <span class='ocrx_word' id='word_1_27' title='bbox 777 400 1105 462; x_wconf 85' lang='lat' dir='ltr'>liberalitas</span> <span class='ocrx_word' id='word_1_28' title='bbox 1144 402 1245 461; x_wconf 92' lang='lat' dir='ltr'>vel</span> <span class='ocrx_word' id='word_1_29' title='bbox 1284 401 1480 463; x_wconf 91' lang='lat' dir='ltr'>virtus</span> <span class='ocrx_word' id='word_1_30' title='bbox 1524 400 1755 461; x_wconf 86' lang='lat' dir='ltr'>enituit.</span> <span class='ocrx_word' id='word_1_31' title='bbox 1817 399 1966 474; x_wconf 80' lang='lat' dir='ltr'>Quis</span> <span class='ocrx_word' id='word_1_32' title='bbox 2003 398 2162 459; x_wconf 89' lang='lat' dir='ltr'>enim</span> 
     </span>
     <span class='ocr_line' id='line_1_5' title="bbox 76 482 2163 560; baseline -0.001 -15"><span class='ocrx_word' id='word_1_33' title='bbox 76 487 344 546; x_wconf 84' lang='lat' dir='ltr'>Hercule</span> <span class='ocrx_word' id='word_1_34' title='bbox 378 485 622 555; x_wconf 82' lang='lat' dir='ltr'>sortior,</span> <span class='ocrx_word' id='word_1_35' title='bbox 684 484 822 560; x_wconf 90' lang='lat' dir='ltr'>quis</span> <span class='ocrx_word' id='word_1_36' title='bbox 869 484 1259 560; x_wconf 78' lang='lat' dir='ltr'>prudentior,</span> <span class='ocrx_word' id='word_1_37' title='bbox 1298 485 1435 559; x_wconf 90' lang='lat' dir='ltr'>quis</span> <span class='ocrx_word' id='word_1_38' title='bbox 1487 486 1564 545; x_wconf 86' lang='lat' dir='ltr'>ab</span> <span class='ocrx_word' id='word_1_39' title='bbox 1614 483 1780 545; x_wconf 89' lang='lat' dir='ltr'>omni</span> <span class='ocrx_word' id='word_1_40' title='bbox 1830 482 2163 557; x_wconf 79' lang='lat' dir='ltr'>cupiditate</span> 
     </span>
     <span class='ocr_line' id='line_1_6' title="bbox 79 566 2161 644; baseline -0.001 -14"><span class='ocrx_word' id='word_1_41' title='bbox 79 569 411 631; x_wconf 80' lang='lat' dir='ltr'>remotior?</span> <span class='ocrx_word' id='word_1_42' title='bbox 468 570 636 644; x_wconf 81' lang='lat' dir='ltr'>Quos</span> <span class='ocrx_word' id='word_1_43' title='bbox 667 569 767 629; x_wconf 90' lang='lat' dir='ltr'>ille</span> <span class='ocrx_word' id='word_1_44' title='bbox 797 569 1067 640; x_wconf 88' lang='lat' dir='ltr'>labores,</span> <span class='ocrx_word' id='word_1_45' title='bbox 1099 575 1165 630; x_wconf 87' lang='lat' dir='ltr'>ut</span> <span class='ocrx_word' id='word_1_46' title='bbox 1195 568 1435 629; x_wconf 81' lang='lat' dir='ltr'>fortiter</span> <span class='ocrx_word' id='word_1_47' title='bbox 1468 575 1681 644; x_wconf 87' lang='lat' dir='ltr'>ageret</span> <span class='ocrx_word' id='word_1_48' title='bbox 1712 576 1775 628; x_wconf 91' lang='lat' dir='ltr'>et</span> <span class='ocrx_word' id='word_1_49' title='bbox 1807 566 2161 629; x_wconf 84' lang='lat' dir='ltr'>hominibus</span> 
     </span>
     <span class='ocr_line' id='line_1_7' title="bbox 77 650 2163 729; baseline -0.002 -16"><span class='ocrx_word' id='word_1_50' title='bbox 77 654 438 729; x_wconf 88' lang='lat' dir='ltr'>prodesset,</span> <span class='ocrx_word' id='word_1_51' title='bbox 477 653 753 729; x_wconf 87' lang='lat' dir='ltr'>suscepit</span> <span class='ocrx_word' id='word_1_52' title='bbox 792 660 855 714; x_wconf 89' lang='lat' dir='ltr'>et</span> <span class='ocrx_word' id='word_1_53' title='bbox 886 652 1130 729; x_wconf 77' lang='lat' dir='ltr'>pertulit</span> <span class='ocrx_word' id='word_1_54' title='bbox 1169 660 1274 712; x_wconf 84' lang='lat' dir='ltr'>aut</span> <span class='ocrx_word' id='word_1_55' title='bbox 1306 652 1452 728; x_wconf 90' lang='lat' dir='ltr'>quid</span> <span class='ocrx_word' id='word_1_56' title='bbox 1482 669 1608 714; x_wconf 90' lang='lat' dir='ltr'>non</span> <span class='ocrx_word' id='word_1_57' title='bbox 1643 650 1880 714; x_wconf 90' lang='lat' dir='ltr'>doloris</span> <span class='ocrx_word' id='word_1_58' title='bbox 1910 657 1972 711; x_wconf 89' lang='lat' dir='ltr'>et</span> <span class='ocrx_word' id='word_1_59' title='bbox 2002 651 2163 710; x_wconf 84' lang='lat' dir='ltr'>cala·</span> 
     </span>
     <span class='ocr_line' id='line_1_8' title="bbox 78 734 2162 811; baseline -0.001 -16"><span class='ocrx_word' id='word_1_60' title='bbox 78 736 302 796; x_wconf 88' lang='lat' dir='ltr'>mitatis</span> <span class='ocrx_word' id='word_1_61' title='bbox 336 735 656 797; x_wconf 80' lang='lat' dir='ltr'>exhausit?</span> <span class='ocrx_word' id='word_1_62' title='bbox 746 736 885 797; x_wconf 84' lang='grc'><strong>190.</strong></span> <span class='ocrx_word' id='word_1_63' title='bbox 930 738 1078 811; x_wconf 80' lang='lat' dir='ltr'>Quis</span> <span class='ocrx_word' id='word_1_64' title='bbox 1110 752 1260 811; x_wconf 89' lang='lat' dir='ltr'>ergo</span> <span class='ocrx_word' id='word_1_65' title='bbox 1290 737 1454 797; x_wconf 89' lang='lat' dir='ltr'>hunc</span> <span class='ocrx_word' id='word_1_66' title='bbox 1488 737 1661 797; x_wconf 92' lang='lat' dir='ltr'>caelo</span> <span class='ocrx_word' id='word_1_67' title='bbox 1694 734 1941 796; x_wconf 84' lang='lat' dir='ltr'>excludi</span> <span class='ocrx_word' id='word_1_68' title='bbox 1974 734 2162 809; x_wconf 86' lang='lat' dir='ltr'>patia-</span> 
     </span>
     <span class='ocr_line' id='line_1_9' title="bbox 78 816 2164 898; baseline -0.001 -19"><span class='ocrx_word' id='word_1_69' title='bbox 78 828 203 892; x_wconf 89' lang='lat' dir='ltr'>tur,</span> <span class='ocrx_word' id='word_1_70' title='bbox 249 836 441 895; x_wconf 88' lang='lat' dir='ltr'>quum</span> <span class='ocrx_word' id='word_1_71' title='bbox 473 819 606 881; x_wconf 89' lang='lat' dir='ltr'>eius</span> <span class='ocrx_word' id='word_1_72' title='bbox 651 820 856 881; x_wconf 87' lang='lat' dir='ltr'>virtuti</span> <span class='ocrx_word' id='word_1_73' title='bbox 898 819 1273 898; x_wconf 88' lang='lat' dir='ltr'>sempiterna</span> <span class='ocrx_word' id='word_1_74' title='bbox 1308 819 1508 895; x_wconf 87' lang='lat' dir='ltr'>gloria</span> <span class='ocrx_word' id='word_1_75' title='bbox 1548 826 1609 880; x_wconf 89' lang='lat' dir='ltr'>et</span> <span class='ocrx_word' id='word_1_76' title='bbox 1646 818 1849 880; x_wconf 90' lang='lat' dir='ltr'>laudis</span> <span class='ocrx_word' id='word_1_77' title='bbox 1891 816 2164 894; x_wconf 84' lang='lat' dir='ltr'>patuerit</span> 
     </span>
     <span class='ocr_line' id='line_1_10' title="bbox 78 902 2161 980; baseline -0.001 -17"><span class='ocrx_word' id='word_1_78' title='bbox 78 903 541 964; x_wconf 80' lang='lat' dir='ltr'>immortalitas?</span> <span class='ocrx_word' id='word_1_79' title='bbox 610 906 969 980; x_wconf 81' lang='lat' dir='ltr'>Eademque</span> <span class='ocrx_word' id='word_1_80' title='bbox 1020 912 1402 965; x_wconf 85' lang='lat' dir='ltr'>caeterorum</span> <span class='ocrx_word' id='word_1_81' title='bbox 1456 902 1737 965; x_wconf 90' lang='lat' dir='ltr'>condicio</span> <span class='ocrx_word' id='word_1_82' title='bbox 1805 909 1933 974; x_wconf 86' lang='lat' dir='ltr'>est,</span> <span class='ocrx_word' id='word_1_83' title='bbox 2005 919 2161 976; x_wconf 85' lang='lat' dir='ltr'>quo·</span> 
     </span>
     <span class='ocr_line' id='line_1_11' title="bbox 77 984 2164 1064; baseline -0.001 -17"><span class='ocrx_word' id='word_1_84' title='bbox 77 1005 212 1047; x_wconf 89' lang='lat' dir='ltr'>rum</span> <span class='ocrx_word' id='word_1_85' title='bbox 247 987 403 1048; x_wconf 86' lang='lat' dir='ltr'>alius</span> <span class='ocrx_word' id='word_1_86' title='bbox 436 988 556 1049; x_wconf 89' lang='lat' dir='ltr'>alio</span> <span class='ocrx_word' id='word_1_87' title='bbox 582 1004 829 1064; x_wconf 85' lang='lat' dir='ltr'>genere</span> <span class='ocrx_word' id='word_1_88' title='bbox 868 988 1137 1060; x_wconf 81' lang='lat' dir='ltr'>virtutiS‚</span> <span class='ocrx_word' id='word_1_89' title='bbox 1181 1004 1397 1049; x_wconf 89' lang='lat' dir='ltr'>omnes</span> <span class='ocrx_word' id='word_1_90' title='bbox 1434 987 1690 1048; x_wconf 87' lang='lat' dir='ltr'>summis</span> <span class='ocrx_word' id='word_1_91' title='bbox 1738 993 1801 1047; x_wconf 90' lang='lat' dir='ltr'>et</span> <span class='ocrx_word' id='word_1_92' title='bbox 1841 984 2164 1061; x_wconf 88' lang='lat' dir='ltr'>singulari·</span> 
     </span>
     <span class='ocr_line' id='line_1_12' title="bbox 75 1069 2163 1148; baseline -0.001 -17"><span class='ocrx_word' id='word_1_93' title='bbox 75 1072 195 1132; x_wconf 91' lang='lat' dir='ltr'>bus</span> <span class='ocrx_word' id='word_1_94' title='bbox 225 1072 325 1132; x_wconf 88' lang='lat' dir='ltr'>vel</span> <span class='ocrx_word' id='word_1_95' title='bbox 359 1071 419 1131; x_wconf 91' lang='lat' dir='ltr'>in</span> <span class='ocrx_word' id='word_1_96' title='bbox 456 1070 634 1148; x_wconf 85' lang='lat' dir='ltr'>ipsos</span> <span class='ocrx_word' id='word_1_97' title='bbox 681 1073 836 1133; x_wconf 87' lang='lat' dir='ltr'>deos</span> <span class='ocrx_word' id='word_1_98' title='bbox 880 1074 980 1131; x_wconf 87' lang='lat' dir='ltr'>vel</span> <span class='ocrx_word' id='word_1_99' title='bbox 1016 1071 1078 1132; x_wconf 90' lang='lat' dir='ltr'>in</span> <span class='ocrx_word' id='word_1_100' title='bbox 1108 1072 1390 1133; x_wconf 91' lang='lat' dir='ltr'>homines</span> <span class='ocrx_word' id='word_1_101' title='bbox 1424 1069 1656 1132; x_wconf 85' lang='lat' dir='ltr'>meritis</span> <span class='ocrx_word' id='word_1_102' title='bbox 1698 1069 2163 1147; x_wconf 83' lang='lat' dir='ltr'>praestiterunt.</span> 
     </span>
     <span class='ocr_line' id='line_1_13' title="bbox 78 1154 2163 1232; baseline -0 -18"><span class='ocrx_word' id='word_1_103' title='bbox 78 1157 292 1230; x_wconf 89' lang='lat' dir='ltr'>Itaque</span> <span class='ocrx_word' id='word_1_104' title='bbox 324 1162 447 1215; x_wconf 87' lang='lat' dir='ltr'>tam</span> <span class='ocrx_word' id='word_1_105' title='bbox 500 1156 763 1231; x_wconf 82' lang='lat' dir='ltr'>egregiis</span> <span class='ocrx_word' id='word_1_106' title='bbox 822 1156 1185 1232; x_wconf 83' lang='lat' dir='ltr'>eximiisque</span> <span class='ocrx_word' id='word_1_107' title='bbox 1238 1154 1411 1215; x_wconf 81' lang='lat' dir='ltr'>sactis</span> <span class='ocrx_word' id='word_1_108' title='bbox 1461 1172 1586 1216; x_wconf 90' lang='lat' dir='ltr'>non</span> <span class='ocrx_word' id='word_1_109' title='bbox 1635 1154 1857 1215; x_wconf 88' lang='lat' dir='ltr'>infixas</span> <span class='ocrx_word' id='word_1_110' title='bbox 1906 1154 2163 1229; x_wconf 88' lang='lat' dir='ltr'>plumbo</span> 
     </span>
     <span class='ocr_line' id='line_1_14' title="bbox 78 1236 2165 1314; baseline -0 -16"><span class='ocrx_word' id='word_1_111' title='bbox 78 1246 341 1313; x_wconf 75' lang='lat' dir='ltr'>statuaS,</span> <span class='ocrx_word' id='word_1_112' title='bbox 374 1255 497 1299; x_wconf 90' lang='lat' dir='ltr'>non</span> <span class='ocrx_word' id='word_1_113' title='bbox 530 1247 885 1300; x_wconf 87' lang='lat' dir='ltr'>arescentes</span> <span class='ocrx_word' id='word_1_114' title='bbox 915 1239 1364 1314; x_wconf 88' lang='lat' dir='ltr'>triumphorum</span> <span class='ocrx_word' id='word_1_115' title='bbox 1396 1255 1662 1301; x_wconf 89' lang='lat' dir='ltr'>coronas</span> <span class='ocrx_word' id='word_1_116' title='bbox 1697 1237 1845 1299; x_wconf 89' lang='lat' dir='ltr'>satis</span> <span class='ocrx_word' id='word_1_117' title='bbox 1871 1236 2165 1297; x_wconf 88' lang='lat' dir='ltr'>diuturna</span> 
     </span>
     <span class='ocr_line' id='line_1_15' title="bbox 75 1320 2165 1400; baseline -0 -18"><span class='ocrx_word' id='word_1_118' title='bbox 75 1325 436 1397; x_wconf 87' lang='lat' dir='ltr'>persolvere</span> <span class='ocrx_word' id='word_1_119' title='bbox 465 1339 660 1398; x_wconf 87' lang='lat' dir='ltr'>posse</span> <span class='ocrx_word' id='word_1_120' title='bbox 689 1323 959 1400; x_wconf 89' lang='lat' dir='ltr'>praemia</span> <span class='ocrx_word' id='word_1_121' title='bbox 989 1322 1317 1383; x_wconf 88' lang='lat' dir='ltr'>iudicatum</span> <span class='ocrx_word' id='word_1_122' title='bbox 1345 1330 1467 1394; x_wconf 91' lang='lat' dir='ltr'>est,</span> <span class='ocrx_word' id='word_1_123' title='bbox 1505 1323 1621 1383; x_wconf 89' lang='lat' dir='ltr'>sed</span> <span class='ocrx_word' id='word_1_124' title='bbox 1652 1320 2015 1384; x_wconf 87' lang='lat' dir='ltr'>florentiora</span> <span class='ocrx_word' id='word_1_125' title='bbox 2038 1328 2165 1381; x_wconf 88' lang='lat' dir='ltr'>sta·</span> 
     </span>
     <span class='ocr_line' id='line_1_16' title="bbox 74 1403 2166 1482; baseline 0 -17"><span class='ocrx_word' id='word_1_126' title='bbox 74 1404 418 1480; x_wconf 86' lang='lat' dir='ltr'>bilioraque</span> <span class='ocrx_word' id='word_1_127' title='bbox 460 1423 714 1468; x_wconf 88' lang='lat' dir='ltr'>munera</span> <span class='ocrx_word' id='word_1_128' title='bbox 754 1406 1030 1482; x_wconf 84' lang='lat' dir='ltr'>quaesita</span> <span class='ocrx_word' id='word_1_129' title='bbox 1072 1413 1243 1476; x_wconf 89' lang='lat' dir='ltr'>sunt,</span> <span class='ocrx_word' id='word_1_130' title='bbox 1279 1406 1501 1482; x_wconf 89' lang='lat' dir='ltr'>quibus</span> <span class='ocrx_word' id='word_1_131' title='bbox 1553 1412 1920 1466; x_wconf 89' lang='lat' dir='ltr'>ornarentur</span> <span class='ocrx_word' id='word_1_132' title='bbox 1947 1404 2021 1478; x_wconf 88' lang='lat' dir='ltr'>ii,</span> <span class='ocrx_word' id='word_1_133' title='bbox 2054 1403 2166 1479; x_wconf 85' lang='lat' dir='ltr'>qui</span> 
     </span>
     <span class='ocr_line' id='line_1_17' title="bbox 74 1486 2165 1565; baseline 0 -17"><span class='ocrx_word' id='word_1_134' title='bbox 74 1489 391 1561; x_wconf 88' lang='lat' dir='ltr'>virtutem,</span> <span class='ocrx_word' id='word_1_135' title='bbox 423 1490 806 1552; x_wconf 86' lang='lat' dir='ltr'>honestatem</span> <span class='ocrx_word' id='word_1_136' title='bbox 826 1537 842 1563; x_wconf 89' lang='lat'>,</span> <span class='ocrx_word' id='word_1_137' title='bbox 874 1490 1129 1565; x_wconf 82' lang='lat' dir='ltr'>gloriam</span> <span class='ocrx_word' id='word_1_138' title='bbox 1162 1489 1316 1563; x_wconf 90' lang='lat' dir='ltr'>otio,</span> <span class='ocrx_word' id='word_1_139' title='bbox 1350 1489 1606 1563; x_wconf 87' lang='lat' dir='ltr'>libidini,</span> <span class='ocrx_word' id='word_1_140' title='bbox 1642 1486 1961 1565; x_wconf 83' lang='lat' dir='ltr'>voluptati,</span> <span class='ocrx_word' id='word_1_141' title='bbox 1995 1487 2165 1548; x_wconf 81' lang='lat' dir='ltr'>vitae</span> 
     </span>
     <span class='ocr_line' id='line_1_18' title="bbox 78 1572 2163 1650; baseline -0.001 -17"><span class='ocrx_word' id='word_1_142' title='bbox 78 1573 344 1648; x_wconf 91' lang='lat' dir='ltr'>denique</span> <span class='ocrx_word' id='word_1_143' title='bbox 374 1573 842 1650; x_wconf 81' lang='lat' dir='ltr'>praetulissent,</span> <span class='ocrx_word' id='word_1_144' title='bbox 875 1580 1123 1648; x_wconf 87' lang='lat' dir='ltr'>tamque</span> <span class='ocrx_word' id='word_1_145' title='bbox 1147 1572 1211 1632; x_wconf 92' lang='lat' dir='ltr'>id</span> <span class='ocrx_word' id='word_1_146' title='bbox 1237 1590 1503 1648; x_wconf 85' lang='lat' dir='ltr'>aequum</span> <span class='ocrx_word' id='word_1_147' title='bbox 1534 1581 1634 1634; x_wconf 89' lang='lat' dir='ltr'>est</span> <span class='ocrx_word' id='word_1_148' title='bbox 1664 1589 1846 1648; x_wconf 85' lang='lat' dir='ltr'>quam</span> <span class='ocrx_word' id='word_1_149' title='bbox 1874 1572 2026 1632; x_wconf 91' lang='lat' dir='ltr'>illud</span> <span class='ocrx_word' id='word_1_150' title='bbox 2057 1573 2163 1632; x_wconf 91' lang='lat' dir='ltr'>de-</span> 
     </span>
     <span class='ocr_line' id='line_1_19' title="bbox 76 1655 2158 1733; baseline 0 -18"><span class='ocrx_word' id='word_1_151' title='bbox 76 1672 290 1716; x_wconf 90' lang='lat' dir='ltr'>corum</span> <span class='ocrx_word' id='word_1_152' title='bbox 322 1656 706 1731; x_wconf 89' lang='lat' dir='ltr'>maximeque</span> <span class='ocrx_word' id='word_1_153' title='bbox 737 1656 1157 1730; x_wconf 89' lang='lat' dir='ltr'>probandum,</span> <span class='ocrx_word' id='word_1_154' title='bbox 1192 1673 1316 1717; x_wconf 89' lang='lat' dir='ltr'>non</span> <span class='ocrx_word' id='word_1_155' title='bbox 1356 1658 1608 1717; x_wconf 84' lang='lat' dir='ltr'>easdem</span> <span class='ocrx_word' id='word_1_156' title='bbox 1637 1655 1938 1733; x_wconf 87' lang='lat' dir='ltr'>improbis</span> <span class='ocrx_word' id='word_1_157' title='bbox 1967 1656 2158 1715; x_wconf 90' lang='lat' dir='ltr'>sedes</span> 
     </span>
     <span class='ocr_line' id='line_1_20' title="bbox 78 1739 2158 1816; baseline -0 -16"><span class='ocrx_word' id='word_1_158' title='bbox 78 1756 232 1815; x_wconf 89' lang='lat' dir='ltr'>quas</span> <span class='ocrx_word' id='word_1_159' title='bbox 282 1739 462 1802; x_wconf 89' lang='lat' dir='ltr'>bonis</span> <span class='ocrx_word' id='word_1_160' title='bbox 521 1746 709 1816; x_wconf 88' lang='lat' dir='ltr'>atque</span> <span class='ocrx_word' id='word_1_161' title='bbox 763 1739 1016 1815; x_wconf 85' lang='lat' dir='ltr'>integris</span> <span class='ocrx_word' id='word_1_162' title='bbox 1067 1748 1215 1816; x_wconf 88' lang='lat' dir='ltr'>post</span> <span class='ocrx_word' id='word_1_163' title='bbox 1266 1747 1525 1801; x_wconf 89' lang='lat' dir='ltr'>mortem</span> <span class='ocrx_word' id='word_1_164' title='bbox 1580 1756 1726 1802; x_wconf 89' lang='lat' dir='ltr'>esse</span> <span class='ocrx_word' id='word_1_165' title='bbox 1774 1739 2158 1815; x_wconf 85' lang='lat' dir='ltr'>propositas.</span> 
     </span>
     <span class='ocr_line' id='line_1_21' title="bbox 81 1822 2157 1900; baseline 0 -17"><span class='ocrx_word' id='word_1_166' title='bbox 81 1822 219 1884; x_wconf 87' lang='grc'><strong>191.</strong></span> <span class='ocrx_word' id='word_1_167' title='bbox 278 1826 716 1887; x_wconf 81' lang='lat' dir='ltr'>Intellexerunt</span> <span class='ocrx_word' id='word_1_168' title='bbox 771 1823 932 1885; x_wconf 91' lang='lat' dir='ltr'>enim</span> <span class='ocrx_word' id='word_1_169' title='bbox 984 1823 1446 1885; x_wconf 84' lang='lat' dir='ltr'>exmaioribus</span> <span class='ocrx_word' id='word_1_170' title='bbox 1499 1823 1730 1887; x_wconf 88' lang='lat' dir='ltr'>nostris</span> <span class='ocrx_word' id='word_1_171' title='bbox 1781 1825 2157 1900; x_wconf 87' lang='lat' dir='ltr'>complures,</span> 
     </span>
     <span class='ocr_line' id='line_1_22' title="bbox 78 1907 2157 1985; baseline 0 -18"><span class='ocrx_word' id='word_1_172' title='bbox 78 1908 183 1981; x_wconf 86' lang='lat' dir='ltr'>qui</span> <span class='ocrx_word' id='word_1_173' title='bbox 225 1907 528 1984; x_wconf 84' lang='lat' dir='ltr'>sapientia</span> <span class='ocrx_word' id='word_1_174' title='bbox 560 1908 1030 1985; x_wconf 88' lang='lat' dir='ltr'>praestiterunt,</span> <span class='ocrx_word' id='word_1_175' title='bbox 1074 1925 1262 1984; x_wconf 89' lang='lat' dir='ltr'>quum</span> <span class='ocrx_word' id='word_1_176' title='bbox 1292 1908 1351 1968; x_wconf 91' lang='lat' dir='ltr'>in</span> <span class='ocrx_word' id='word_1_177' title='bbox 1384 1909 1478 1970; x_wconf 89' lang='lat' dir='ltr'>dis</span> <span class='ocrx_word' id='word_1_178' title='bbox 1510 1908 1789 1985; x_wconf 86' lang='lat' dir='ltr'>aequitas</span> <span class='ocrx_word' id='word_1_179' title='bbox 1820 1908 2157 1983; x_wconf 88' lang='lat' dir='ltr'>praecipue</span> 
     </span>
     <span class='ocr_line' id='line_1_23' title="bbox 72 1991 2159 2069; baseline 0 -19"><span class='ocrx_word' id='word_1_180' title='bbox 72 1992 280 2066; x_wconf 88' lang='lat' dir='ltr'>vigeat</span> <span class='ocrx_word' id='word_1_181' title='bbox 307 2008 508 2068; x_wconf 85' lang='lat' dir='ltr'>eaque</span> <span class='ocrx_word' id='word_1_182' title='bbox 547 1992 854 2055; x_wconf 82' lang='lat' dir='ltr'>incorum</span> <span class='ocrx_word' id='word_1_183' title='bbox 883 1992 1329 2067; x_wconf 87' lang='lat' dir='ltr'>gubernatione</span> <span class='ocrx_word' id='word_1_184' title='bbox 1359 1999 1657 2069; x_wconf 84' lang='lat' dir='ltr'>appareat</span> <span class='ocrx_word' id='word_1_185' title='bbox 1688 1991 1983 2065; x_wconf 88' lang='lat' dir='ltr'>maxime,</span> <span class='ocrx_word' id='word_1_186' title='bbox 2022 1991 2159 2051; x_wconf 90' lang='lat' dir='ltr'>fieri</span> 
     </span>
     <span class='ocr_line' id='line_1_24' title="bbox 73 2074 2158 2152; baseline 0 -18"><span class='ocrx_word' id='word_1_187' title='bbox 73 2091 196 2135; x_wconf 90' lang='lat' dir='ltr'>non</span> <span class='ocrx_word' id='word_1_188' title='bbox 231 2091 424 2150; x_wconf 89' lang='lat' dir='ltr'>posse</span> <span class='ocrx_word' id='word_1_189' title='bbox 463 2075 608 2152; x_wconf 91' lang='lat' dir='ltr'>quin</span> <span class='ocrx_word' id='word_1_190' title='bbox 636 2074 965 2151; x_wconf 88' lang='lat' dir='ltr'>nequitiam</span> <span class='ocrx_word' id='word_1_191' title='bbox 989 2077 1351 2152; x_wconf 86' lang='lat' dir='ltr'>sceleraque</span> <span class='ocrx_word' id='word_1_192' title='bbox 1384 2083 1777 2149; x_wconf 86' lang='lat' dir='ltr'>aversentur,</span> <span class='ocrx_word' id='word_1_193' title='bbox 1810 2074 2044 2150; x_wconf 88' lang='lat' dir='ltr'>quique</span> <span class='ocrx_word' id='word_1_194' title='bbox 2080 2092 2158 2135; x_wconf 81' lang='lat' dir='ltr'>ea</span> 
     </span>
     <span class='ocr_line' id='line_1_25' title="bbox 72 2156 2154 2236; baseline 0.001 -20"><span class='ocrx_word' id='word_1_195' title='bbox 72 2156 134 2216; x_wconf 91' lang='lat' dir='ltr'>in</span> <span class='ocrx_word' id='word_1_196' title='bbox 179 2159 301 2218; x_wconf 90' lang='lat' dir='ltr'>vita</span> <span class='ocrx_word' id='word_1_197' title='bbox 353 2167 790 2232; x_wconf 86' lang='lat' dir='ltr'>exercuerunt,</span> <span class='ocrx_word' id='word_1_198' title='bbox 828 2176 941 2220; x_wconf 91' lang='lat' dir='ltr'>eos</span> <span class='ocrx_word' id='word_1_199' title='bbox 993 2176 1030 2219; x_wconf 98' lang='lat' dir='ltr'>a</span> <span class='ocrx_word' id='word_1_200' title='bbox 1080 2176 1150 2220; x_wconf 90' lang='lat' dir='ltr'>se</span> <span class='ocrx_word' id='word_1_201' title='bbox 1197 2159 1349 2236; x_wconf 90' lang='lat' dir='ltr'>ipsis</span> <span class='ocrx_word' id='word_1_202' title='bbox 1396 2159 1754 2236; x_wconf 87' lang='lat' dir='ltr'>longissime</span> <span class='ocrx_word' id='word_1_203' title='bbox 1791 2160 2154 2234; x_wconf 80' lang='lat' dir='ltr'>seiungam.</span> 
     </span>
     <span class='ocr_line' id='line_1_26' title="bbox 74 2240 2157 2318; baseline 0 -17"><span class='ocrx_word' id='word_1_204' title='bbox 74 2242 255 2315; x_wconf 81' lang='lat' dir='ltr'>Quod</span> <span class='ocrx_word' id='word_1_205' title='bbox 287 2241 346 2301; x_wconf 92' lang='lat' dir='ltr'>in</span> <span class='ocrx_word' id='word_1_206' title='bbox 398 2244 619 2318; x_wconf 84' lang='lat' dir='ltr'>vulgus</span> <span class='ocrx_word' id='word_1_207' title='bbox 659 2241 760 2301; x_wconf 88' lang='lat' dir='ltr'>edi</span> <span class='ocrx_word' id='word_1_208' title='bbox 803 2259 1141 2317; x_wconf 86' lang='lat' dir='ltr'>verumque</span> <span class='ocrx_word' id='word_1_209' title='bbox 1186 2242 1521 2304; x_wconf 87' lang='lat' dir='ltr'>existimari</span> <span class='ocrx_word' id='word_1_210' title='bbox 1559 2252 1682 2304; x_wconf 90' lang='lat' dir='ltr'>non</span> <span class='ocrx_word' id='word_1_211' title='bbox 1715 2243 1900 2304; x_wconf 89' lang='lat' dir='ltr'>modo</span> <span class='ocrx_word' id='word_1_212' title='bbox 1933 2240 2157 2304; x_wconf 84' lang='lat' dir='ltr'>rationi</span> 
     </span>
     <span class='ocr_line' id='line_1_27' title="bbox 75 2324 2157 2402; baseline 0 -17"><span class='ocrx_word' id='word_1_213' title='bbox 75 2324 480 2397; x_wconf 82' lang='lat' dir='ltr'>convenienS‚</span> <span class='ocrx_word' id='word_1_214' title='bbox 520 2326 633 2386; x_wconf 92' lang='lat' dir='ltr'>sed</span> <span class='ocrx_word' id='word_1_215' title='bbox 656 2325 806 2384; x_wconf 88' lang='lat' dir='ltr'>utile</span> <span class='ocrx_word' id='word_1_216' title='bbox 828 2342 1079 2400; x_wconf 87' lang='lat' dir='ltr'>quoque</span> <span class='ocrx_word' id='word_1_217' title='bbox 1106 2326 1167 2385; x_wconf 93' lang='lat' dir='ltr'>in</span> <span class='ocrx_word' id='word_1_218' title='bbox 1201 2326 1408 2402; x_wconf 87' lang='lat' dir='ltr'>primis</span> <span class='ocrx_word' id='word_1_219' title='bbox 1440 2335 1538 2387; x_wconf 92' lang='lat' dir='ltr'>est</span> <span class='ocrx_word' id='word_1_220' title='bbox 1570 2328 1855 2388; x_wconf 83' lang='lat' dir='ltr'>futurum.</span> <span class='ocrx_word' id='word_1_221' title='bbox 1913 2327 2067 2386; x_wconf 87' lang='lat' dir='ltr'>Nam</span> <span class='ocrx_word' id='word_1_222' title='bbox 2102 2325 2157 2386; x_wconf 92' lang='lat' dir='ltr'>si</span> 
     </span>
     <span class='ocr_line' id='line_1_28' title="bbox 75 2407 2154 2486; baseline 0 -17"><span class='ocrx_word' id='word_1_223' title='bbox 75 2407 221 2482; x_wconf 90' lang='lat' dir='ltr'>quid</span> <span class='ocrx_word' id='word_1_224' title='bbox 265 2408 324 2467; x_wconf 91' lang='lat' dir='ltr'>in</span> <span class='ocrx_word' id='word_1_225' title='bbox 370 2407 683 2469; x_wconf 87' lang='lat' dir='ltr'>hominum</span> <span class='ocrx_word' id='word_1_226' title='bbox 726 2407 942 2469; x_wconf 87' lang='lat' dir='ltr'>animis</span> <span class='ocrx_word' id='word_1_227' title='bbox 985 2408 1257 2484; x_wconf 84' lang='lat' dir='ltr'>pietatiS,</span> <span class='ocrx_word' id='word_1_228' title='bbox 1300 2410 1355 2470; x_wconf 91' lang='lat' dir='ltr'>si</span> <span class='ocrx_word' id='word_1_229' title='bbox 1397 2412 1544 2485; x_wconf 87' lang='lat' dir='ltr'>quid</span> <span class='ocrx_word' id='word_1_230' title='bbox 1587 2410 1899 2486; x_wconf 88' lang='lat' dir='ltr'>religionis</span> <span class='ocrx_word' id='word_1_231' title='bbox 1952 2409 2154 2482; x_wconf 87' lang='lat' dir='ltr'>inerit,</span> 
     </span>
     <span class='ocr_line' id='line_1_29' title="bbox 73 2491 2153 2569; baseline 0.001 -19"><span class='ocrx_word' id='word_1_232' title='bbox 73 2498 239 2551; x_wconf 87' lang='lat' dir='ltr'>certe</span> <span class='ocrx_word' id='word_1_233' title='bbox 271 2492 352 2551; x_wconf 92' lang='lat' dir='ltr'>ob</span> <span class='ocrx_word' id='word_1_234' title='bbox 385 2491 543 2551; x_wconf 88' lang='lat' dir='ltr'>hanc</span> <span class='ocrx_word' id='word_1_235' title='bbox 573 2491 964 2568; x_wconf 89' lang='lat' dir='ltr'>potissimum</span> <span class='ocrx_word' id='word_1_236' title='bbox 995 2510 1243 2554; x_wconf 86' lang='lat' dir='ltr'>causam</span> <span class='ocrx_word' id='word_1_237' title='bbox 1288 2510 1359 2555; x_wconf 93' lang='lat' dir='ltr'>se</span> <span class='ocrx_word' id='word_1_238' title='bbox 1404 2512 1441 2554; x_wconf 88' lang='lat' dir='ltr'>a</span> <span class='ocrx_word' id='word_1_239' title='bbox 1470 2494 1819 2569; x_wconf 83' lang='lat' dir='ltr'>flagitiisac</span> <span class='ocrx_word' id='word_1_240' title='bbox 1865 2493 2153 2554; x_wconf 84' lang='lat' dir='ltr'>facinori·</span> 
     </span>
     <span class='ocr_line' id='line_1_30' title="bbox 67 2574 2156 2652; baseline 0.001 -17"><span class='ocrx_word' id='word_1_241' title='bbox 67 2576 185 2635; x_wconf 92' lang='lat' dir='ltr'>bus</span> <span class='ocrx_word' id='word_1_242' title='bbox 212 2574 635 2648; x_wconf 87' lang='lat' dir='ltr'>abstinebunt,</span> <span class='ocrx_word' id='word_1_243' title='bbox 669 2578 836 2651; x_wconf 90' lang='lat' dir='ltr'>quod</span> <span class='ocrx_word' id='word_1_244' title='bbox 866 2576 1089 2652; x_wconf 89' lang='lat' dir='ltr'>impios</span> <span class='ocrx_word' id='word_1_245' title='bbox 1114 2593 1186 2636; x_wconf 90' lang='lat' dir='ltr'>ac</span> <span class='ocrx_word' id='word_1_246' title='bbox 1217 2577 1485 2639; x_wconf 80' lang='lat' dir='ltr'>nefarios</span> <span class='ocrx_word' id='word_1_247' title='bbox 1511 2578 1794 2640; x_wconf 88' lang='lat' dir='ltr'>homines</span> <span class='ocrx_word' id='word_1_248' title='bbox 1817 2594 1859 2637; x_wconf 84' lang='lat' dir='ltr'>a</span> <span class='ocrx_word' id='word_1_249' title='bbox 1889 2578 2156 2638; x_wconf 89' lang='lat' dir='ltr'>deorum</span> 
     </span>
     <span class='ocr_line' id='line_1_31' title="bbox 71 2659 2154 2741; baseline 0.001 -22"><span class='ocrx_word' id='word_1_250' title='bbox 71 2659 330 2720; x_wconf 87' lang='lat' dir='ltr'>concilio</span> <span class='ocrx_word' id='word_1_251' title='bbox 384 2675 462 2741; x_wconf 25' lang='lat' dir='ltr'>ac,</span> <span class='ocrx_word' id='word_1_252' title='bbox 516 2661 814 2722; x_wconf 81' lang='lat' dir='ltr'>societate</span> <span class='ocrx_word' id='word_1_253' title='bbox 861 2661 1059 2721; x_wconf 88' lang='lat' dir='ltr'>arceri</span> <span class='ocrx_word' id='word_1_254' title='bbox 1111 2660 1486 2722; x_wconf 88' lang='lat' dir='ltr'>iudicabunt.</span> <span class='ocrx_word' id='word_1_255' title='bbox 1590 2660 1731 2722; x_wconf 87' lang='grc'><strong>192.</strong></span> <span class='ocrx_word' id='word_1_256' title='bbox 1801 2663 1929 2722; x_wconf 89' lang='lat' dir='ltr'>Nec</span> <span class='ocrx_word' id='word_1_257' title='bbox 1987 2661 2154 2721; x_wconf 87' lang='lat' dir='ltr'>enim</span> 
     </span>
     <span class='ocr_line' id='line_1_32' title="bbox 70 2743 2155 2819; baseline 0.001 -17"><span class='ocrx_word' id='word_1_258' title='bbox 70 2743 353 2805; x_wconf 90' lang='lat' dir='ltr'>omnibus</span> <span class='ocrx_word' id='word_1_259' title='bbox 394 2743 579 2805; x_wconf 91' lang='lat' dir='ltr'>iidem</span> <span class='ocrx_word' id='word_1_260' title='bbox 622 2743 704 2805; x_wconf 92' lang='lat' dir='ltr'>illi</span> <span class='ocrx_word' id='word_1_261' title='bbox 736 2744 1048 2819; x_wconf 86' lang='lat' dir='ltr'>sapientes</span> <span class='ocrx_word' id='word_1_262' title='bbox 1092 2744 1365 2805; x_wconf 81' lang='lat' dir='ltr'>arbitrati</span> <span class='ocrx_word' id='word_1_263' title='bbox 1402 2753 1546 2805; x_wconf 87' lang='lat' dir='ltr'>sunt</span> <span class='ocrx_word' id='word_1_264' title='bbox 1574 2747 1855 2806; x_wconf 89' lang='lat' dir='ltr'>eumdem</span> <span class='ocrx_word' id='word_1_265' title='bbox 1897 2761 2155 2805; x_wconf 88' lang='lat' dir='ltr'>cursum</span> 
     </span>
     <span class='ocr_line' id='line_1_33' title="bbox 65 2826 2154 2903; baseline 0.001 -17"><span class='ocrx_word' id='word_1_266' title='bbox 65 2827 125 2886; x_wconf 90' lang='lat' dir='ltr'>in</span> <span class='ocrx_word' id='word_1_267' title='bbox 144 2829 396 2888; x_wconf 67' lang='lat' dir='ltr'>caelum</span> <span class='ocrx_word' id='word_1_268' title='bbox 428 2834 661 2903; x_wconf 86' lang='lat' dir='ltr'>patere.</span> <span class='ocrx_word' id='word_1_269' title='bbox 728 2830 877 2888; x_wconf 89' lang='lat' dir='ltr'>Nam</span> <span class='ocrx_word' id='word_1_270' title='bbox 908 2826 1069 2889; x_wconf 88' lang='lat' dir='ltr'>vitiis</span> <span class='ocrx_word' id='word_1_271' title='bbox 1100 2836 1163 2888; x_wconf 90' lang='lat' dir='ltr'>et</span> <span class='ocrx_word' id='word_1_272' title='bbox 1188 2829 1526 2891; x_wconf 88' lang='lat' dir='ltr'>sceleribus</span> <span class='ocrx_word' id='word_1_273' title='bbox 1549 2829 2010 2890; x_wconf 36' lang='lat' dir='ltr'>‘contaminatos</span> <span class='ocrx_word' id='word_1_274' title='bbox 2044 2829 2154 2889; x_wconf 89' lang='lat' dir='ltr'>de-</span> 
     </span>
     <span class='ocr_line' id='line_1_34' title="bbox 69 2910 2151 2987; baseline 0.002 -18"><span class='ocrx_word' id='word_1_275' title='bbox 69 2910 245 2986; x_wconf 86' lang='lat' dir='ltr'>primi</span> <span class='ocrx_word' id='word_1_276' title='bbox 284 2910 343 2970; x_wconf 92' lang='lat' dir='ltr'>in</span> <span class='ocrx_word' id='word_1_277' title='bbox 386 2911 673 2972; x_wconf 84' lang='lat' dir='ltr'>tenebras</span> <span class='ocrx_word' id='word_1_278' title='bbox 713 2912 1001 2987; x_wconf 79' lang='lat' dir='ltr'>atquein</span> <span class='ocrx_word' id='word_1_279' title='bbox 1044 2928 1243 2974; x_wconf 91' lang='lat' dir='ltr'>coeno</span> <span class='ocrx_word' id='word_1_280' title='bbox 1286 2912 1488 2973; x_wconf 85' lang='lat' dir='ltr'>iacere</span> <span class='ocrx_word' id='word_1_281' title='bbox 1527 2914 1904 2985; x_wconf 85' lang='lat' dir='ltr'>docuerunt,</span> <span class='ocrx_word' id='word_1_282' title='bbox 1936 2920 2151 2974; x_wconf 85' lang='lat' dir='ltr'>castos</span> 
     </span>
     <span class='ocr_line' id='line_1_35' title="bbox 66 2993 2152 3072; baseline 0.001 -18"><span class='ocrx_word' id='word_1_283' title='bbox 66 3001 271 3054; x_wconf 89' lang='lat' dir='ltr'>autem</span> <span class='ocrx_word' id='word_1_284' title='bbox 316 2993 586 3070; x_wconf 81' lang='lat' dir='ltr'>animoS,</span> <span class='ocrx_word' id='word_1_285' title='bbox 633 3012 855 3069; x_wconf 90' lang='lat' dir='ltr'>puros,</span> <span class='ocrx_word' id='word_1_286' title='bbox 900 2995 1224 3071; x_wconf 70' lang='lat' dir='ltr'>integros,</span> <span class='ocrx_word' id='word_1_287' title='bbox 1262 2993 1691 3072; x_wconf 72' lang='lat' dir='ltr'>inco‘rrupt08‚</span> <span class='ocrx_word' id='word_1_288' title='bbox 1737 2995 1917 3058; x_wconf 86' lang='lat' dir='ltr'>bonis</span> <span class='ocrx_word' id='word_1_289' title='bbox 1962 2996 2152 3057; x_wconf 88' lang='lat' dir='ltr'>etiam</span> 
     </span>
     <span class='ocr_line' id='line_1_36' title="bbox 67 3077 2151 3156; baseline 0.002 -20"><span class='ocrx_word' id='word_1_290' title='bbox 67 3077 284 3138; x_wconf 80' lang='lat' dir='ltr'>studiis</span> <span class='ocrx_word' id='word_1_291' title='bbox 320 3086 504 3153; x_wconf 85' lang='lat' dir='ltr'>atque</span> <span class='ocrx_word' id='word_1_292' title='bbox 544 3078 775 3142; x_wconf 84' lang='lat' dir='ltr'>artibus</span> <span class='ocrx_word' id='word_1_293' title='bbox 818 3079 1126 3154; x_wconf 86' lang='lat' dir='ltr'>expolitos</span> <span class='ocrx_word' id='word_1_294' title='bbox 1170 3079 1294 3140; x_wconf 88' lang='lat' dir='ltr'>leni</span> <span class='ocrx_word' id='word_1_295' title='bbox 1333 3081 1602 3156; x_wconf 83' lang='lat' dir='ltr'>quodam</span> <span class='ocrx_word' id='word_1_296' title='bbox 1644 3096 1718 3140; x_wconf 86' lang='lat' dir='ltr'>ac</span> <span class='ocrx_word' id='word_1_297' title='bbox 1759 3078 1919 3140; x_wconf 80' lang='lat' dir='ltr'>facili</span> <span class='ocrx_word' id='word_1_298' title='bbox 1964 3081 2151 3156; x_wconf 88' lang='lat' dir='ltr'>lapsu</span> 
     </span>
     <span class='ocr_line' id='line_1_37' title="bbox 64 3161 1813 3240; baseline 0.002 -21"><span class='ocrx_word' id='word_1_299' title='bbox 64 3162 143 3219; x_wconf 91' lang='lat' dir='ltr'>ad</span> <span class='ocrx_word' id='word_1_300' title='bbox 175 3162 358 3233; x_wconf 89' lang='lat' dir='ltr'>deos,</span> <span class='ocrx_word' id='word_1_301' title='bbox 390 3161 453 3220; x_wconf 88' lang='lat' dir='ltr'>id</span> <span class='ocrx_word' id='word_1_302' title='bbox 481 3168 605 3236; x_wconf 89' lang='lat' dir='ltr'>est,</span> <span class='ocrx_word' id='word_1_303' title='bbox 635 3163 714 3222; x_wconf 88' lang='lat' dir='ltr'>ad</span> <span class='ocrx_word' id='word_1_304' title='bbox 744 3169 1020 3223; x_wconf 89' lang='lat' dir='ltr'>naturam</span> <span class='ocrx_word' id='word_1_305' title='bbox 1052 3162 1150 3223; x_wconf 90' lang='lat' dir='ltr'>sui</span> <span class='ocrx_word' id='word_1_306' title='bbox 1179 3163 1438 3224; x_wconf 82' lang='lat' dir='ltr'>similem</span> <span class='ocrx_word' id='word_1_307' title='bbox 1469 3167 1813 3240; x_wconf 89' lang='lat' dir='ltr'>pervolare.</span> 
     </span>
    </p>

    <p class='ocr_par' dir='ltr' id='par_1_3' title="bbox 64 3243 2147 3406">
     <span class='ocr_line' id='line_1_38' title="bbox 147 3243 2147 3334; baseline 0.004 -35"><span class='ocrx_word' id='word_1_308' title='bbox 147 3321 160 3334; x_wconf 47' lang='lat'><strong>·</strong></span> <span class='ocrx_word' id='word_1_309' title='bbox 187 3243 313 3305; x_wconf 90' lang='lat' dir='ltr'>LV.</span> <span class='ocrx_word' id='word_1_310' title='bbox 365 3243 501 3301; x_wconf 88' lang='grc'><strong>193.</strong></span> <span class='ocrx_word' id='word_1_311' title='bbox 544 3245 723 3318; x_wconf 79' lang='lat' dir='ltr'>Quod</span> <span class='ocrx_word' id='word_1_312' title='bbox 754 3244 806 3304; x_wconf 90' lang='lat' dir='ltr'>si</span> <span class='ocrx_word' id='word_1_313' title='bbox 845 3245 926 3305; x_wconf 86' lang='lat' dir='ltr'>ita</span> <span class='ocrx_word' id='word_1_314' title='bbox 955 3253 1082 3317; x_wconf 89' lang='lat' dir='ltr'>est,</span> <span class='ocrx_word' id='word_1_315' title='bbox 1127 3254 1293 3306; x_wconf 88' lang='lat' dir='ltr'>certe</span> <span class='ocrx_word' id='word_1_316' title='bbox 1334 3247 1542 3319; x_wconf 78' lang='lat' dir='ltr'>nobiS,</span> <span class='ocrx_word' id='word_1_317' title='bbox 1589 3256 1879 3322; x_wconf 88' lang='lat' dir='ltr'>quantum</span> <span class='ocrx_word' id='word_1_318' title='bbox 1912 3246 2147 3308; x_wconf 87' lang='lat' dir='ltr'>conniti</span> 
     </span>
     <span class='ocr_line' id='line_1_39' title="bbox 64 3327 2144 3406; baseline 0.005 -27"><span class='ocrx_word' id='word_1_319' title='bbox 64 3339 265 3382; x_wconf 82' lang='lat' dir='ltr'>animo</span> <span class='ocrx_word' id='word_1_320' title='bbox 297 3339 662 3399; x_wconf 84' lang='lat' dir='ltr'>possumuS,</span> <span class='ocrx_word' id='word_1_321' title='bbox 707 3335 997 3399; x_wconf 76' lang='lat' dir='ltr'>quantum</span> <span class='ocrx_word' id='word_1_322' title='bbox 1045 3327 1354 3403; x_wconf 88' lang='lat' dir='ltr'>diligentia</span> <span class='ocrx_word' id='word_1_323' title='bbox 1397 3331 1724 3406; x_wconf 89' lang='lat' dir='ltr'>consequi,</span> <span class='ocrx_word' id='word_1_324' title='bbox 1767 3331 2144 3391; x_wconf 89' lang='lat' dir='ltr'>contenden-</span> 
     </span>
    </p>
   </div>
  </div>
 </body>
</html>
