2381 3723
163 122 291 187 284
888 206 897 212 g
950 128 1450 189 FRAGMENTA.
2168 134 2245 189 94

165 274 269 351 phi
323 292 466 337 esse
511 280 891 356 coeperunt?
986 280 1229 353 Thales,
1285 287 1351 339 ut
1395 281 1633 353 opinor,
1674 282 1929 354 primus.
2011 280 2249 341 Recens

162 360 314 420 haec
355 362 590 434 quidem
633 374 817 424 aetas.
899 363 1015 424 Ubi
1048 379 1192 439 erqo
1242 363 1412 438 apud
1452 365 1810 437 antiquiores
1854 367 2028 424 latuit
2074 380 2249 426 amor

162 445 270 504 isle
295 446 740 520 invesliyandae
772 444 1075 508 veritalis?
1128 460 1537 526 [Lactantius
1575 461 1695 516 inst.
1735 460 1824 511 lib.
1855 462 1943 514 111.
1971 476 2089 528 cap.
2130 460 2241 528 16.]

299 541 394 598 15.
439 540 725 616 Epicurei
755 544 965 619 plures
993 545 1212 604 volunt
1251 560 1395 604 esse
1434 543 1672 615 caeloS,
1722 550 1828 602 aut
1854 543 2104 604 tandem
2135 546 2246 604 do·

165 639 344 756 ἷξξαεῐ,
412 624 735 774 qiggffivix
787 626 1072 701 cuiquam
1114 626 1385 702 contigit.
1465 640 1756 707 [Servius
1797 643 1863 692 ad
1909 645 2055 709 virg.
2109 646 2240 699 Aen.

186 723 205 757 1
245 747 257 759 .
324 742 337 754 ·
376 721 427 760 V.
576 750 587 759 .

297 775 394 836 16.
437 776 537 835 Ad
568 777 892 839 iuvenilem
924 778 1251 839 lubidinem
1277 780 1458 856 copia
1482 782 1863 856 voluptatum
1885 779 2090 855 gliscit
2123 780 2243 855 illa,

166 865 235 920 ut
267 857 424 940 ignis
457 862 618 922 oleo.
689 875 960 942 [Nonius
995 893 1046 943 p.
1079 874 1189 941 22]

296 943 393 1002 17.
438 945 807 1020 Voluptates
861 953 1063 1006 autem
1102 948 1266 1006 nulla
1314 948 1393 1006 ad
1445 963 1546 1007 res
1588 945 1973 1008 necessarias
2030 945 2245 1006 invita-

168 1032 373 1087 menta
404 1028 690 1089 adferunt
719 1029 992 1089 senibus.
1052 1044 1213 1110 [Idem
1251 1061 1304 1111 p.
1335 1044 1475 1112 321]

300 1122 396 1184 18.
442 1124 585 1186 Vidi
628 1125 688 1187 in
734 1128 951 1188 dolore
992 1127 1307 1203 podagrae
1358 1126 1542 1189 nihilo
1585 1128 1784 1204 ipsum
1829 1130 1922 1188 vel
1971 1128 2247 1189 omnium

169 1207 495 1268 maximum
542 1209 918 1283 Stoicorum,
966 1208 1385 1283 Posidonium,
1433 1227 1614 1287 quam
1645 1212 2080 1272 Nicomachum
2125 1211 2248 1289 Ty-

168 1288 352 1364 rium,
386 1293 690 1369 hospitem
722 1310 953 1365 meum,
991 1293 1326 1354 fortiorem.
1393 1307 1553 1375 [Idem
1595 1325 1647 1375 p,
1686 1309 1828 1373 527.]

302 1389 398 1450 19.
444 1391 574 1466 †Et
603 1398 880 1452 caeteras
926 1390 1169 1467 quidem
1204 1391 1261 1451 in
1306 1409 1427 1465 reS‚
1469 1392 1528 1452 in
1576 1392 1795 1468 quibus
1832 1397 2088 1466 peccata
2116 1409 2244 1453 non

169 1471 433 1620 maggae
462 1474 748 1535 adferunt
778 1473 1029 1545 noxias,
1085 1481 1282 1534 tamen
1314 1474 1491 1536 inscii
1523 1493 1602 1535 nn
1636 1475 2019 1550 atattinguut.
2080 1489 2241 1556 [Idem

167 1569 222 1619 p.
295 1585 308 1601 .
365 1591 377 1604 .

295 1621 395 1682 20.
441 1668 454 1681 .
482 1667 497 1680 .
524 1667 537 1680 .
566 1667 580 1683 .
614 1623 708 1684 his
753 1626 1096 1687 contrarius
1135 1625 1345 1686 Aristo
1389 1626 1605 1698 Chius,
1661 1627 2067 1699 praefractus,
2126 1629 2245 1688 fer-

168 1720 342 1853 ἷοιιε,
399 1704 546 1765 nihil
573 1707 834 1780 bonum,
893 1707 1010 1769 nisi
1040 1710 1207 1784 quod
1245 1718 1475 1770 rectum
1511 1718 1570 1769 et
1603 1709 1928 1770 honestum
1965 1717 2063 1770 est
2093 1754 2108 1770 .
2137 1755 2151 1769 .
2181 1755 2197 1770 .
2224 1754 2242 1771 .

196 1787 333 1838 Idem
374 1805 425 1854 p.
466 1789 604 1856 155.]

289 1870 393 1931 21.
446 1874 592 1933 Vide
614 1887 704 1918 '—-
730 1876 878 1949 quid
902 1878 965 1935 in
997 1875 1302 1937 Hortensii
1339 1876 1573 1951 dialoyo
1601 1876 1765 1936 dieat
1799 1875 2047 1947 Tullius,
2087 1893 2245 1950 quae

168 1960 355 2031 mayis
405 1958 583 2018 verba
633 1964 690 2019 te
740 1960 1035 2020 delectare
1085 1959 1413 2020 debuerant
1456 1975 1634 2033 quam
1690 1958 1875 2019 Balbi
1914 1958 2242 2020 Stoicorum

163 2047 371 2115 partes
411 2045 659 2115 aventis.
731 2041 896 2114 Quae
934 2046 1070 2104 licet
1093 2060 1237 2103 vera
1251 2090 1266 2117 ‚
1317 2049 1512 2103 tamen
1542 2043 1617 2102 de
1644 2049 1830 2118 parte
1857 2042 2109 2102 hominis
2137 2045 2240 2116 in-

162 2123 392 2197 feriore
405 2170 418 2195 ‚
448 2126 559 2185 hoe
585 2133 673 2185 est
685 2171 699 2198 ‚
739 2127 817 2186 de
843 2143 1092 2206 corpore
1112 2127 1370 2201 fuerant
1388 2133 1448 2187 et
1471 2133 1525 2186 te
1543 2127 1695 2185 nihil
1714 2127 2006 2186 adiuvare
2017 2136 2240 2202 potue-

165 2214 325 2266 runt.
414 2209 563 2268 Vide
586 2209 734 2281 quid
768 2211 874 2270 iste
906 2227 1023 2286 pro
1051 2213 1358 2271 vivacitate
1395 2212 1601 2270 mentis
1640 2216 1851 2270 contra
1886 2212 2249 2285 voluptatem

166 2293 432 2365 corporis
459 2291 638 2351 dicat.
709 2292 804 2349 An
845 2309 1021 2365 vero,
1069 2297 1286 2368 inquit,
1339 2295 1686 2368 voluptates
1727 2290 2012 2366 corporis
2053 2308 2242 2367 expe·

168 2373 417 2443 tendae,
476 2389 638 2446 quae
679 2389 822 2433 vere
860 2382 923 2435 et
960 2375 1229 2451 graviter
1257 2394 1293 2436 a
1321 2377 1574 2436 Platone
1615 2374 1818 2436 dictae
1864 2383 2009 2435 sunt
2037 2375 2244 2436 illece-

168 2454 316 2514 brae
345 2470 489 2515 esse
519 2462 704 2531 atque
733 2472 916 2519 escae
951 2461 1290 2521 malorum?
1358 2460 1527 2536 Quae
1579 2457 1738 2520 enim
1783 2458 2088 2520 confectio
2120 2465 2240 2531 est,

167 2540 370 2613 inquit,
407 2539 791 2615 valetudinis,
823 2557 982 2617 quae
1006 2543 1369 2604 deformatio
1395 2542 1622 2604 coloris
1648 2550 1709 2603 et
1732 2541 2032 2619 corporiS,
2067 2542 2238 2617 quod

171 2630 348 2698 turpe
391 2623 708 2698 damnum,
782 2627 1266 2701 quod·dedecus
1321 2629 1487 2702 quod
1536 2641 1660 2687 non
1707 2633 2004 2687 evocetur
2052 2634 2241 2701 atque

170 2706 444 2768 eliciatur
485 2711 837 2785 voluptate?
891 2710 1064 2771 cuius
1108 2718 1311 2771 motus
1354 2717 1422 2770 ut
1471 2711 1735 2785 quisque
1782 2717 1875 2769 est
1915 2711 2237 2780 maximus,

169 2788 253 2849 ita
298 2798 397 2851 est
444 2790 897 2854 inimicissimus
955 2793 1402 2870 philosophiae.
1484 2794 1836 2869 congruere
1887 2792 2044 2853 enim
2097 2808 2238 2853 cum

171 2872 540 2948 cogitatione
571 2892 788 2951 magna
817 2879 1099 2955 voluptas
1124 2877 1406 2954 corporis
1440 2894 1559 2938 non
1586 2883 1812 2953 potest.
1884 2875 2030 2949 Quis
2055 2874 2237 2946 enim,

171 2973 357 3030 quum
391 2963 597 3017 utatur
636 2962 948 3036 voluptate
977 2975 1079 3033 ea,
1127 2979 1248 3037 qua
1278 2963 1440 3022 nulla
1470 2959 1670 3037 possit
1706 2958 1903 3020 maior
1930 2975 2106 3032 esse,
2153 2966 2238 3018 at·

169 3040 422 3101 tendere
453 3039 749 3115 animum,
794 3042 947 3108 inire
980 3045 1278 3118 rationeS,
1327 3042 1598 3120 cogitare
1629 3041 1875 3104 omnino
1903 3041 2240 3117 quidquam

168 3126 417 3196 potest?
493 3124 676 3187 Cuius
719 3134 923 3188 autem
961 3135 1166 3189 tantus
1206 3135 1302 3188 est
1345 3143 1574 3204 gurges
1616 3126 1717 3201 qui
1747 3126 1879 3187 dies
1917 3129 2241 3186 'et-noctes

170 3204 305 3265 sine
331 3209 456 3268 ulla
487 3207 709 3269 minimi
738 3212 1031 3286 temporis
1055 3210 1508 3273 intermissione
1533 3211 1681 3271 velit
1707 3210 1790 3270 ita
1826 3207 2064 3270 moveri
2085 3225 2239 3269 suos

172 3300 423 3361 sensus,
464 3296 536 3350 ut
573 3299 901 3353 moventur
926 3295 986 3354 in
1031 3294 1287 3356 summis
1317 3294 1768 3368 voluptatibus?
1838 3291 1984 3369 Quis
2034 3299 2240 3353 autem

171 3364 336 3427 bona
368 3378 569 3432 mente
609 3373 919 3449 praeditus
965 3394 1087 3438 non
1121 3381 1328 3439 mallet
1351 3380 1548 3439 nullas
1581 3377 1828 3440 omnino
1856 3374 2037 3438 nobis
2066 3391 2107 3435 a
2140 3391 2239 3436 na-
