2381 3723
618 139 760 200 ΜΒ.
794 139 863 199 11.
909 140 1073 207 CAP.
1106 150 1370 204 19—21.
1415 151 1467 210 s.
1502 149 1760 204 δεμ-74.
2145 143 2230 206 73

150 289 430 367 corrupti
472 308 675 352 mores
726 293 1169 369 depravatique
1216 301 1361 355 sunt
1405 292 1806 355 admiratione
1856 292 2230 356 divitiarum:

148 390 411 451 quarum
458 374 815 450 magnitudo
858 376 1003 452 quid
1048 378 1128 437 ad
1174 393 1363 438 unum
1408 394 1718 453 quemque
1767 384 2044 439 nostrum
2097 394 2230 453 per-

146 457 342 518 tinet?
413 459 587 519 Illum
625 460 893 520 fortasse
943 461 1223 534 adiuvat,
1278 460 1382 537 qui
1437 462 1638 521 habet.
1710 462 1813 522 'Ne
1867 460 1929 521 id
1984 459 2229 536 quidem

145 557 419 617 semper.
499 541 627 603 Sed
662 543 757 603 l'ac
786 542 1027 605 iuvare:
1081 543 1353 605 utentior
1385 561 1535 607 sane
1565 543 1672 620 sit,
1720 543 2041 606 honestior
2078 561 2233 607 vero

145 643 269 702 quo
318 625 550 687 modo?
625 626 803 702 Quod
851 628 904 688 si
949 627 1126 688 etiam
1184 629 1388 689 bonus
1441 628 1554 690 erit
1597 628 1717 702 vir,
1769 645 1850 690 ne
1897 627 2232 704 impediant

143 707 395 769 divitiae
429 727 552 785 quo
585 709 785 773 minus
818 709 1089 785 iuvetur,
1135 713 1322 773 modo
1354 728 1433 773 ne
1465 712 1775 787 adiuvent,
1810 711 2015 789 sitque
2047 728 2235 773 omne

139 791 436 853 iudicium
471 810 595 854 non
627 811 810 870 quam
842 795 1153 872 locuples,
1188 795 1305 856 sed
1338 795 1537 872 qualis
1570 795 1834 872 quisque
1863 795 1971 857 sit!
2016 797 2233 856 Extre-

144 893 316 936 mum
351 883 556 937 autem
610 886 1008 954 praeceptum
1036 878 1097 939 in
1151 879 1465 940 beneficiis
1509 896 1824 956 operaque
1860 880 2092 953 danda,
2150 897 2237 939 ne

142 960 293 1036 quid
323 967 543 1021 contra
565 961 932 1037 aequitatem
957 963 1333 1037 contendas,
1365 980 1444 1024 ne
1476 961 1622 1039 quid
1651 981 1764 1038 pro
1787 961 2026 1023 iniuria.
2071 963 2231 1023 Fun-

141 1045 503 1105 damentum
560 1044 721 1105 enim
774 1054 870 1107 est
926 1054 1263 1124 perpetuae
1312 1045 1861 1108 commendationis
1919 1054 1981 1106 et
2033 1047 2235 1107 famae

142 1127 373 1190 iustitia
393 1176 408 1201 ,
444 1127 578 1189 sine
609 1146 731 1205 qua
763 1129 907 1190 nihil
940 1138 1148 1206 potest
1178 1147 1323 1192 esse
1354 1129 1675 1192 laudabile.

241 1213 431 1273 XXI.
483 1211 583 1273 72.
672 1212 829 1287 Sed,
888 1214 1175 1290 quoniam
1239 1214 1318 1276 de
1375 1232 1451 1275 eo
1507 1229 1737 1290 genere
1785 1212 2227 1275 beneficiorum

140 1296 374 1358 dictum
408 1302 535 1370 est,
567 1314 727 1373 quae
757 1300 836 1359 ad
862 1297 1139 1375 singulos
1165 1305 1478 1376 spectant,
1515 1297 1812 1374 deinceps
1838 1298 1916 1358 de
1947 1297 2038 1369 iis,
2072 1313 2237 1373 quae

139 1381 216 1441 ad
260 1379 604 1442 universos
653 1398 939 1457 quaeque
974 1383 1052 1442 ad
1100 1400 1230 1443 rem
1278 1380 1584 1460 publicam
1628 1380 1962 1458 pertinent,
2025 1380 2231 1457 dispu-

139 1467 399 1525 tandum
439 1471 554 1525 est.
631 1466 861 1527 Eorum
901 1474 1105 1528 autem
1146 1466 1424 1544 ipsorum
1457 1464 1675 1543 partim
1708 1463 1842 1527 eius
1872 1464 2038 1527 modi
2067 1470 2233 1536 sunt,

140 1558 208 1611 ut
236 1550 320 1608 ad
357 1547 686 1611 universos
727 1549 899 1611 cives
931 1548 1302 1626 pertineant,
1348 1549 1593 1628 partim,
1641 1548 1920 1626 singulos
1948 1556 2016 1610 ut
2058 1548 2233 1615 attin-

138 1640 307 1709 gant,
363 1648 527 1709 quae
575 1642 720 1695 sunt
760 1633 939 1694 etiam
985 1635 1271 1710 gratiora.
1344 1636 1560 1697 Danda
1594 1651 1788 1711 opera
1822 1642 1919 1695 est
1960 1632 2235 1706 omniun,

141 1718 192 1778 si
228 1715 807 1794 possit,.utrisque,
840 1734 957 1779 nec
988 1718 1216 1790 minuS,
1254 1726 1322 1780 ut
1353 1719 1534 1780 etiam
1565 1717 1820 1794 singulis
1853 1719 2226 1789 consulatur,

141 1802 259 1863 sed
291 1801 404 1875 ita,
451 1806 517 1859 ut
546 1817 620 1861 ea
659 1819 761 1863 res
794 1809 898 1864 aut
927 1803 1125 1880 prosit
1159 1810 1264 1865 aut
1299 1810 1466 1865 certe
1499 1819 1578 1863 ne
1613 1801 1777 1863 obsit
1809 1801 1898 1863 rei
1924 1801 2228 1877 publicae.

144 1887 208 1947 C.
255 1883 518 1946 Gracchi
566 1886 959 1947 frumentaria
1004 1904 1226 1964 magna
1265 1887 1534 1963 largitio:
1603 1885 2004 1947 exhauriebat
2048 1885 2236 1960 igitur

143 1968 483 2030 aerarium:
529 1969 771 2031 modica
816 1971 895 2029 Μ.
943 1969 1176 2033 Octavii
1221 1979 1283 2032 et
1330 1970 1420 2031 rei
1469 1968 1751 2045 publicae
1794 1968 2127 2028 tolerabilis
2171 1976 2232 2026 et

143 2053 307 2128 plebi
350 2053 740 2114 necessaria:
795 2071 945 2129 ergo
990 2063 1050 2117 et
1093 2054 1329 2116 civibus
1362 2060 1426 2116 et
1463 2054 1552 2114 rei
1594 2051 1880 2129 publicae
1923 2046 2233 2111 salutaris.

145 2136 245 2197 73.
295 2138 366 2198 In
397 2136 609 2213 primis
640 2145 844 2199 autem
876 2138 1208 2199 videndum
1235 2138 1349 2199 erit
1377 2136 1462 2209 ei,
1506 2136 1608 2212 qui
1632 2152 1761 2197 rem
1795 2133 2096 2213 publicam
2129 2134 2232 2195 ad-

146 2220 572 2294 ministrabit,‘
596 2229 663 2283 ut
690 2239 869 2283 suum
904 2222 1168 2299 quisque
1212 2225 1418 2282 teneat
1461 2238 1665 2297 neque
1696 2222 1774 2282 de
1807 2220 1987 2282 bonis
2033 2219 2232 2297 priva·

143 2312 350 2366 torum
383 2304 627 2383 publice
669 2305 1004 2368 deminutio
1038 2308 1163 2367 fiat.
1237 2303 1586 2367 Perniciose
1627 2306 1786 2366 enim
1817 2304 2131 2382 Philippus
2171 2303 2232 2363 in

145 2390 490 2462 tribunatu,
546 2407 734 2465 quum
763 2392 959 2466 legem
992 2390 1303 2466 agrariam.
1333 2392 1547 2464 ferret,
1605 2407 1809 2469 quam,
1834 2396 2039 2450 tamen
2080 2386 2232 2449 anti-

144 2473 322 2549 quari
369 2472 547 2534 facile
588 2491 817 2550 passus
860 2482 956 2536 est
997 2484 1059 2535 et
1100 2474 1161 2535 in
1200 2491 1278 2535 eo
1309 2475 1705 2535 vehementer
1746 2490 1818 2534 se
1849 2474 2233 2534 moderatum
2325 2512 2329 2516 -

143 2555 462 2633 praebuit,
517 2558 632 2619 sed
664 2574 853 2634 quum
880 2558 941 2618 in
978 2559 1221 2634 agendo
1258 2560 1446 2619 multa
1497 2556 1874 2633 populariter
1916 2563 2040 2616 tum
2085 2556 2233 2616 illud

143 2643 339 2712 male,
396 2646 558 2702 ‘non
592 2658 738 2703 esse
765 2641 825 2702 in
866 2640 1110 2703 civitate
1141 2644 1266 2704 duo
1299 2640 1461 2702 milia
1493 2639 1802 2701 hominum
1834 2638 1938 2715 qui
1969 2655 2098 2699 rem
2133 2640 2233 2699 ha-

144 2724 389 2785 berent.
395 2730 417 2759 ⁹
486 2724 777 2801 Capitalis
802 2724 996 2787 oratio
1021 2733 1136 2800 est,
1169 2727 1247 2786 ad
1272 2722 1704 2800 aequationem
1727 2723 2031 2784 bonorum
2056 2723 2233 2797 perti·

143 2826 341 2881 nenS,
402 2826 525 2885 qua
568 2816 748 2905 peste
790 2826 950 2886 quae
995 2817 1201 2885 potest
1234 2826 1376 2870 esse
1425 2808 1658 2870 maior?
1730 2807 1903 2869 Hanc
1944 2805 2107 2868 enim
2154 2806 2237 2868 ob

147 2908 407 2954 causam
429 2892 726 2966 maxime,
758 2899 827 2954 ut
850 2910 964 2954 sua
988 2899 1360 2966 tenerentur,
1397 2910 1499 2955 res
1525 2892 1807 2969 publicae
1831 2889 2238 2968 civitatesque

149 2976 528 3037 constitutae
575 2941 742 3038 sunt’.
819 2978 1003 3052 Nam,
1065 2976 1181 3038 etsi
1224 2978 1382 3038 duce
1433 2985 1651 3038 natura
1703 2977 2240 3053 congregabantur

150 3059 471 3136 homines,
518 3068 722 3121 tamen
759 3078 874 3138 spe
911 3060 1236 3122 custodiae
1264 3078 1469 3121 rerum
1505 3078 1753 3123 suarum
1783 3061 2021 3122 urbium
2064 3074 2235 3134 prae·

145 3142 308 3205 sidia
330 3147 733 3220 quaerebant.
822 3147 923 3206 74.
963 3146 1181 3206 Danda
1205 3144 1385 3206 etiam
1417 3161 1607 3222 opera
1632 3153 1728 3206 est
1749 3162 1846 3216 ne,
1881 3143 2050 3237 quod
2074 3141 2237 3216 apud

150 3227 422 3289 maiores
459 3235 715 3290 nostros
752 3245 942 3305 saepe
974 3228 1162 3289 fiebat
1202 3235 1458 3303 propter
1487 3228 1706 3289 aerarii
1749 3224 2101 3285 tenuitatem
2135 3222 2237 3282 ad-

146 3311 629 3388 siduitatemque
682 3312 1011 3385 bellorum,
1066 3311 1355 3372 tributum
1394 3311 1473 3371 sit
1528 3307 2000 3376 conferendum,
2051 3305 2238 3375 idque

147 3411 228 3456 ne
252 3395 502 3456 eveniat
523 3397 715 3457 multo
743 3403 883 3456 ante
903 3394 1018 3456 erit
1041 3394 1514 3472 providendum.
1587 3390 1701 3450 Sin
1718 3396 1878 3461 quae
1899 3383 2239 3444 necessitas
