2381 3723
94 188 215 248 174
552 184 876 246 LAELIUS
924 185 1024 244 DE
1069 184 1420 244 AMlclTlA
1466 183 1697 244 LIBER
2098 195 2176 244 58

90 341 326 414 Aperte
358 336 516 397 enim
548 338 899 396 adulantem
932 351 1113 394 nemo
1147 350 1273 394 non
1311 333 1495 404 videt,
1543 331 1662 394 nisi
1694 332 1799 409 qui
1829 334 2164 394 admodum

97 431 190 482 est
220 436 473 482 excors:
521 420 779 480 callidus
810 420 910 478 ille
943 426 1005 478 et
1040 420 1323 478 occultus
1357 433 1436 477 ne
1467 433 1536 478 se
1570 416 1840 477 insinuet
1882 417 2175 480 studiose

94 506 437 566 cavendum
485 512 608 563 est:
656 518 770 563 nec
818 503 977 562 enim
1026 502 1311 562 facillime
1354 501 1730 576 agnoscitur,
1780 500 2014 577 quippe
2059 503 2166 578 qui

95 591 275 651 etiam
309 588 703 649 adversando
748 601 942 661 saepe
986 587 1348 646 adsentetur
1393 591 1454 644 et
1490 584 1725 660 litigare
1756 600 1828 645 se
1867 586 2173 647 simulans

92 674 444 734 blandiatur
472 679 662 747 atque
692 672 767 732 ad
799 678 1140 730 extremum
1173 671 1279 729 det
1309 685 1529 728 manus
1557 668 1846 744 vincique
1875 685 1946 729 se
1977 670 2165 744 patia-

96 767 208 827 tur,
243 759 312 817 'ut
345 757 414 834 is,
449 756 553 831 qui
577 756 799 816 illusus
837 754 934 821 sit,
971 756 1113 829 plus
1143 751 1383 813 vidi'sse
1406 751 1712 813 videatur.
1775 753 1934 828 Quid
1963 761 2170 814 autem

97 841 334 916 turpius
368 856 551 916 quam
580 839 793 899 illudi?
861 839 1040 912 Quod
1071 854 1150 897 ne
1184 837 1425 897 accidat
1455 838 1801 897 cavendum
1835 844 1948 909 cst,
1993 847 2060 898 ut
2103 837 2168 898 in

95 925 414 1001 Epiclero:

260 1035 455 1107 Hodie
496 1048 589 1093 me
631 1037 774 1091 ante
817 1033 1006 1092 omnis
1045 1032 1298 1091 comicos
1336 1032 1545 1091 stultos
1586 1046 1754 1091 senes

278 1119 556 1179 Vorsaris
597 1123 775 1190 atque
814 1116 1156 1175 emunxeris
1198 1116 1559 1174 lautissume.

102 1224 238 1285 100.
304 1226 473 1285 Haec
521 1221 682 1283 enim
727 1221 787 1283 in
846 1219 1068 1281 fabulis
1114 1219 1296 1280 etiam
1353 1220 1714 1281 stultissima
1757 1237 2028 1298 persona
2074 1230 2172 1283 est

96 1308 581 1385 improvidorum
616 1313 678 1367 et
711 1307 1103 1366 credulorum
1135 1319 1371 1364 senum.
1431 1304 1556 1365 Sed
1588 1304 1801 1366 nescio
1829 1324 1953 1380 quo
1983 1316 2169 1382 pacto

95 1394 174 1453 ab
210 1392 491 1453 amicitiis
524 1392 941 1467 perfectorum
974 1386 1307 1456 hominum,
1339 1388 1401 1448 id
1434 1396 1547 1461 est,
1575 1389 1947 1465 sapientium
1985 1425 2054 1435 -
2089 1392 2168 1451 de

97 1477 210 1537 hac
226 1476 366 1540 dico
391 1475 712 1550 sapientia,
743 1489 903 1549 quae
926 1473 1170 1533 videtur
1190 1470 1249 1531 in
1277 1472 1586 1533 hominem
1614 1472 1840 1533 cadere
1860 1490 2166 1549 posse—,

98 1561 178 1620 ad
225 1564 399 1619 leves
446 1557 742 1617 amicitias
790 1556 1049 1617 defluxit
1093 1554 1315 1617 oratio.
1405 1557 1598 1630 Quam
1644 1558 1724 1617 ob
1770 1574 1899 1618 rem
1944 1559 2023 1618 ad
2066 1558 2168 1617 illa

101 1644 298 1719 prima
342 1642 670 1701 redeamus
715 1655 916 1715 eaque
963 1641 1100 1715 ipsa
1144 1641 1594 1701 concludamus
1640 1641 1996 1716 aliquando.

222 1758 464 1819 XXVII.
509 1758 743 1827 Virtus,
776 1756 992 1830 virtuS,
1025 1755 1295 1831 iuquam,
1329 1757 1390 1819 C.
1424 1756 1633 1825 Fanni,
1674 1765 1736 1818 et
1770 1768 1853 1828 tu,
1888 1760 1951 1833 Q.
1985 1758 2168 1829 Muci,

99 1850 161 1904 et
205 1842 492 1905 conciliat
521 1841 820 1904 amicitias
858 1848 920 1902 et
962 1848 1316 1902 conservat.
1391 1843 1457 1902 In
1504 1858 1580 1903 ea
1623 1849 1721 1903 est
1750 1841 1910 1904 enim
1944 1858 2167 1904 conve·

99 1927 341 1988 nientia-
357 1944 577 1998 rerum,
609 1926 671 1987 in
707 1943 782 1987 ea
811 1926 1130 1990 stabilitas.
1169 1926 1230 1985 in
1263 1942 1338 1985 ea
1367 1926 1748 1988 constantia:
1782 1944 1945 2001 quae
1975 1944 2166 2003 quum

99 2028 172 2073 se
201 2011 418 2073 extulit
450 2021 511 2073 et
543 2011 812 2072 ostendit
847 2027 1026 2072 suum
1072 2012 1275 2070 lumen
1311 2017 1372 2069 et
1410 2010 1571 2070 idem
1603 2012 1848 2086 aspexit
1887 2011 2168 2087 agnovit-

101 2113 224 2172 que
265 2095 327 2156 in
370 2096 519 2167 alio,
581 2096 661 2155 ad
704 2094 767 2157 id
812 2111 884 2156 se
928 2095 1221 2154 admovet
1271 2093 1671 2168 vicissimque
1730 2095 1955 2171 accipit
1998 2095 2169 2166 illud,

102 2180 269 2255 quod
316 2180 374 2239 in
408 2182 603 2239 altero
645 2188 759 2249 est,
807 2196 884 2238 ex
931 2195 1054 2254 quo
1088 2180 1438 2239 exardescit
1478 2178 1614 2237 sive
1643 2193 1818 2239 amor
1858 2181 1996 2240 sive
2023 2180 2168 2239 ami·

101 2264 260 2323 citia.
363 2264 705 2337 Utrumque
763 2262 923 2322 enim
991 2263 1220 2323 dictum
1288 2268 1385 2321 est
1449 2263 1527 2322 ab
1589 2263 1887 2323 amando:
1961 2279 2168 2323 amare

100 2354 305 2406 autem
351 2344 494 2404 nihil
545 2354 642 2406 est
671 2345 834 2406 aliud
869 2346 984 2406 nisi
1034 2362 1173 2406 eum
1203 2345 1406 2420 ipsum
1436 2344 1709 2421 diligere,
1759 2364 1943 2422 quem
1973 2363 2167 2420 ames,

102 2432 268 2490 nulla
300 2428 652 2503 indigentia,
699 2431 862 2489 nulla
897 2430 1158 2490 utilitate
1201 2429 1514 2504 quaesita:
1579 2429 1720 2489 101.
1767 2448 1926 2506 quae
1961 2438 2168 2492 tamen

102 2515 242 2589 ipsa
272 2510 615 2573 efflorescit
638 2529 716 2574 ex
748 2513 1030 2590 amicitia,
1066 2513 1249 2574 etiam
1280 2514 1333 2573 si
1364 2522 1431 2574 tu
1461 2529 1598 2574 eam
1629 2514 1830 2575 minus
1862 2523 2171 2591 sequutus

102 2599 210 2659 sis.
296 2597 426 2657 Hac
471 2613 589 2657 nos
646 2598 1079 2658 adolescentes
1136 2597 1572 2658 benevolentia
1630 2614 1815 2660 senes
1869 2600 2039 2675 illoS,
2096 2600 2162 2659 L.

103 2684 394 2752 Paullum,
425 2682 502 2742 M.
534 2682 846 2749 Catonem,
880 2683 942 2743 C.
978 2683 1237 2756 Gallum,
1270 2681 1339 2743 P.
1373 2682 1675 2749 Nasicam,
1707 2682 1799 2743 Ti.
1826 2683 2169 2744 Gracchum

104 2767 411 2844 Scipionis
446 2765 640 2827 nostri
676 2782 964 2826 socerum
998 2765 1356 2826 dileximus:
1405 2766 1558 2826 haec
1590 2766 1773 2826 etiam
1804 2767 2000 2842 magis
2042 2770 2167 2827 elu-

104 2860 202 2911 cet
242 2852 770 2925 inter·aequaleS,
819 2857 887 2909 ut
930 2848 1090 2910 inter
1129 2865 1229 2909 me
1270 2857 1332 2909 et
1376 2848 1749 2925 Scipionem,
1800 2851 1863 2910 L.
1903 2850 2168 2918 Furium,

100 2935 163 2994 P.
208 2933 537 3010 Rupilium,
580 2934 684 3009 Sp.
717 2933 1088 2995 Mummium.
1149 2932 1439 2993 Vicissim
1479 2942 1685 2993 autem
1716 2950 1902 2995 senes
1935 2937 1992 2994 in
2024 2935 2170 2994 ado-

103 3017 468 3081 lescentium
513 3017 767 3078 caritate
814 3016 1304 3096 acquiescimus,
1360 3024 1428 3077 ut
1470 3018 1530 3077 in
1588 3027 1824 3095 vestra,
1881 3026 1950 3079 ut
1992 3018 2051 3078 in
2100 3019 2169 3091 Q.

101 3101 478 3164 Tuberonis:
512 3101 796 3175 equidem
823 3101 1006 3162 etiam
1036 3102 1369 3162 admodum
1392 3101 1819 3162 adolescentis
1847 3102 1912 3163 P.
1942 3101 2167 3173 Rutilii‘,

101 3190 175 3244 A.
226 3184 526 3260 Verginii,
576 3185 984 3247 familiaritate
1026 3186 1324 3246 delector.
1415 3187 1849 3261 Quoniamque
1892 3186 1977 3247 ita
2016 3186 2172 3246 ratio

104 3276 460 3339 comparata
492 3276 589 3328 est
624 3268 783 3326 vitae
814 3277 1199 3344 naturaeque
1228 3276 1502 3340 nostrae,
1548 3277 1618 3331 ut
1649 3270 1769 3331 alia
1800 3278 1976 3331 aetas
2012 3268 2169 3331 oria·

101 3356 218 3414 tur,
251 3350 513 3409 maxime
539 3350 786 3424 quidem
812 3353 1148 3425 optandum
1175 3361 1273 3414 cst
1298 3361 1365 3414 ut
1390 3370 1529 3414 cum
1553 3353 1917 3429 aequalibus
1944 3354 2170 3430 possiS,

104 3430 471 3505 quibuscum
501 3439 812 3507 tamquam
848 3449 883 3492 e
915 3438 1269 3498 carceribus
1301 3438 1566 3500 emissus
1600 3438 1686 3501 sis
1698 3481 1720 3517 ,
1765 3453 1903 3498 cum
1936 3438 2172 3500 eisdem
