2381 3723
163 92 291 160 372
375 92 580 155 ANTE
602 93 1248 168 QUAMVIRJNEXS.
1296 94 1691 157 CAP.11.12.
1728 104 2054 165 §.aa—30.
2177 104 2275 159 182
2377 41 2381 90 Ι

165 248 526 325 praesertim
561 262 687 308 non
722 245 969 322 generis
1001 243 1393 319 antiquitate,
1439 247 1553 306 sed
1596 246 1835 309 virtutis
1869 248 2271 311 ornamentis
2378 215 2381 337 ⁴

164 349 195 393 s
367 348 464 392 am
492 332 735 393 laudem
760 328 873 390 sim
905 335 1301 391 consecutus.
2379 341 2381 372 τ

348 416 418 476 11.
464 414 564 477 29.
608 415 785 476 Nunc
816 429 934 489 ego
964 430 1115 487 voS,
1154 411 1400 489 equites
1424 412 1723 487 Romani,
1757 414 2070 489 obtestor,
2115 434 2268 492 quo-

162 517 298 561 rum
331 499 552 561 virtute
583 514 807 560 nomen
842 495 1538 559 Romanum-victoriam
1580 513 1721 558 cum
1761 498 1942 559 laude
1973 501 2272 576 possidet

165 582 588 656 coniunctam,
625 598 889 657 quorum
930 580 1107 643 factis
1138 580 1487 657 gloriantur,
1502 579 1672 643 cives
1692 627 1708 656 ,
1744 583 2057 643 laetantur
2091 584 2267 656 socii,

164 673 417 743 gemunt
443 666 683 737 hosteS,
715 671 812 739 ut,
845 663 898 726 si
930 681 1077 742 erga
1105 682 1221 727 vos
1247 664 1414 727 omni
1443 671 1725 742 tempore
1757 665 1990 741 optime
2021 668 2115 728 fui
2150 668 2268 728 ani-

163 759 392 824 matuS,
432 750 487 811 si
517 765 657 810 mea
691 750 967 826 pericula
1008 747 1281 825 neglexi,
1325 750 1469 811 dum
1504 748 1786 811 timorem
1817 766 1854 811 a
1883 750 2092 827 patria
2125 769 2268 829 pro·

162 836 501 909 pulsarem,
538 833 591 894 si
626 850 827 910 aeque
860 833 1068 895 liberis
1104 832 1328 894 vestris
1372 833 1673 911 prospexi
1714 850 1787 895 ac
1824 852 1945 896 vos
1988 834 2266 912 parenti-

162 920 281 981 bus
328 918 713 994 consuestiS,
761 925 851 980 ut'
880 934 1051 1001 nunc
1089 933 1188 977 me
1248 916 1444 979 velitis
1492 917 1715 980 vestris
1770 917 1997 995 opibus
2054 920 2266 981 defen·

164 1021 303 1065 sum
334 1002 704 1066 incolumem
745 1002 808 1063 in
841 1002 959 1064 hac
990 999 1241 1063 civitate
1271 1001 1565 1077 retinere,
1612 1019 1773 1079 quae
1811 1001 2036 1065 civitas
2075 1021 2267 1080 quum

162 1106 201 1149 a
237 1090 541 1149 scelerata
572 1087 996 1151 coniuratione
1017 1092 1199 1148 esset
1227 1083 1514 1160 incensa,
1547 1102 1686 1148 meo
1720 1087 1912 1148 ductu
1940 1103 2018 1148 ac
2047 1089 2267 1151 labore

162 1171 458 1235 restincta
488 1180 615 1247 est,
658 1189 774 1234 nec
812 1168 1125 1249 patiamini
1153 1186 1254 1231 me
1285 1186 1321 1231 a
1350 1168 1504 1231 meis
1533 1169 1742 1233 liberis
1773 1172 2163 1235 abstractum
2183 1220 2199 1247 ,
2235 1189 2268 1233 a

164 1256 429 1333 coniuge
464 1258 815 1333 abreptum,
862 1255 940 1316 ab
987 1254 1110 1316 aris
1153 1254 1438 1331 focisque
1476 1253 1869 1317 innocentem
1912 1256 2268 1332 proiectum

160 1338 346 1402 vitam
378 1342 607 1418 degere
656 1340 717 1402 in
759 1338 1009 1414 exsilio,
1055 1337 1380 1401 miserrimi
1431 1338 1706 1401 mortalis
1757 1356 1973 1401 casum
2027 1340 2266 1403 subire;

163 1424 265 1487 30.
309 1424 630 1488 Proiicitur
662 1426 892 1487 Tullius
919 1422 984 1484 in
1019 1421 1321 1485 exsilium.
1383 1426 1469 1485 At
1495 1425 1734 1499 aquo?
1767 1423 2054 1487 nimirum
2088 1426 2260 1489 inno

165 1517 315 1571 cens
344 1511 422 1570 ab
451 1508 727 1583 inimico,
764 1506 1094 1585 religiosus
1127 1525 1164 1569 a
1190 1510 1528 1582 scelerato,
1564 1508 1909 1570 benevolus
1939 1508 2089 1570 huic
2122 1509 2267 1571 civi·

163 1593 272 1654 tati
307 1594 384 1652 ab
416 1593 617 1654 hoste.
676 1591 724 1653 Ο
748 1591 974 1654 misera
1007 1590 1166 1653 vitae
1201 1592 1390 1666 ratio,
1434 1608 1592 1668 quae
1624 1599 1747 1653 tam
1783 1590 1890 1654 diu
1919 1593 2176 1656 resides
2205 1593 2264 1654 in

163 1678 510 1754 voluptate,
548 1694 733 1753 quam
767 1676 871 1739 diu
900 1678 1183 1739 fortunae
1210 1676 1420 1751 poscit
1447 1675 1669 1737 libido!
1718 1677 1936 1752 Egone
1972 1676 2263 1739 inimicus

163 1759 303 1822 nuic
350 1759 619 1823 civitati?
670 1763 862 1838 Quam
897 1762 978 1823 ob
1009 1762 1178 1821 rem?
1238 1760 1382 1835 quia
1421 1759 1703 1822 inimicos
1740 1760 1981 1822 necavi.
2042 1763 2266 1838 Egone

161 1846 402 1910 hostis?
460 1845 614 1924 Quid
668 1847 791 1909 ita?
847 1845 992 1923 quia
1041 1845 1259 1907 hostes
1302 1842 1599 1907 interfeci.
1675 1845 1766 1906 En
1823 1844 2263 1909 condicionem

163 1929 343 1994 huius
387 1930 713 2010 temporis!
761 1938 942 1992 antea
974 1930 1172 2007 gloria
1216 1946 1291 1990 ac
1338 1929 1520 1991 laude
1563 1928 1907 2007 dignissimi
1951 1931 2265 1993 duceban-

161 2022 262 2076 tur
303 2015 408 2093 qui
453 2018 607 2078 haec
636 2018 1058 2094 perfecerunt,
1089 2030 1254 2076 nunc
1297 2013 1582 2077 scelerati
1614 2030 1689 2075 ac
1729 2013 2079 2091 parricidae
2119 2031 2264 2077 esse

163 2098 451 2162 dicuntur
493 2101 596 2177 qui
638 2102 793 2161 haec
828 2098 1349 2160 administrarunt.
1442 2096 1578 2159 Sint
1614 2115 1771 2160 sane
1800 2099 2124 2175 scelerati,
2162 2118 2264 2161 su-

160 2190 341 2260 peret
379 2184 640 2247 istorum
672 2183 965 2257 victoria,-
1005 2181 1060 2244 si
1089 2183 1279 2244 modo
1326 2180 1580 2244 victoria
1620 2184 1996 2261 appellanda
2025 2190 2172 2259 est,
2203 2184 2264 2245 in

164 2284 287 2343 qua
316 2267 579 2330 civitatis
610 2266 774 2328 inest
801 2268 1036 2326 luctus:
1062 2267 1343 2328 ‚habeant
1373 2267 1533 2327 hanc
1563 2268 1829 2343 palmam
1861 2267 1946 2328 ex'
1968 2267 2265 2330 innocen-

162 2350 240 2411 tis
274 2368 516 2414 cruore.
589 2350 843 2412 Tantum
887 2347 1037 2409 illud
1067 2365 1103 2408 a
1140 2349 1358 2425 vobis,
1405 2349 1645 2427 equites
1678 2349 1972 2426 Romani,
2014 2360 2170 2429 peto
2206 2360 2265 2413 et

160 2450 363 2510 rogo,
416 2442 511 2508 ut,
582 2450 764 2511 quem
825 2449 1018 2510 saepe
1077 2451 1335 2496 numero
1388 2445 1599 2496 vestra
1650 2436 1833 2498 laude
1887 2437 2264 2498 cohonesta-

163 2517 274 2580 stis
290 2566 306 2593 ,
353 2519 638 2580 eumdem
689 2517 752 2580 in
798 2516 1000 2581 dubiis
1047 2517 1211 2580 vitae
1253 2516 1544 2596 periculis
1584 2527 1800 2601 'vestra
1837 2519 2068 2582 virtute
2121 2537 2265 2583 con·

73 2600 81 2608 '
163 2602 442 2668 servetis

843 2848 1146 2912 ῙΝΟΕΒΤῙ
1187 2845 1578 2910 Aucroms

627 2958 1796 3053 CONSOLATIO.

286 3111 335 3171 1.
380 3112 438 3172 1.
484 3111 866 3186 Quamquam
901 3107 1254 3170 recentibus
1296 3103 1529 3168 morbis
1562 3102 1931 3167 medicinam
1963 3101 2262 3166 adhibere

162 3198 377 3253 vetant
415 3193 731 3270 sapientes
776 3191 1048 3269 nihilque
1091 3190 1343 3255 adversi
1384 3188 1734 3255 hominibus
1780 3185 2071 3251 accidere
2101 3188 2265 3251 solet

161 3273 224 3332 in
264 3274 422 3349 vita,
469 3279 636 3351 quod
678 3283 782 3338 aut
822 3274 1226 3352 improvisum
1269 3282 1375 3338 aut
1416 3274 1907 3351 inexspectatum
1953 3273 2263 3350 videatur,

166 3369 466 3433 conemur
497 3366 697 3421 tamen
717 3406 733 3433 ,
766 3357 822 3421 si
857 3374 978 3434 qua
1007 3359 1248 3423 ratione
1276 3375 1645 3437 possumus,
1675 3352 1911 3419 mederi
1950 3354 2265 3420 nobismet
