2381 3723
54 74 184 136 184
859 72 1341 136 PARADOXON
1481 97 1487 106 ¹
2076 89 2149 144 68

58 228 276 302 pulsus
321 243 437 301 ego
487 224 729 286 civitate
781 242 902 286 non
950 242 1118 298 sum,
1175 241 1335 301 quae
1379 228 1545 288 nulla
1592 235 1750 302 erat,
1805 228 2144 291 arcessitus

60 312 119 371 in
175 307 482 370 civitatem
539 327 704 383 sum,
772 321 958 384 quum
1014 317 1184 370 esset
1227 308 1286 369 in
1334 326 1401 369 re
1449 311 1694 386 publica
1738 314 1985 386 consul,
2043 313 2144 388 qui

61 401 184 454 tum
218 395 420 454 nullus
459 395 687 466 fuerat,
743 400 914 453 esset
950 402 1234 467 senatus,
1292 392 1396 468 qui
1430 401 1556 454 tum
1590 397 1929 469 occiderat,
1975 407 2147 457 esset

61 494 409 539 consensus
469 476 685 553 populi
739 476 941 549 liberi,
1005 483 1177 537 esset
1228 475 1375 537 iuris
1430 486 1491 538 et
1554 478 1910 555 aequitatiS,
1985 497 2145 555 quae

56 561 299 622 vincula
322 568 467 622 sunt
497 559 758 620 civitatis
777 608 791 633 ,
838 560 1098 637 repetita
1127 560 1437 622 memoria.
1511 565 1607 624 Ac
1631 563 1772 623 vide
1814 579 1996 638 quam
2027 563 2145 625 ista

56 645 144 706 tui
193 644 493 705 latrocinii
547 646 666 705 tela
719 643 1218 720 contempserim.
1307 645 1534 705 laetam
1595 654 1657 707 et
1711 646 2043 707 immissam
2104 664 2144 707 a

61 740 118 788 te
173 728 467 789 nefariam
511 728 572 788 in
630 745 730 788 me
774 726 1048 789 iniuriam
1101 745 1348 804 semper
1406 729 1582 791 duxi:
1625 730 2019 807 ‘pervenisse
2063 731 2142 792 ad

58 828 157 872 me
213 828 546 887 numquam
604 810 846 887 putavi,
908 811 1027 872 nisi
1083 813 1271 888 sorte,
1345 831 1532 888 quum
1592 815 1859 891 parietes
1921 814 2139 876 distur-

60 896 251 957 babas
311 904 417 957 aut
475 914 662 971 quum
719 894 917 970 tectis,
951 898 1285 958 sceleratas
1338 900 1507 959 faces
1569 896 1907 971 inferebas,
1976 914 2140 959 meo·

60 998 191 1040 rum
251 980 481 1056 aliquid
548 997 729 1041 ruere
787 987 893 1041 aut
948 980 1294 1057 deflagrare
1341 980 1737 1043 arbitrabare.
1825 981 1925 1043 29.
1986 981 2142 1044 Nihil

62 1080 262 1140 neque
295 1082 498 1125 meum
533 1073 628 1126 est
656 1081 859 1139 neque
884 1066 1247 1141 cuiusquam
1280 1066 1446 1141 quod
1478 1065 1734 1140 auferri,
1768 1066 1937 1142 quod
1969 1064 2139 1142 eripi,

61 1149 229 1223 quod
272 1147 463 1209 amitti
503 1156 731 1225 potest.
811 1147 876 1208 Si
919 1147 1063 1208 mihi
1104 1148 1442 1226 eripuisses
1488 1149 1753 1210 divinam
1802 1148 1985 1209 animi
2025 1148 2142 1208 mei

59 1233 496 1307 constantiam,
545 1250 712 1294 meas
751 1249 960 1305 curas,
996 1231 1265 1309 vigiliaS,
1312 1232 1594 1307 consilia,
1647 1233 1868 1308 quibus
1897 1249 2001 1293 res
2032 1249 2143 1308 pu-

59 1316 216 1377 blica
246 1328 307 1377 te
343 1316 708 1377 invitissimo
749 1323 901 1388 stat,
952 1314 1008 1377 si
1042 1315 1222 1380 huius
1259 1316 1491 1377 aeterni
1522 1315 1805 1378 beneficii
1840 1316 2141 1377 immorta-

58 1402 178 1460 lem
211 1399 565 1460 memoriam
599 1398 975 1474 delevisseS,
1013 1402 1201 1461 multo
1236 1399 1415 1461 etiam
1448 1401 1670 1476 magiS,
1701 1400 1754 1460 si
1786 1400 1947 1461 illam
1979 1416 2142 1460 men·

58 1492 180 1544 tem
199 1530 214 1556 ,
249 1484 415 1544 unde
443 1483 597 1544 haec
630 1482 887 1545 consilia
909 1492 1262 1558 manarunt,
1298 1483 1839 1560 mihi‚eripuisseS‚
1870 1490 1997 1544 tum
2021 1499 2139 1558 ego

59 1566 383 1642 accepisse
414 1583 511 1626 me
544 1567 875 1627 confiterer
899 1567 1197 1628 iniuriam.
1272 1566 1397 1628 Sed
1428 1567 1483 1628 si
1514 1565 1669 1628 ha'ec
1692 1584 1770 1628 ne
1804 1565 2001 1628 fecisti
2027 1582 2142 1627 nee

59 1652 264 1710 facere
320 1648 604 1726 potuisti,
658 1650 920 1711 reditum
966 1650 1488 1727 mihi'gloriosum
1538 1650 1755 1714 iniuria
1802 1658 1908 1712 tua
1954 1649 2139 1723 dedit,

59 1752 183 1793 non
235 1733 461 1794 exitum
508 1734 951 1819 calamitosum.
1025 1735 1187 1811 Ergo
1243 1752 1360 1811 ego
1406 1752 1654 1812 semper
1703 1733 1855 1795 civis
1904 1741 1966 1795 et
2014 1744 2140 1794 tum

60 1816 350 1892 maxime,
398 1836 585 1895 quum
615 1835 813 1879 meam
849 1820 1107 1881 salutem
1152 1827 1405 1881 senatus
1435 1816 2043 1884 exterisnationibus
2074 1823 2142 1878 ut
2205 1884 2208 1893 ¹

61 1902 211 1963 civis
257 1902 470 1979 optimi
520 1903 1022 1976 commendabat,
1065 1910 1132 1964 tu
1173 1920 1252 1964 ne
1295 1921 1458 1964 nunc
1495 1903 1771 1980 quidem,
1823 1901 1940 1963 nisi
1983 1903 2142 1962 forte

58 1985 218 2047 idem
253 1987 450 2048 hostis
494 2004 638 2048 esse
672 1994 733 2048 et
759 1986 909 2048 civis
944 1994 1174 2064 potest.
1251 1990 1349 2047 An
1385 1995 1448 2048 tu
1479 1988 1676 2048 civem
1720 1986 1796 2046 ab
1833 1985 2013 2047 hoste
2041 2001 2140 2043 na·

58 2078 194 2131 tura
224 2088 297 2131 ac
327 2074 499 2144 loco,
534 2089 655 2132 non
682 2070 884 2133 animo
910 2070 1213 2146 factisque
1238 2069 1603 2147 distinguis?
1689 2072 1759 2130 11.
1805 2070 1906 2130 30.
1998 2070 2141 2130 Cae-

60 2155 198 2214 dem
231 2154 289 2213 in
321 2156 455 2215 soro
483 2153 709 2227 fecisti,
742 2156 990 2216 armatis
1013 2155 1354 2215 latronibus
1376 2157 1605 2231 templa
1626 2152 1907 2228 tenuisti,
1943 2152 2142 2230 priva·

63 2245 262 2298 torum
288 2238 531 2309 domoS,
563 2239 751 2298 aedes
777 2255 988 2299 sacras
1013 2238 1357 2300 incendisti.
1419 2238 1540 2299 Cur
1560 2237 1755 2299 hostis
1781 2236 2138 2314 SpartacuS,

59 2320 111 2380 si
151 2329 213 2380 tu
248 2320 440 2395 civis?
505 2321 690 2380 Potes
738 2327 939 2382 autem
984 2329 1049 2382 tu
1101 2319 1246 2382 esse
1291 2320 1470 2398 civiS,
1524 2328 1778 2398 propter
1827 2337 2007 2396 quem
2041 2319 2141 2379 ali·

61 2404 311 2478 quando
345 2403 557 2463 civitas
588 2420 712 2464 non
747 2404 893 2466 ruit?
948 2413 1011 2465 et
1037 2422 1133 2466 me
1169 2413 1276 2468 tuo
1311 2406 1557 2468 nomine
1587 2406 1897 2483 appellaS,
1954 2420 2142 2479 quum

61 2502 277 2548 omnes
310 2504 449 2548 meo
481 2485 770 2550 discessu
805 2491 1129 2551 exsulasse
1159 2507 1292 2550 rem
1320 2489 1627 2567 publicam
1662 2489 1920 2565 putent?
1963 2490 2117 2549 Num

62 2587 358 2646 quamne,
411 2572 598 2633 homo
645 2572 1093 2648 amentissime,
1145 2579 1207 2633 te
1252 2572 1739 2649 circumspicies,
1806 2588 2142 2647 numquam

58 2671 174 2715 nec
208 2655 355 2732 quid
389 2655 576 2717 facias
617 2655 1041 2718 considerabis
1078 2673 1196 2717 nec
1234 2656 1380 2732 quid
1410 2657 1709 2734 loquare?
1779 2654 1996 2717 Nescis
2041 2672 2143 2714 ex·

59 2738 258 2799 silium
289 2741 594 2801 scelerum
641 2757 784 2802 esse
828 2757 1123 2815 poenam,
1170 2757 1369 2801 meum
1413 2740 1560 2802 illud
1608 2740 1724 2801 iter
1762 2739 1842 2800 ob
1871 2739 2141 2815 praecla-

58 2823 333 2884 rissimas
371 2840 473 2884 res
503 2841 539 2883 a
558 2840 665 2901 pne
694 2831 908 2900 gestas
943 2841 1088 2886 esse
1120 2827 1520 2901 susceptum?
1606 2824 1707 2886 31.
1758 2823 1984 2884 Omnes
2007 2838 2137 2882 sce-

60 2906 228 2968 lerati
260 2913 447 2983 atque
481 2907 678 2984 impii,
712 2925 975 2984 quorum
1005 2916 1072 2969 tu
1097 2915 1156 2969 te
1188 2909 1409 2969 ducem
1441 2926 1585 2972 esse
1612 2906 1945 2984 profiteris,
1980 2921 2140 2982 quos

58 2991 230 3066 leges
262 2989 476 3052 exsilio
508 2991 690 3052 adfici
717 2992 963 3065 volunt,
1000 2994 1251 3053 exsules
1286 3000 1460 3068 sunt,
1496 2993 1676 3054 etiam
1707 2992 1760 3052 si
1792 2991 1990 3051 solum
2016 3004 2141 3049 non

57 3082 383 3136 mutarunt.
458 3076 557 3135 An
595 3093 780 3150 quum
816 3093 1031 3137 omnes
1079 3078 1249 3151 leges
1280 3083 1343 3137 te
1378 3079 1656 3138 exsulem
1693 3091 1838 3137 esse
1870 3072 2142 3145 iubeant,

59 3175 181 3218 non
214 3159 334 3220 eris
371 3167 437 3220 tu
467 3161 684 3221 exsul?
723 3162 766 3236 -1-
793 3161 946 3220 Num
982 3161 1325 3236 appellatur
1354 3158 1662 3233 inimicuS,
1709 3158 1813 3236 qui
1846 3175 1982 3219 cum
2018 3158 2142 3218 telo

58 3241 278 3300 fuerit?
343 3250 486 3303 ante
530 3250 811 3304 senatum
848 3250 955 3304 tua
999 3243 1128 3305 sica
1175 3245 1566 3321 deprehensa
1606 3249 1719 3305 est.
1797 3241 1912 3319 Qui
1952 3239 2144 3302 homi·

59 3338 199 3382 nem
250 3324 589 3386 occiderit?
671 3324 964 3400 plurimos
1022 3327 1321 3389 occidisti.
1399 3329 1509 3403 Qui
1568 3325 1918 3389 incendium
1981 3326 2144 3386 sece-

60 3403 171 3464 rit?
224 3404 413 3465 aedes
448 3409 866 3484 Nympharum
912 3426 1092 3470 manu
1145 3418 1249 3472 tua
1295 3411 1675 3488 deflagravit.
1754 3409 1866 3485 Qui
1908 3408 2136 3484 templa
