2381 3723
101 128 230 191 340
420 137 459 163 ‘
894 125 1378 188 FRAGMENTA
2092 141 2194 195 15⁰

105 282 164 340 Q.
203 279 267 331 fr.
294 279 384 332 lib.
417 278 486 344 Ι.)
518 282 563 330 si
598 279 773 330 titulus
810 278 929 329 libri
961 280 1273 346 Malespinae
1309 281 1591 330 coniectura
1625 288 1760 331 recte
1796 288 1872 330 est
1907 283 2192 346 restitutus,

105 349 318 399 extremi
356 348 473 399 libri
511 348 596 411 (ΙΙ.
636 363 701 399 ιιι
733 349 869 401 tertii
905 350 1174 415 incertum)
1213 357 1522 400 memoratur
1558 349 1719 400 oratio
1754 351 1909 405 lovis.

232 448 536 527 Principio
569 450 842 533 aetherio
879 449 1234 512 flammatus*
1254 450 1527 527 luppiter
1549 449 1681 526 igni

73 521 376 594 'Vertitur
403 540 465 594 et
497 541 690 596 totum
723 535 1042 616 collustrat
1071 534 1296 596 lumine
1327 535 1651 607 mundum,

105 620 437 693 Menteque
467 618 674 678 divina
708 620 942 680 caelum
973 626 1297 694 terrasque
1334 618 1603 694 petissit:

108 703 279 777 Quae
313 702 557 777 penitus
590 716 816 763 sensus
851 703 1164 764 hominum
1195 701 1480 778 vitasque
1508 711 1797 776 retentat,

103 784 395 846 Aetheris
429 784 663 847 aeterni
695 793 912 863 saepta
938 794 1122 863 atque
1154 785 1394 848 inclusa
1424 787 1725 849 cavernis.
1857 815 1862 819 ·
2164 798 2198 852 5

106 869 213 941 Et,
255 867 308 929 si
345 870 658 931 stellarum
690 877 896 932 motus
929 887 1277 946 cursusque
1308 879 1607 952 vaga-ntes
1911 885 1916 890 ’

104 954 308 1014 Nosse
343 952 524 1030 velis,
558 970 719 1031 quae
753 953 876 1016 sint
908 953 1224 1030 signorum
1254 953 1314 1014 in
1349 955 1502 1016 sede
1532 957 1797 1031 locatae,

108 1038 279 1112 Quae
309 1039 502 1099 verbo
539 1045 602 1099 et
630 1038 800 1100 salsis
833 1038 1150 1100 Graiorum
1181 1037 1439 1100 vocibus
1476 1047 1709 1114 errant,

101 1121 196 1182 Re
228 1138 374 1183 vera
404 1129 574 1184 certo
606 1123 787 1199 lapsu
816 1118 1145 1198 spatioque
1174 1124 1477 1205 feruntur,

107 1203 321 1265 Omnia
348 1204 471 1266 iam
504 1223 724 1269 cernes
759 1205 1203 1268 divinamente
1230 1213 1458 1268 notata.
2132 1217 2200 1269 10

104 1290 258 1350 Nam
291 1289 553 1366 primum
583 1299 890 1353 astrorum
918 1292 1209 1353 volucres
1242 1299 1299 1351 te
1331 1292 1585 1353 consule
1615 1296 1820 1353 motus

108 1375 594 1449 Concursusque
621 1391 844 1452 graves
878 1376 1189 1437 stellarum
1223 1376 1447 1436 ardore
1480 1373 1775 1437 micantes

104 1458 196 1517 Tu
228 1475 514 1535 quoque,
547 1476 732 1534 quum
763 1461 1034 1520 tumulos
1073 1460 1313 1520 Albano
1347 1458 1405 1518 in
1437 1465 1646 1520 monte
1685 1458 1920 1521 nivales

102 1540 412 1602 Lustrasti
444 1542 513 1603 et‘
538 1542 700 1605 laeto
733 1542 1023 1617 mactasti
1042 1544 1202 1603 lacte
1232 1543 1505 1619 LatinaS,

104 1620 332 1685 Vidisti
360 1631 425 1685 et
450 1626 627 1687 'claro
661 1627 954 1687 tremulos
989 1627 1214 1688 ardore
1244 1632 1552 1700 cometaS,
1925 1686 1928 1689 ,
2134 1636 2199 1688 15

103 1708 425 1784 Multaque
454 1706 701 1770 misceri
730 1716 1033 1771 nocturna
1063 1717 1271 1786 strage
1300 1709 1555 1787 putasti:

108 1791 287 1866 Quod
320 1793 512 1854 ferme
542 1793 737 1854 dirum
770 1793 831 1855 in
865 1801 1110 1872 tempus
1139 1793 1429 1854 ⁴cecidere
1460 1792 1740 1865 Latinae,
1789 1816 1810 1864 ¹,

110 1878 310 1952 Quum
344 1880 570 1939 claram
603 1879 873 1955 speciem
902 1886 1203 1941 concreto
1236 1878 1460 1940 lumine
1485 1881 1628 1940 luna

106 1960 367 2023 Abdidit
396 1968 457 2022 et
486 1961 691 2030 subito
724 1962 987 2025 stellanti
1018 1971 1203 2025 nocte
1234 1969 1555 2040 perempta
1584 1968 1700 2021 est.

238 2046 396 2120 Quid
425 2063 576 2109 vero
607 2047 839 2109 Phoebi
870 2049 1004 2121 fax,
1036 2046 1226 2108 tristis
1256 2046 1481 2108 nuncia
1508 2044 1679 2119 belli,
2133 2057 2203 2109 20

109 2129 280 2203 Quae
309 2146 596 2205 magnum
634 2132 711 2191 ad
743 2134 1025 2193 columen
1063 2131 1373 2192 flammato
1408 2131 1633 2191 ardore
1661 2128 1943 2203 volabat,

105 2211 482 2290 Praecipites
521 2214 674 2275 caeli
703 2221 912 2290 partes
943 2214 1276 2291 obitusque
1306 2212 1647 2291 petissenS,

108 2298 235 2357 Aut
269 2313 456 2372 quum
489 2295 740 2358 terribili
764 2314 1105 2373 percussus
1137 2297 1388 2360 fulmine
1420 2295 1572 2360 civis

109 2380 276 2440 Luce
307 2380 618 2447 serenanti
655 2379 857 2441 vitalia
884 2379 1112 2441 lumina
1142 2380 1347 2457 liquit,

108 2465 239 2523 Aut
269 2479 561 2539 quumse
587 2462 844 2541 gravido
873 2464 1216 2526 tremefecit
1245 2482 1512 2542 corpore
1548 2467 1766 2528 tellus?
2135 2475 2204 2529 25

95 2548 236 2626 ,Iam
272 2562 425 2608 vero
456 2547 695 2623 variae,
725 2558 1032 2612 nocturno
1074 2557 1352 2627 tempore
1381 2549 1584 2622 visae,

108 2629 436 2693 Terribiles
472 2634 706 2695 formae
734 2634 962 2696 bellum
999 2642 1333 2710 motusque
1363 2635 1725 2697 monebant:

106 2716 424 2793 Multaque
454 2725 798 2793 per'terras
831 2726 1006 2779 vates
1032 2721 1247 2780 oracla
1283 2718 1504 2780 furenti

107 2801 371 2861 Pectore
402 2802 741 2864 fundebant
768 2800 1344 2864 tristes-minitantia
1376 2819 1591 2865 casus:

108 2885 320 2959 Atque
348 2900 422 2945 ea
441 2932 457 2959 ,
491 2902 652 2961 quae
681 2888 860 2963 lapsu
891 2887 1139 2947 tandem
1171 2887 1460 2956 cecidere,
1479 2892 1761 2961 vetusto,
2132 2893 2208 2949 80

107 2968 282 3029 Haec
311 2967 476 3043 fore,
504 2970 824 3052 perpetuis
858 2968 1050 3048 signis
1083 2971 1393 3049 clarisque
1421 2973 1821 3048 frequentans

108 3054 253 3127 Ipse
280 3051 462 3115 deum
494 3054 734 3130 genitor
763 3056 935 3117 caelo
968 3054 1273 3133 terrisque
1305 3056 1585 3117 canebat.
1717 3105 1722 3111 .

108 3137 285 3198 Nunc
314 3152 418 3211 ea,
451 3138 765 3215 Torquato
799 3156 960 3215 quae
987 3141 1301 3215 quondam
1334 3146 1397 3201 et
1426 3142 1683 3202 consule
1714 3139 1891 3201 Cotta

108 3217 343 3293 Lydius
378 3219 656 3283 ediderat
685 3224 1042 3300 Tyrrhenae
1068 3223 1269 3301 gentis
1302 3225 1640 3300 haruspex,

113 3299 328 3371 Omnia
355 3302 482 3363 fixa
517 3311 662 3366 tuus
693 3307 1045 3381 glomerans
1086 3306 1451 3370 determinat
1477 3323 1701 3370 annus.
2128 3311 2208 3368 35

112 3380 263 3439 Nam
294 3390 472 3457 pater
497 3386 824 3449 altitonans
857 3390 1122 3453 stellanti
1148 3391 1329 3453 nixus
1365 3391 1628 3469 Olympo
1709 3443 1714 3446 .
