2381 3723
187 104 300 165 192
389 101 677 163 ORATIO
703 102 802 161 DE
825 101 1022 161 PACE
1055 104 1108 159 A
1135 99 1407 160 CASSIO
1433 99 1661 159 DIONE
1687 99 1997 159 SERVAT
2003 105 2055 160 A
2213 112 2247 163 ‘z

172 270 416 355 σομεν,
470 249 544 313 ἐν
587 247 660 312 δὲ
703 243 783 329 δὴ
824 251 914 346 τῷΙ
956 244 1438 353 βουλεύεσθαι,
1485 244 1557 309 ἐν
1601 235 1657 333 ᾦ
1695 244 2092 329 κυριώτατοι
2133 252 2248 330 τῆς

174 311 1637 517 ἕὲἶῗίἰῖίἕέἶῧῖοζῖἕῖξῖς,ἷζῖῑίοῇῗθῖωνη
1644 330 2097 514 6ξᾷῗὲεὲἕῖἓῖ
2112 336 2246 478 ’ἒῖἔ

176 503 413 601 ταῦτα,
468 522 519 562 ω
568 497 873 580 πατέρες,
935 496 1152 561 πάντα
1204 493 1426 573 ἁπλῶς
1476 493 1586 560 καὶ
1634 497 1904 572 δικαίως
1955 491 2246 579 ἡγοῦμαι

176 577 377 648 δεῖν’
343 585 513 664 ημᾶς
544 576 1090 682 συμβουλεύειν“
1055 591 1247 686 υμῖν,
1283 578 1564 662 μάλιστα
1577 577 1667 643 δὲ
1691 580 1765 642 ἐν
1793 591 1929 656 τοῖς
1955 584 2244 682 παροῦσι

175 662 587 766 πράγμασιν,
646 665 719 728 ἐν
764 656 945 740 οἶς”
905 688 989 728 αν
1023 661 1234 764 μηδεν
1275 661 2081 766 πολυπραγμονήσαντες
2080 660 2249 746 ὁμο-

175 746 559 831 νοήσωμεν,
615 742 810 813 αὐτοί
839 771 909 812 τε
934 745 1397 849 σωθησόμεθα
1439 746 1546 811 καὶ
1579 769 1735 822 τους
1766 752 2008 823 αλλους
2038 770 2247 811 ακον-

173 855 288 907 τας
319 827 856 913 περιποιήσομεν.
934 825 1055 896 ’Ἀν
1085 833 1143 895 δ’
1150 826 1473 933 ἀκριβως
1507 829 1722 893 πάντα
1765 829 2055 906 ἐξετάσαι
2090 831 2248 895 ἐθε-

177 915 515 1018 λήσωμεν,
581 914 851 979 δέδοικα
901 913 1017 997 δή,
1083 911 1172 997 μὴ
1237 916 1485 989 κακῶς·
1551 909 1866 996 δυσχερὲς
1930 916 1988 978 6'
2043 909 2249 978 οὐδὲν

178 994 568 1103 ἀρχόμενος
584 1022 719 1062 των
719 997 981 1104 ,λόγων
1028 1001 1238 1062 εἰπεῖν
1239 994 1625 1102 βούλομαι.
1719 1002 1786 1060 11.
1835 999 1894 1061 3.
1982 996 2242 1079 Πρότε-

174 1105 301 1267 ἒέξῖ
314 1081 488 1267 2⁵57?
476 1076 806 1241 ,ἴῗῖηἶῖἔς
821 1071 1636 1267 ⁰?fiZZ{v{{9⁰ff;}‘}{²'2}{i25
1660 1074 2246 1268 ἔῖὶῖἶὶῖοέἕοξέῗ

177 1242 423 1324 αὐτοὺς
449 1243 488 1313 ὅ
510 1272 571 1312 τι
602 1248 710 1312 δεῖ
735 1248 1089 1333 βουλεύειν
1119 1243 1280 1331 ὑμῖν
1312 1245 1712 1329 ἐπιτάττειν,
1750 1243 1891 1312 ἀλλ’
1916 1243 2037 1330 οὐχ
2072 1241 2247 1329 ὑμᾶς

174 1327 220 1396 ὅ
256 1356 316 1395 τι
355 1327 478 1414 χρὴ
511 1330 822 1434 πράττειν
865 1333 1159 1408 ἐκείνους
1171 1341 1640 1432 προσκοπεῖν·
1686 1334 1817 1395 νῦν
1859 1332 1916 1395 δ’
1947 1331 2013 1406 ἐς
2047 1334 2244 1394 τοῦτο

176 1420 416 1516 καιροῦ
465 1412 669 1479 πάνθ’
729 1410 818 1517 ᾡς
864 1419 1071 1480 εἰπεῖν
1117 1439 1197 1478 τα
1249 1412 1600 1522 πράγματα
1655 1412 2004 1496 πάρεστιν,
2075 1408 2246 1477 ωστε

175 1499 281 1600 ἐφ’
314 1494 473 1597 ὑμῖν
501 1520 572 1561 τε
601 1492 769 1562 αὐτὰ
816 1493 987 1562 εἶναι
1025 1499 1134 1562 καὶ
1179 1498 1245 1573 ἐς
1279 1497 1456 1598 ὑμᾶς
1482 1492 1904 1566 ἀνακεῖσθαι·
1953 1495 2060 1562 καὶ
2087 1502 2242 1579 παρ

177 1576 369 1687 ὑμῶν
385 1577 583 1682 ἤτοι
610 1576 733 1662 τὴν
775 1576 1099 1665 ὁμόνοιαν
1149 1581 1260 1646 καὶ
1302 1576 1464 1665 μετά
1516 1581 1753 1664 ταύτης
1794 1576 1920 1684 τὴν
1964 1580 2242 1645 ἐλευθε-

177 1667 328 1765 ρίαν
372 1656 414 1746 ἠ
462 1661 721 1740 στάσεις
772 1665 878 1728 καὶ
928 1666 1259 1748 πολέμους
1307 1667 1674 1766 ἐμφυλίους
1729 1655 1932 1740 αὖθις
1978 1662 2086 1727 καὶ
2129 1657 2243 1727 ἀπ

178 1740 403 1810 αὐτῶν
455 1745 563 1812 καὶ
615 1744 945 1850 δεσπότην
994 1753 1244 1850 λαβεῖν.
1333 1756 1390 1813 4.
1434 1743 1513 1811 “0
1557 1774 1619 1812 τι
1660 1743 1788 1851 γὰρ
1829 1771 1913 1812 αν
1955 1744 2242 1849 τήμερον

176 1833 596 1936 ψηφίσησθε,
653 1828 867 1934 τούτῳ
912 1830 1019 1898 καὶ
1059 1834 1128 1897 oc
1164 1827 1354 1898 ἄλλοι
1399 1831 1641 1910 πάντες
1673 1827 2240 1935 ἀκολουθήσουσι.

182 1913 457 1979 Τούτων
490 1906 617 1980 οὖν
648 1939 891 2001 ουτως,
936 1941 1025 1993 ως
1053 1941 1127 2019 γε
1158 1911 1448 2019 ἐμαυτὸν
1478 1920 1726 2000 πείθω,
1735 1913 2048 2018 ἐχόντων
2072 1913 2241 1997 φημὶ

174 2000 318 2062 δεῖν
361 1993 528 2102 ἡμᾶς
558 1995 671 2076 τὰς
707 1996 857 2103 μὲν
873 1997 1037 2104 πρὸς
1067 1995 1400 2103 ἀλλήλους
1440 2003 1683 2101 ἔχθρας
1707 1965 1763 2082 ἢ
1812 2002 2239 2101 φιλονεικίας,

66 2130 91 2150 .
180 2076 216 2164 ἢ
249 2105 428 2159 οπως
457 2078 544 2146 ἀν
573 2107 669 2159 τις
699 2079 911 2178 αύτάς
930 2079 1262 2186 ὀνομάσῃ,
1300 2083 1835 2168 καταλύσασθαι,
1860 2079 2026 2186 πρὸς
2055 2077 2127 2146 δὲ
2155 2080 2238 2165 δὴ

176 2161 298 2247 τὴν
347 2162 637 2231 παλαιὰν
689 2167 950 2249 ἐκείνην
999 2164 1271 2251 εἰρήνην
1323 2166 1433 2231 καὶ
1483 2170 1716 2250 φιλίαν
1760 2168 1869 2231 καὶ
1920 2160 2240 2267 ὁμόνοιαν

177 2249 605 2352 ἐπανελθεῖν,
651 2249 1157 2333 ἐνθυμηθέντας
1189 2249 1387 2316 τοῦτό
1419 2273 1526 2333 γε,
1575 2253 1635 2314 εί
1662 2247 1873 2352 μηδὲν
1910 2243 2105 2330 ἄλλο,
2137 2271 2240 2312 οτι

176 2330 335 2406 τέως
372 2330 495 2413 μὲν
538 2331 803 2408 ἐκείνως
845 2333 1401 2437 ἐπολιτευόμεθα,
1461 2334 1570 2398 καὶ
1615 2333 1829 2416 χώρας
1878 2332 1986 2397 καὶ
2030 2298 2243 2396 πλού-

176 2436 332 2488 τους
380 2412 489 2477 καὶ
531 2411 733 2492 δόξαν
783 2416 892 2481 καὶ
935 2417 1323 2519 συμμάχους
1369 2416 1815 2520 ἐκτησάμεθα·
1878 2411 1992 2519 ἀφ’
2039 2405 2125 2479 οὗ
2169 2412 2242 2479 δὲ

174 2497 240 2571 ἐς
278 2491 357 2559 τὰ
408 2493 573 2580 πρὸς
605 2497 949 2601 ἀλλήλους
992 2502 1160 2565 κακὰ
1213 2499 1518 2608 προήχθη
1575 2525 1680 2582 εν,
1736 2496 1859 2583 οὐχ
1897 2497 2062 2564 οσον
2114 2492 2242 2561 οὐκ

174 2573 518 2664 ἀμείνους,
584 2577 749 2648 ἀλλὰ
800 2584 908 2648 καὶ
961 2582 1131 2649 πολύ
1190 2588 1451 2684 χείρους
1509 2526 1898 2687 ἐξενόμεθα.
1988 2588 2046 2646 5.
2107 2580 2238 2646 Καὶ

175 2666 382 2764 ἔγωγε
402 2670 724 2730 τοσοῦτον
749 2666 875 2730 δέω
854 2671 1189 2770 νομίζειν
1214 2664 1374 2733 ἄλλο
1391 2692 1452 2732 τι
1477 2686 1685 2732 σωσαι
1701 2692 1786 2730 αν
1809 2669 1884 2731 ἔν
1889 2689 1974 2770 γε
1998 2689 2088 2728 τω
2113 2688 2242 2728 πα-

173 2744 360 2825 ρόντι
390 2772 511 2830 την
545 2747 777 2831 πόλιν,
831 2747 1014 2834 ὥστ’,
1067 2775 1151 2814 αν
1182 2750 1273 2856 μή
1303 2776 1363 2816 τι
1391 2749 1695 2855 τήμερον
1726 2750 1835 2815 καὶ
1861 2745 1988 2833 ἤδη
2019 2771 2102 2850 ‚7⁸
2137 2771 2238 2811 οτι

172 2827 439 2977 Ἰτῐιῗχιέτα
461 2801 1129 2982 ἕροβουλεὲξὲωμενῆ
1175 2831 1731 2984 ἓύδλέάναλαβεῖν
1780 2831 2237 2935 δυνησόμεθα.

171 2927 789 3074 ἀπιδόντεςκσῖῗὶεῖἶά
832 2942 1091 3103 ἀρῗοῗῖαα
1116 2941 1689 3085 ἔναᾏογέῖῖμῖῗέῗ.
1716 2912 2240 3098 τῆἱῖὀόύπχαῗῧῗάξοέ

169 3101 291 3181 μεν
328 3080 406 3144 τὰ
436 3079 827 3186 γιγνόμενα;
872 3084 981 3148 καὶ
1026 3080 1128 3149 ὅτι
1169 3088 1522 3166 διαιρεῖταί
1563 3110 1632 3149 τε
1678 3085 1787 3149 καὶ
1838 3085 2240 3167 περισποῖται

170 3156 205 3221 ὁ
246 3164 453 3245 δῆμος
484 3155 716 3269 αὖθις,
761 3167 870 3231 καὶ
900 3168 970 3231 οἱ
967 3166 1115 3274 μὲν
1143 3171 1381 3252 ταῦτα,
1415 3170 1485 3232 οί
1512 3165 1585 3233 δὲ
1618 3168 1836 3234 ἐκεῖνα
1867 3159 2239 3269 προαιρού-

171 3265 359 3320 μενοι
366 3248 542 3392 διέῆ
572 3271 641 3312 τε
671 3245 798 3330 ἤδη
827 3250 1221 3351 νενέμηνται
1254 3252 1363 3317 καὶ
1398 3255 1547 3354 διχῆ
1568 3249 2231 3354 στρατοπεδεύονται,

174 3337 279 3386 και
318 3327 386 3388 οἱ
407 3350 451 3408 μ
488 3353 529 3391 ν
563 3326 634 3394 τὸ
670 3329 1089 3399 Καπιτωλιον
1112 3335 1757 3421 προκατειλήφασιν,
1791 3331 2015 3415 ωσπερ
2053 3326 2233 3415 τινάς

209 3564 259 3592 μ
