<?xml version="1.0" encoding="UTF-8"?>
<!DOCTYPE html PUBLIC "-//W3C//DTD XHTML 1.0 Transitional//EN"
    "http://www.w3.org/TR/xhtml1/DTD/xhtml1-transitional.dtd">
<html xmlns="http://www.w3.org/1999/xhtml" xml:lang="en" lang="en">
 <head>
  <title>
</title>
<meta http-equiv="Content-Type" content="text/html;charset=utf-8" />
  <meta name='ocr-system' content='tesseract 3.04.00' />
  <meta name='ocr-capabilities' content='ocr_page ocr_carea ocr_par ocr_line ocrx_word'/>
</head>
<body>
  <div class='ocr_page' id='page_1' title='image "./scriptaquaemans01wesegoog_0120.png"; bbox 0 0 2381 3723; ppageno 0'>
   <div class='ocr_carea' id='block_1_1' title="bbox 154 93 1422 175">
    <p class='ocr_par' dir='ltr' id='par_1_1' title="bbox 154 93 1422 175">
     <span class='ocr_line' id='line_1_1' title="bbox 154 93 1422 175; baseline 0.001 -21"><span class='ocrx_word' id='word_1_1' title='bbox 154 94 237 156; x_wconf 72' lang='lat' dir='ltr'><strong>oe</strong></span> <span class='ocrx_word' id='word_1_2' title='bbox 477 170 482 175; x_wconf 31' lang='lat'><strong>,</strong></span> <span class='ocrx_word' id='word_1_3' title='bbox 967 95 1069 159; x_wconf 85' lang='lat' dir='ltr'><strong>DE</strong></span> <span class='ocrx_word' id='word_1_4' title='bbox 1102 93 1422 156; x_wconf 72' lang='lat' dir='ltr'><strong>omens</strong></span> 
     </span>
    </p>
   </div>
   <div class='ocr_carea' id='block_1_2' title="bbox 147 242 2244 3414">
    <p class='ocr_par' dir='ltr' id='par_1_2' title="bbox 147 242 2244 3414">
     <span class='ocr_line' id='line_1_2' title="bbox 159 242 2236 321; baseline -0.001 -15"><span class='ocrx_word' id='word_1_5' title='bbox 159 244 474 307; x_wconf 90' lang='lat' dir='ltr'><strong>Claudium</strong></span> <span class='ocrx_word' id='word_1_6' title='bbox 508 247 956 320; x_wconf 79' lang='lat' dir='ltr'><strong>Centumalum,</strong></span> <span class='ocrx_word' id='word_1_7' title='bbox 1009 244 1112 321; x_wconf 88' lang='lat' dir='ltr'><strong>qui</strong></span> <span class='ocrx_word' id='word_1_8' title='bbox 1141 246 1331 306; x_wconf 90' lang='lat' dir='ltr'><strong>aedes</strong></span> <span class='ocrx_word' id='word_1_9' title='bbox 1360 243 1420 304; x_wconf 88' lang='lat' dir='ltr'><strong>in</strong></span> <span class='ocrx_word' id='word_1_10' title='bbox 1465 242 1666 305; x_wconf 89' lang='lat' dir='ltr'><strong>Caelio</strong></span> <span class='ocrx_word' id='word_1_11' title='bbox 1710 249 1920 305; x_wconf 86' lang='lat' dir='ltr'><strong>monte</strong></span> <span class='ocrx_word' id='word_1_12' title='bbox 1947 242 2236 318; x_wconf 87' lang='lat' dir='ltr'><strong>habebat,</strong></span> 
     </span>
     <span class='ocr_line' id='line_1_3' title="bbox 158 326 2238 406; baseline -0.001 -16"><span class='ocrx_word' id='word_1_13' title='bbox 158 328 446 391; x_wconf 45' lang='lat' dir='ltr'><strong>demoliri¹</strong></span> <span class='ocrx_word' id='word_1_14' title='bbox 484 346 588 403; x_wconf 89' lang='lat' dir='ltr'><strong>ea,</strong></span> <span class='ocrx_word' id='word_1_15' title='bbox 645 346 903 406; x_wconf 86' lang='lat' dir='ltr'><strong>quorum</strong></span> <span class='ocrx_word' id='word_1_16' title='bbox 945 327 1201 389; x_wconf 82' lang='lat' dir='ltr'><strong>altitudo</strong></span> <span class='ocrx_word' id='word_1_17' title='bbox 1245 329 1522 393; x_wconf 79' lang='lat' dir='ltr'><strong>officeret</strong></span> <span class='ocrx_word' id='word_1_18' title='bbox 1572 326 1891 403; x_wconf 81' lang='lat' dir='ltr'><strong>auspiciis,</strong></span> <span class='ocrx_word' id='word_1_19' title='bbox 1946 326 2238 388; x_wconf 85' lang='lat' dir='ltr'><strong>Claudius</strong></span> 
     </span>
     <span class='ocr_line' id='line_1_4' title="bbox 161 409 2237 489; baseline -0.002 -15"><span class='ocrx_word' id='word_1_20' title='bbox 161 413 527 489; x_wconf 85' lang='lat' dir='ltr'><strong>proscripsit</strong></span> <span class='ocrx_word' id='word_1_21' title='bbox 555 414 846 486; x_wconf 86' lang='lat' dir='ltr'><strong>insulam,</strong></span> <span class='ocrx_word' id='word_1_22' title='bbox 893 411 1198 486; x_wconf 80' lang='lat' dir='ltr'><strong>vendidit,</strong></span> <span class='ocrx_word' id='word_1_23' title='bbox 1247 411 1391 479; x_wconf 88' lang='lat' dir='ltr'><strong>emit</strong></span> <span class='ocrx_word' id='word_1_24' title='bbox 1424 412 1488 471; x_wconf 89' lang='lat' dir='ltr'><strong>P.</strong></span> <span class='ocrx_word' id='word_1_25' title='bbox 1523 409 1885 486; x_wconf 74' lang='lat' dir='ltr'><strong>Calpurnius</strong></span> <span class='ocrx_word' id='word_1_26' title='bbox 1915 409 2237 471; x_wconf 76' lang='lat' dir='ltr'><strong>Lanarius·</strong></span> 
     </span>
     <span class='ocr_line' id='line_1_5' title="bbox 161 494 2240 573; baseline -0.002 -16"><span class='ocrx_word' id='word_1_27' title='bbox 161 497 317 557; x_wconf 83' lang='lat' dir='ltr'><strong>Huic</strong></span> <span class='ocrx_word' id='word_1_28' title='bbox 348 496 789 573; x_wconf 83' lang='lat' dir='ltr'><strong>abauguribus</strong></span> <span class='ocrx_word' id='word_1_29' title='bbox 825 496 974 557; x_wconf 90' lang='lat' dir='ltr'><strong>illud</strong></span> <span class='ocrx_word' id='word_1_30' title='bbox 1002 496 1165 557; x_wconf 91' lang='lat' dir='ltr'><strong>idem</strong></span> <span class='ocrx_word' id='word_1_31' title='bbox 1196 494 1774 556; x_wconf 82' lang='lat' dir='ltr'><strong>denunciatum&#39;est.</strong></span> <span class='ocrx_word' id='word_1_32' title='bbox 1859 496 2077 568; x_wconf 79' lang='lat' dir='ltr'><strong>ltaque</strong></span> <span class='ocrx_word' id='word_1_33' title='bbox 2110 495 2240 554; x_wconf 87' lang='lat' dir='ltr'><strong>Cal·</strong></span> 
     </span>
     <span class='ocr_line' id='line_1_6' title="bbox 162 575 2238 656; baseline -0.002 -16"><span class='ocrx_word' id='word_1_34' title='bbox 162 579 418 656; x_wconf 86' lang='lat' dir='ltr'><strong>purnius</strong></span> <span class='ocrx_word' id='word_1_35' title='bbox 439 597 644 655; x_wconf 77' lang='lat' dir='ltr'><strong>quum.</strong></span> <span class='ocrx_word' id='word_1_36' title='bbox 662 579 990 641; x_wconf 86' lang='lat' dir='ltr'><strong>demolitus</strong></span> <span class='ocrx_word' id='word_1_37' title='bbox 1014 584 1185 641; x_wconf 89' lang='lat' dir='ltr'><strong>esset</strong></span> <span class='ocrx_word' id='word_1_38' title='bbox 1212 575 2017 655; x_wconf 80' lang='lat' dir='ltr'><strong>cognossetqueclaudium</strong></span> <span class='ocrx_word' id='word_1_39' title='bbox 2041 576 2238 637; x_wconf 88' lang='lat' dir='ltr'><strong>aedes</strong></span> 
     </span>
     <span class='ocr_line' id='line_1_7' title="bbox 162 659 2241 739; baseline -0.001 -16"><span class='ocrx_word' id='word_1_40' title='bbox 162 670 380 739; x_wconf 88' lang='lat' dir='ltr'><strong>postea</strong></span> <span class='ocrx_word' id='word_1_41' title='bbox 409 661 861 739; x_wconf 80' lang='lat' dir='ltr'><strong>proscripsisse</strong></span> <span class='ocrx_word' id='word_1_42' title='bbox 892 681 1076 739; x_wconf 90' lang='lat' dir='ltr'><strong>quam</strong></span> <span class='ocrx_word' id='word_1_43' title='bbox 1099 670 1279 724; x_wconf 78' lang='lat' dir='ltr'><strong>esset</strong></span> <span class='ocrx_word' id='word_1_44' title='bbox 1319 663 1395 723; x_wconf 88' lang='lat' dir='ltr'><strong>ab</strong></span> <span class='ocrx_word' id='word_1_45' title='bbox 1429 660 1763 737; x_wconf 84' lang='lat' dir='ltr'><strong>auguribus</strong></span> <span class='ocrx_word' id='word_1_46' title='bbox 1802 659 2082 722; x_wconf 90' lang='lat' dir='ltr'><strong>demoliri</strong></span> <span class='ocrx_word' id='word_1_47' title='bbox 2116 660 2241 720; x_wconf 89' lang='lat' dir='ltr'><strong>ius-</strong></span> 
     </span>
     <span class='ocr_line' id='line_1_8' title="bbox 161 745 2241 824; baseline -0.002 -17"><span class='ocrx_word' id='word_1_48' title='bbox 161 763 304 819; x_wconf 80' lang='lat' dir='ltr'><strong>suS,</strong></span> <span class='ocrx_word' id='word_1_49' title='bbox 337 745 824 809; x_wconf 88' lang='lat' dir='ltr'><strong>arbitrumillum</strong></span> <span class='ocrx_word' id='word_1_50' title='bbox 856 746 1091 824; x_wconf 79' lang='lat' dir='ltr'><strong>adegit,</strong></span> <span class='ocrx_word' id='word_1_51' title='bbox 1129 762 1419 816; x_wconf 70' lang='lat' dir='ltr'><strong>tournoum</strong></span> <span class='ocrx_word' id='word_1_52' title='bbox 1450 760 1569 806; x_wconf 75' lang='lat' dir='ltr'><strong>suu</strong></span> <span class='ocrx_word' id='word_1_53' title='bbox 1600 761 1763 805; x_wconf 67' lang='lat' dir='ltr'><strong>»Ana</strong></span> <span class='ocrx_word' id='word_1_54' title='bbox 1795 759 2241 806; x_wconf 55' lang='lat' dir='ltr'><strong>ractan‘oroa·</strong></span> 
     </span>
     <span class='ocr_line' id='line_1_9' title="bbox 147 825 2239 903; baseline -0.001 -15"><span class='ocrx_word' id='word_1_55' title='bbox 147 845 350 889; x_wconf 36' lang='lat' dir='ltr'><strong>*rnam-</strong></span> <span class='ocrx_word' id='word_1_56' title='bbox 373 847 454 891; x_wconf 73' lang='lat' dir='ltr'><strong>Ex</strong></span> <span class='ocrx_word' id='word_1_57' title='bbox 482 845 616 890; x_wconf 69' lang='lat' dir='ltr'><strong>rma</strong></span> <span class='ocrx_word' id='word_1_58' title='bbox 648 846 833 891; x_wconf 65' lang='lat' dir='ltr'><strong>nom.</strong></span> <span class='ocrx_word' id='word_1_59' title='bbox 906 830 1168 895; x_wconf 87' lang='lat' dir='ltr'><strong>M..Cato</strong></span> <span class='ocrx_word' id='word_1_60' title='bbox 1213 828 1578 891; x_wconf 86' lang='lat' dir='ltr'><strong>sententiam</strong></span> <span class='ocrx_word' id='word_1_61' title='bbox 1608 827 1785 903; x_wconf 87' lang='lat' dir='ltr'><strong>dixit,</strong></span> <span class='ocrx_word' id='word_1_62' title='bbox 1829 828 2010 890; x_wconf 92' lang='lat' dir='ltr'><strong>huius</strong></span> <span class='ocrx_word' id='word_1_63' title='bbox 2040 825 2239 889; x_wconf 83' lang='lat' dir='ltr'><strong>nostri</strong></span> 
     </span>
     <span class='ocr_line' id='line_1_10' title="bbox 163 910 2238 990; baseline -0.002 -16"><span class='ocrx_word' id='word_1_64' title='bbox 163 913 405 974; x_wconf 90' lang='lat' dir='ltr'><strong>Catonis</strong></span> <span class='ocrx_word' id='word_1_65' title='bbox 429 921 625 990; x_wconf 86' lang='lat' dir='ltr'><strong>pater.</strong></span> <span class='ocrx_word' id='word_1_66' title='bbox 671 916 778 976; x_wconf 89' lang='lat' dir='ltr'><strong>·Ut</strong></span> <span class='ocrx_word' id='word_1_67' title='bbox 806 914 966 975; x_wconf 91' lang='lat' dir='ltr'><strong>enim</strong></span> <span class='ocrx_word' id='word_1_68' title='bbox 991 912 1216 975; x_wconf 88' lang='lat' dir='ltr'><strong>caeteri</strong></span> <span class='ocrx_word' id='word_1_69' title='bbox 1238 931 1316 975; x_wconf 89' lang='lat' dir='ltr'><strong>ex</strong></span> <span class='ocrx_word' id='word_1_70' title='bbox 1339 912 1644 990; x_wconf 88' lang='lat' dir='ltr'><strong>patribus,</strong></span> <span class='ocrx_word' id='word_1_71' title='bbox 1677 911 1768 974; x_wconf 92' lang='lat' dir='ltr'><strong>sic</strong></span> <span class='ocrx_word' id='word_1_72' title='bbox 1789 910 1919 985; x_wconf 89' lang='lat' dir='ltr'><strong>hic,</strong></span> <span class='ocrx_word' id='word_1_73' title='bbox 1958 910 2063 987; x_wconf 87' lang='lat' dir='ltr'><strong>qui</strong></span> <span class='ocrx_word' id='word_1_74' title='bbox 2088 910 2238 972; x_wconf 92' lang='lat' dir='ltr'><strong>illud</strong></span> 
     </span>
     <span class='ocr_line' id='line_1_11' title="bbox 163 994 2238 1075; baseline -0.002 -18"><span class='ocrx_word' id='word_1_75' title='bbox 163 1000 365 1058; x_wconf 90' lang='lat' dir='ltr'><strong>lumen</strong></span> <span class='ocrx_word' id='word_1_76' title='bbox 399 996 748 1075; x_wconf 85' lang='lat' dir='ltr'><strong>progenuit,</strong></span> <span class='ocrx_word' id='word_1_77' title='bbox 803 1014 883 1059; x_wconf 90' lang='lat' dir='ltr'><strong>ex</strong></span> <span class='ocrx_word' id='word_1_78' title='bbox 921 997 1047 1060; x_wconf 85' lang='lat' dir='ltr'><strong>filio</strong></span> <span class='ocrx_word' id='word_1_79' title='bbox 1083 1006 1180 1059; x_wconf 89' lang='lat' dir='ltr'><strong>est</strong></span> <span class='ocrx_word' id='word_1_80' title='bbox 1221 997 1653 1059; x_wconf 89' lang='lat' dir='ltr'><strong>nominandus.</strong></span> <span class='ocrx_word' id='word_1_81' title='bbox 1730 998 1790 1057; x_wconf 91' lang='lat' dir='ltr'><strong>Is</strong></span> <span class='ocrx_word' id='word_1_82' title='bbox 1826 994 2010 1072; x_wconf 88' lang='lat' dir='ltr'><strong>igitur</strong></span> <span class='ocrx_word' id='word_1_83' title='bbox 2044 995 2238 1056; x_wconf 84' lang='lat' dir='ltr'><strong>iudex</strong></span> 
     </span>
     <span class='ocr_line' id='line_1_12' title="bbox 161 1078 2238 1158; baseline -0.001 -18"><span class='ocrx_word' id='word_1_84' title='bbox 161 1081 241 1141; x_wconf 89' lang='lat' dir='ltr'><strong>ita</strong></span> <span class='ocrx_word' id='word_1_85' title='bbox 285 1081 743 1157; x_wconf 84' lang='lat' dir='ltr'><strong>pronunciavit,</strong></span> <span class='ocrx_word' id='word_1_86' title='bbox 795 1086 1021 1158; x_wconf 77' lang='lat' dir='ltr'><strong>‘quum</strong></span> <span class='ocrx_word' id='word_1_87' title='bbox 1045 1080 1132 1143; x_wconf 30' lang='lat' dir='ltr'><strong>sin</strong></span> <span class='ocrx_word' id='word_1_88' title='bbox 1180 1081 1523 1142; x_wconf 83' lang='lat' dir='ltr'><strong>vendundo</strong></span> <span class='ocrx_word' id='word_1_89' title='bbox 1560 1096 1690 1140; x_wconf 90' lang='lat' dir='ltr'><strong>rem</strong></span> <span class='ocrx_word' id='word_1_90' title='bbox 1728 1096 1863 1140; x_wconf 90' lang='lat' dir='ltr'><strong>eam</strong></span> <span class='ocrx_word' id='word_1_91' title='bbox 1905 1078 2133 1139; x_wconf 88' lang='lat' dir='ltr'><strong>scisset</strong></span> <span class='ocrx_word' id='word_1_92' title='bbox 2177 1086 2238 1138; x_wconf 88' lang='lat' dir='ltr'><strong>et</strong></span> 
     </span>
     <span class='ocr_line' id='line_1_13' title="bbox 162 1162 2238 1242; baseline -0.002 -17"><span class='ocrx_word' id='word_1_93' title='bbox 162 1179 283 1226; x_wconf 81' lang='lat' dir='ltr'><strong>non</strong></span> <span class='ocrx_word' id='word_1_94' title='bbox 330 1167 838 1241; x_wconf 84' lang='lat' dir='ltr'><strong>pronunciasset,</strong></span> <span class='ocrx_word' id='word_1_95' title='bbox 897 1163 1159 1242; x_wconf 82' lang='lat' dir='ltr'><strong>emptori</strong></span> <span class='ocrx_word' id='word_1_96' title='bbox 1208 1167 1494 1226; x_wconf 88' lang='lat' dir='ltr'><strong>damnum</strong></span> <span class='ocrx_word' id='word_1_97' title='bbox 1545 1162 1847 1240; x_wconf 84' lang='lat' dir='ltr'><strong>praestari</strong></span> <span class='ocrx_word' id='word_1_98' title='bbox 1897 1166 2238 1239; x_wconf 64' lang='lat' dir='ltr'><strong>oportere!</strong></span> 
     </span>
     <span class='ocr_line' id='line_1_14' title="bbox 161 1247 2239 1325; baseline -0.002 -15"><span class='ocrx_word' id='word_1_99' title='bbox 161 1250 263 1310; x_wconf 88' lang='grc'><strong>67.</strong></span> <span class='ocrx_word' id='word_1_100' title='bbox 324 1249 488 1325; x_wconf 86' lang='lat' dir='ltr'><strong>Ergo</strong></span> <span class='ocrx_word' id='word_1_101' title='bbox 550 1251 629 1310; x_wconf 91' lang='lat' dir='ltr'><strong>ad</strong></span> <span class='ocrx_word' id='word_1_102' title='bbox 685 1250 867 1310; x_wconf 82' lang='lat' dir='ltr'><strong>fidem</strong></span> <span class='ocrx_word' id='word_1_103' title='bbox 918 1249 1143 1310; x_wconf 81' lang='lat' dir='ltr'><strong>bonam</strong></span> <span class='ocrx_word' id='word_1_104' title='bbox 1195 1247 1405 1310; x_wconf 79' lang='lat' dir='ltr'><strong>statuit</strong></span> <span class='ocrx_word' id='word_1_105' title='bbox 1457 1248 1767 1325; x_wconf 89' lang='lat' dir='ltr'><strong>pertinere</strong></span> <span class='ocrx_word' id='word_1_106' title='bbox 1822 1253 2045 1307; x_wconf 88' lang='lat' dir='ltr'><strong>notum·</strong></span> <span class='ocrx_word' id='word_1_107' title='bbox 2093 1261 2239 1307; x_wconf 88' lang='lat' dir='ltr'><strong>esse</strong></span> 
     </span>
     <span class='ocr_line' id='line_1_15' title="bbox 165 1327 2237 1408; baseline -0.002 -16"><span class='ocrx_word' id='word_1_108' title='bbox 165 1333 427 1408; x_wconf 87' lang='lat' dir='ltr'><strong>emptori</strong></span> <span class='ocrx_word' id='word_1_109' title='bbox 460 1331 699 1406; x_wconf 88' lang='lat' dir='ltr'><strong>vitium,</strong></span> <span class='ocrx_word' id='word_1_110' title='bbox 748 1332 918 1408; x_wconf 90' lang='lat' dir='ltr'><strong>quod</strong></span> <span class='ocrx_word' id='word_1_111' title='bbox 958 1338 1175 1394; x_wconf 83' lang='lat' dir='ltr'><strong>nosset</strong></span> <span class='ocrx_word' id='word_1_112' title='bbox 1208 1332 1512 1393; x_wconf 86' lang='lat' dir='ltr'><strong>venditor.</strong></span> <span class='ocrx_word' id='word_1_113' title='bbox 1591 1332 1769 1407; x_wconf 83' lang='lat' dir='ltr'><strong>Quod</strong></span> <span class='ocrx_word' id='word_1_114' title='bbox 1800 1330 1852 1392; x_wconf 89' lang='lat' dir='ltr'><strong>si</strong></span> <span class='ocrx_word' id='word_1_115' title='bbox 1885 1335 2052 1390; x_wconf 86' lang='lat' dir='ltr'><strong>recte</strong></span> <span class='ocrx_word' id='word_1_116' title='bbox 2084 1327 2237 1388; x_wconf 92' lang='lat' dir='ltr'><strong>iudi-</strong></span> 
     </span>
     <span class='ocr_line' id='line_1_16' title="bbox 164 1411 2236 1489; baseline -0.001 -15"><span class='ocrx_word' id='word_1_117' title='bbox 164 1414 350 1488; x_wconf 89' lang='lat' dir='ltr'><strong>cavit,</strong></span> <span class='ocrx_word' id='word_1_118' title='bbox 387 1431 511 1476; x_wconf 88' lang='lat' dir='ltr'><strong>non</strong></span> <span class='ocrx_word' id='word_1_119' title='bbox 542 1422 711 1476; x_wconf 89' lang='lat' dir='ltr'><strong>recte</strong></span> <span class='ocrx_word' id='word_1_120' title='bbox 749 1415 1179 1476; x_wconf 81' lang='lat' dir='ltr'><strong>frumentarius</strong></span> <span class='ocrx_word' id='word_1_121' title='bbox 1222 1415 1349 1488; x_wconf 90' lang='lat' dir='ltr'><strong>ille,</strong></span> <span class='ocrx_word' id='word_1_122' title='bbox 1404 1432 1528 1476; x_wconf 91' lang='lat' dir='ltr'><strong>non</strong></span> <span class='ocrx_word' id='word_1_123' title='bbox 1576 1421 1746 1476; x_wconf 89' lang='lat' dir='ltr'><strong>recte</strong></span> <span class='ocrx_word' id='word_1_124' title='bbox 1774 1413 2016 1475; x_wconf 86' lang='lat' dir='ltr'><strong>aedium</strong></span> <span class='ocrx_word' id='word_1_125' title='bbox 2050 1411 2236 1489; x_wconf 91' lang='lat' dir='ltr'><strong>pesti-</strong></span> 
     </span>
     <span class='ocr_line' id='line_1_17' title="bbox 162 1494 2238 1560; baseline -0.001 -2"><span class='ocrx_word' id='word_1_126' title='bbox 162 1498 410 1558; x_wconf 90' lang='lat' dir='ltr'><strong>lentium</strong></span> <span class='ocrx_word' id='word_1_127' title='bbox 461 1498 744 1560; x_wconf 87' lang='lat' dir='ltr'><strong>venditor</strong></span> <span class='ocrx_word' id='word_1_128' title='bbox 785 1497 991 1559; x_wconf 88' lang='lat' dir='ltr'><strong>tacuit.</strong></span> <span class='ocrx_word' id='word_1_129' title='bbox 1066 1499 1190 1559; x_wconf 88' lang='lat' dir='ltr'><strong>Sed</strong></span> <span class='ocrx_word' id='word_1_130' title='bbox 1242 1497 1423 1560; x_wconf 90' lang='lat' dir='ltr'><strong>huius</strong></span> <span class='ocrx_word' id='word_1_131' title='bbox 1475 1498 1643 1560; x_wconf 88' lang='lat' dir='ltr'><strong>modi</strong></span> <span class='ocrx_word' id='word_1_132' title='bbox 1692 1494 2045 1559; x_wconf 87' lang='lat' dir='ltr'><strong>reticentiae</strong></span> <span class='ocrx_word' id='word_1_133' title='bbox 2100 1496 2238 1556; x_wconf 84' lang='lat' dir='ltr'><strong>iure</strong></span> 
     </span>
     <span class='ocr_line' id='line_1_18' title="bbox 164 1580 2237 1660; baseline 0 -20"><span class='ocrx_word' id='word_1_134' title='bbox 164 1580 325 1647; x_wconf 82' lang='lat' dir='ltr'><strong>civili</strong></span> <span class='ocrx_word' id='word_1_135' title='bbox 367 1597 584 1643; x_wconf 89' lang='lat' dir='ltr'><strong>omnes</strong></span> <span class='ocrx_word' id='word_1_136' title='bbox 641 1581 1079 1659; x_wconf 87' lang='lat' dir='ltr'><strong>comprehendi</strong></span> <span class='ocrx_word' id='word_1_137' title='bbox 1124 1600 1249 1643; x_wconf 90' lang='lat' dir='ltr'><strong>non</strong></span> <span class='ocrx_word' id='word_1_138' title='bbox 1296 1590 1590 1660; x_wconf 88' lang='lat' dir='ltr'><strong>possunt:</strong></span> <span class='ocrx_word' id='word_1_139' title='bbox 1650 1598 1809 1657; x_wconf 87' lang='lat' dir='ltr'><strong>quae</strong></span> <span class='ocrx_word' id='word_1_140' title='bbox 1849 1589 2052 1642; x_wconf 79' lang='lat' dir='ltr'><strong>autem</strong></span> <span class='ocrx_word' id='word_1_141' title='bbox 2091 1596 2237 1654; x_wconf 89' lang='lat' dir='ltr'><strong>pos·</strong></span> 
     </span>
     <span class='ocr_line' id='line_1_19' title="bbox 164 1661 2236 1741; baseline -0.001 -17"><span class='ocrx_word' id='word_1_142' title='bbox 164 1671 308 1727; x_wconf 90' lang='lat' dir='ltr'><strong>sunt</strong></span> <span class='ocrx_word' id='word_1_143' title='bbox 347 1661 666 1740; x_wconf 81' lang='lat' dir='ltr'><strong>diligenter</strong></span> <span class='ocrx_word' id='word_1_144' title='bbox 721 1671 1019 1726; x_wconf 87' lang='lat' dir='ltr'><strong>tenentur.</strong></span> <span class='ocrx_word' id='word_1_145' title='bbox 1108 1667 1189 1725; x_wconf 90' lang='lat' dir='ltr'><strong>M.</strong></span> <span class='ocrx_word' id='word_1_146' title='bbox 1237 1666 1466 1728; x_wconf 88' lang='lat' dir='ltr'><strong>Marius</strong></span> <span class='ocrx_word' id='word_1_147' title='bbox 1513 1665 1928 1739; x_wconf 81' lang='lat' dir='ltr'><strong>GratidianuS,</strong></span> <span class='ocrx_word' id='word_1_148' title='bbox 1986 1662 2236 1741; x_wconf 88' lang='lat' dir='ltr'><strong>propin-</strong></span> 
     </span>
     <span class='ocr_line' id='line_1_20' title="bbox 166 1748 2235 1824; baseline -0 -16"><span class='ocrx_word' id='word_1_149' title='bbox 166 1754 601 1824; x_wconf 85' lang='lat' dir='ltr'><strong>quusnoster,</strong></span> <span class='ocrx_word' id='word_1_150' title='bbox 660 1750 722 1810; x_wconf 92' lang='lat' dir='ltr'><strong>C.</strong></span> <span class='ocrx_word' id='word_1_151' title='bbox 761 1748 977 1824; x_wconf 86' lang='lat' dir='ltr'><strong>Sergio</strong></span> <span class='ocrx_word' id='word_1_152' title='bbox 1011 1749 1232 1817; x_wconf 85' lang='lat' dir='ltr'><strong>Oratae</strong></span> <span class='ocrx_word' id='word_1_153' title='bbox 1269 1748 1633 1811; x_wconf 85' lang='lat' dir='ltr'><strong>vendiderat</strong></span> <span class='ocrx_word' id='word_1_154' title='bbox 1664 1750 1853 1811; x_wconf 91' lang='lat' dir='ltr'><strong>aedes</strong></span> <span class='ocrx_word' id='word_1_155' title='bbox 1885 1764 2021 1821; x_wconf 77' lang='lat' dir='ltr'><strong>eaS,</strong></span> <span class='ocrx_word' id='word_1_156' title='bbox 2077 1762 2235 1822; x_wconf 87' lang='lat' dir='ltr'><strong>quas</strong></span> 
     </span>
     <span class='ocr_line' id='line_1_21' title="bbox 164 1831 2233 1911; baseline -0 -19"><span class='ocrx_word' id='word_1_157' title='bbox 164 1831 241 1892; x_wconf 89' lang='lat' dir='ltr'><strong>ab</strong></span> <span class='ocrx_word' id='word_1_158' title='bbox 274 1833 494 1894; x_wconf 90' lang='lat' dir='ltr'><strong>eodem</strong></span> <span class='ocrx_word' id='word_1_159' title='bbox 526 1832 661 1909; x_wconf 90' lang='lat' dir='ltr'><strong>ipse</strong></span> <span class='ocrx_word' id='word_1_160' title='bbox 692 1831 904 1911; x_wconf 88' lang='lat' dir='ltr'><strong>paucis</strong></span> <span class='ocrx_word' id='word_1_161' title='bbox 944 1843 1083 1896; x_wconf 87' lang='lat' dir='ltr'><strong>ante</strong></span> <span class='ocrx_word' id='word_1_162' title='bbox 1119 1832 1297 1896; x_wconf 88' lang='lat' dir='ltr'><strong>annis</strong></span> <span class='ocrx_word' id='word_1_163' title='bbox 1334 1840 1580 1896; x_wconf 90' lang='lat' dir='ltr'><strong>emerat.</strong></span> <span class='ocrx_word' id='word_1_164' title='bbox 1652 1835 1778 1895; x_wconf 89' lang='lat' dir='ltr'><strong>Eae</strong></span> <span class='ocrx_word' id='word_1_165' title='bbox 1807 1831 2073 1910; x_wconf 88' lang='lat' dir='ltr'><strong>[Sergio]</strong></span> <span class='ocrx_word' id='word_1_166' title='bbox 2106 1846 2233 1892; x_wconf 89' lang='lat' dir='ltr'><strong>ser-</strong></span> 
     </span>
     <span class='ocr_line' id='line_1_22' title="bbox 165 1916 2235 1994; baseline -0.002 -16"><span class='ocrx_word' id='word_1_167' title='bbox 165 1916 442 1989; x_wconf 88' lang='lat' dir='ltr'><strong>viebant,</strong></span> <span class='ocrx_word' id='word_1_168' title='bbox 476 1920 589 1980; x_wconf 89' lang='lat' dir='ltr'><strong>sed</strong></span> <span class='ocrx_word' id='word_1_169' title='bbox 630 1919 751 1980; x_wconf 91' lang='lat' dir='ltr'><strong>hoc</strong></span> <span class='ocrx_word' id='word_1_170' title='bbox 777 1917 840 1979; x_wconf 89' lang='lat' dir='ltr'><strong>in</strong></span> <span class='ocrx_word' id='word_1_171' title='bbox 874 1917 1177 1994; x_wconf 90' lang='lat' dir='ltr'><strong>mancipio</strong></span> <span class='ocrx_word' id='word_1_172' title='bbox 1208 1917 1436 1980; x_wconf 90' lang='lat' dir='ltr'><strong>Marius</strong></span> <span class='ocrx_word' id='word_1_173' title='bbox 1471 1936 1593 1981; x_wconf 88' lang='lat' dir='ltr'><strong>non</strong></span> <span class='ocrx_word' id='word_1_174' title='bbox 1625 1916 1882 1979; x_wconf 84' lang='lat' dir='ltr'><strong>dixerat.</strong></span> <span class='ocrx_word' id='word_1_175' title='bbox 1948 1917 2235 1976; x_wconf 88' lang='lat' dir='ltr'><strong>Adducta</strong></span> 
     </span>
     <span class='ocr_line' id='line_1_23' title="bbox 165 1999 2234 2077; baseline -0.001 -17"><span class='ocrx_word' id='word_1_176' title='bbox 165 2017 265 2063; x_wconf 88' lang='lat' dir='ltr'><strong>res</strong></span> <span class='ocrx_word' id='word_1_177' title='bbox 308 2001 369 2061; x_wconf 92' lang='lat' dir='ltr'><strong>in</strong></span> <span class='ocrx_word' id='word_1_178' title='bbox 410 2000 697 2064; x_wconf 89' lang='lat' dir='ltr'><strong>iudicium</strong></span> <span class='ocrx_word' id='word_1_179' title='bbox 742 2008 858 2064; x_wconf 91' lang='lat' dir='ltr'><strong>est.</strong></span> <span class='ocrx_word' id='word_1_180' title='bbox 940 2003 1184 2064; x_wconf 83' lang='lat' dir='ltr'><strong>Oratam</strong></span> <span class='ocrx_word' id='word_1_181' title='bbox 1223 2003 1514 2077; x_wconf 83' lang='lat' dir='ltr'><strong>CrassuS,</strong></span> <span class='ocrx_word' id='word_1_182' title='bbox 1571 2001 1983 2063; x_wconf 86' lang='lat' dir='ltr'><strong>Gratidianum</strong></span> <span class='ocrx_word' id='word_1_183' title='bbox 2027 1999 2234 2059; x_wconf 78' lang='lat' dir='ltr'><strong>defen—</strong></span> 
     </span>
     <span class='ocr_line' id='line_1_24' title="bbox 166 2082 2235 2161; baseline -0.002 -17"><span class='ocrx_word' id='word_1_184' title='bbox 166 2085 349 2145; x_wconf 90' lang='lat' dir='ltr'><strong>debat</strong></span> <span class='ocrx_word' id='word_1_185' title='bbox 369 2086 699 2147; x_wconf 81' lang='lat' dir='ltr'><strong>Antonius,</strong></span> <span class='ocrx_word' id='word_1_186' title='bbox 775 2088 875 2147; x_wconf 81' lang='lat' dir='ltr'><strong>Ius</strong></span> <span class='ocrx_word' id='word_1_187' title='bbox 908 2086 1169 2148; x_wconf 91' lang='lat' dir='ltr'><strong>Crassus</strong></span> <span class='ocrx_word' id='word_1_188' title='bbox 1199 2086 1532 2161; x_wconf 88' lang='lat' dir='ltr'><strong>urguebat,</strong></span> <span class='ocrx_word' id='word_1_189' title='bbox 1570 2087 1777 2160; x_wconf 71' lang='lat' dir='ltr'><strong>‘quod</strong></span> <span class='ocrx_word' id='word_1_190' title='bbox 1806 2083 1930 2145; x_wconf 90' lang='lat' dir='ltr'><strong>vitii</strong></span> <span class='ocrx_word' id='word_1_191' title='bbox 1954 2082 2235 2144; x_wconf 88' lang='lat' dir='ltr'><strong>venditor</strong></span> 
     </span>
     <span class='ocr_line' id='line_1_25' title="bbox 166 2166 2234 2246; baseline -0 -20"><span class='ocrx_word' id='word_1_192' title='bbox 166 2185 290 2228; x_wconf 91' lang='lat' dir='ltr'><strong>non</strong></span> <span class='ocrx_word' id='word_1_193' title='bbox 323 2166 580 2229; x_wconf 82' lang='lat' dir='ltr'><strong>dixisset</strong></span> <span class='ocrx_word' id='word_1_194' title='bbox 610 2166 835 2241; x_wconf 90' lang='lat' dir='ltr'><strong>sciens,</strong></span> <span class='ocrx_word' id='word_1_195' title='bbox 885 2168 950 2229; x_wconf 89' lang='lat' dir='ltr'><strong>id</strong></span> <span class='ocrx_word' id='word_1_196' title='bbox 984 2178 1274 2246; x_wconf 88' lang='lat' dir='ltr'><strong>oportere</strong></span> <span class='ocrx_word' id='word_1_197' title='bbox 1310 2169 1666 2246; x_wconf 82' lang='lat' dir='ltr'><strong>praestari’,</strong></span> <span class='ocrx_word' id='word_1_198' title='bbox 1718 2167 2085 2244; x_wconf 88' lang='lat' dir='ltr'><strong>aequitatem</strong></span> <span class='ocrx_word' id='word_1_199' title='bbox 2113 2169 2234 2225; x_wconf 89' lang='lat' dir='ltr'><strong>An—</strong></span> 
     </span>
     <span class='ocr_line' id='line_1_26' title="bbox 166 2248 2235 2330; baseline -0.001 -20"><span class='ocrx_word' id='word_1_200' title='bbox 166 2250 403 2323; x_wconf 89' lang='lat' dir='ltr'><strong>tonius,</strong></span> <span class='ocrx_word' id='word_1_201' title='bbox 450 2250 773 2326; x_wconf 78' lang='lat' dir='ltr'><strong>‘quoniam</strong></span> <span class='ocrx_word' id='word_1_202' title='bbox 803 2252 865 2311; x_wconf 92' lang='lat' dir='ltr'><strong>id</strong></span> <span class='ocrx_word' id='word_1_203' title='bbox 895 2251 1106 2314; x_wconf 87' lang='lat' dir='ltr'><strong>vitium</strong></span> <span class='ocrx_word' id='word_1_204' title='bbox 1139 2251 1413 2330; x_wconf 88' lang='lat' dir='ltr'><strong>ignotum</strong></span> <span class='ocrx_word' id='word_1_205' title='bbox 1447 2253 1661 2330; x_wconf 87' lang='lat' dir='ltr'><strong>Sergio</strong></span> <span class='ocrx_word' id='word_1_206' title='bbox 1691 2268 1816 2313; x_wconf 90' lang='lat' dir='ltr'><strong>non</strong></span> <span class='ocrx_word' id='word_1_207' title='bbox 1849 2252 2098 2323; x_wconf 78' lang='lat' dir='ltr'><strong>fuisset,</strong></span> <span class='ocrx_word' id='word_1_208' title='bbox 2133 2248 2235 2324; x_wconf 83' lang='lat' dir='ltr'><strong>qui</strong></span> 
     </span>
     <span class='ocr_line' id='line_1_27' title="bbox 165 2334 2234 2409; baseline 0 -18"><span class='ocrx_word' id='word_1_209' title='bbox 165 2334 297 2393; x_wconf 90' lang='lat' dir='ltr'><strong>illas</strong></span> <span class='ocrx_word' id='word_1_210' title='bbox 340 2335 529 2395; x_wconf 90' lang='lat' dir='ltr'><strong>aedes</strong></span> <span class='ocrx_word' id='word_1_211' title='bbox 579 2334 984 2409; x_wconf 89' lang='lat' dir='ltr'><strong>vendidisset,</strong></span> <span class='ocrx_word' id='word_1_212' title='bbox 1046 2336 1192 2397; x_wconf 89' lang='lat' dir='ltr'><strong>nihil</strong></span> <span class='ocrx_word' id='word_1_213' title='bbox 1234 2336 1425 2400; x_wconf 79' lang='lat' dir='ltr'><strong>luisse</strong></span> <span class='ocrx_word' id='word_1_214' title='bbox 1469 2353 1730 2399; x_wconf 90' lang='lat' dir='ltr'><strong>necesse</strong></span> <span class='ocrx_word' id='word_1_215' title='bbox 1774 2336 1893 2397; x_wconf 89' lang='lat' dir='ltr'><strong>dici</strong></span> <span class='ocrx_word' id='word_1_216' title='bbox 1938 2352 2054 2396; x_wconf 91' lang='lat' dir='ltr'><strong>nec</strong></span> <span class='ocrx_word' id='word_1_217' title='bbox 2097 2350 2234 2394; x_wconf 91' lang='lat' dir='ltr'><strong>eum</strong></span> 
     </span>
     <span class='ocr_line' id='line_1_28' title="bbox 164 2417 2235 2496; baseline 0 -21"><span class='ocrx_word' id='word_1_218' title='bbox 164 2432 307 2476; x_wconf 89' lang='lat' dir='ltr'><strong>esse</strong></span> <span class='ocrx_word' id='word_1_219' title='bbox 339 2417 695 2493; x_wconf 89' lang='lat' dir='ltr'><strong>deceptum,</strong></span> <span class='ocrx_word' id='word_1_220' title='bbox 739 2418 843 2494; x_wconf 90' lang='lat' dir='ltr'><strong>qui</strong></span> <span class='ocrx_word' id='word_1_221' title='bbox 869 2418 961 2493; x_wconf 92' lang='lat' dir='ltr'><strong>id,</strong></span> <span class='ocrx_word' id='word_1_222' title='bbox 1009 2421 1177 2495; x_wconf 91' lang='lat' dir='ltr'><strong>quod</strong></span> <span class='ocrx_word' id='word_1_223' title='bbox 1219 2428 1477 2494; x_wconf 89' lang='lat' dir='ltr'><strong>emerat,</strong></span> <span class='ocrx_word' id='word_1_224' title='bbox 1535 2438 1658 2496; x_wconf 89' lang='lat' dir='ltr'><strong>quo</strong></span> <span class='ocrx_word' id='word_1_225' title='bbox 1701 2420 1832 2480; x_wconf 91' lang='lat' dir='ltr'><strong>iure</strong></span> <span class='ocrx_word' id='word_1_226' title='bbox 1863 2426 2034 2480; x_wconf 91' lang='lat' dir='ltr'><strong>esset</strong></span> <span class='ocrx_word' id='word_1_227' title='bbox 2071 2426 2235 2479; x_wconf 88' lang='lat' dir='ltr'><strong>tene·</strong></span> 
     </span>
     <span class='ocr_line' id='line_1_29' title="bbox 165 2498 2237 2580; baseline 0 -21"><span class='ocrx_word' id='word_1_228' title='bbox 165 2503 304 2560; x_wconf 86' lang='lat' dir='ltr'><strong>ret.’</strong></span> <span class='ocrx_word' id='word_1_229' title='bbox 394 2498 493 2561; x_wconf 91' lang='lat'><strong>68.</strong></span> <span class='ocrx_word' id='word_1_230' title='bbox 583 2503 860 2578; x_wconf 83' lang='lat' dir='ltr'><strong>Quorsus</strong></span> <span class='ocrx_word' id='word_1_231' title='bbox 889 2503 1086 2564; x_wconf 78' lang='lat' dir='ltr'><strong>haec?</strong></span> <span class='ocrx_word' id='word_1_232' title='bbox 1125 2511 1194 2566; x_wconf 93' lang='lat' dir='ltr'><strong>ut</strong></span> <span class='ocrx_word' id='word_1_233' title='bbox 1222 2503 1370 2565; x_wconf 90' lang='lat' dir='ltr'><strong>illud</strong></span> <span class='ocrx_word' id='word_1_234' title='bbox 1404 2503 1735 2580; x_wconf 87' lang='lat' dir='ltr'><strong>intelligas,</strong></span> <span class='ocrx_word' id='word_1_235' title='bbox 1767 2520 1887 2565; x_wconf 90' lang='lat' dir='ltr'><strong>non</strong></span> <span class='ocrx_word' id='word_1_236' title='bbox 1922 2501 2237 2578; x_wconf 89' lang='lat' dir='ltr'><strong>placuisse</strong></span> 
     </span>
     <span class='ocr_line' id='line_1_30' title="bbox 166 2583 2239 2663; baseline -0 -20"><span class='ocrx_word' id='word_1_237' title='bbox 166 2583 498 2646; x_wconf 88' lang='lat' dir='ltr'><strong>maioribus</strong></span> <span class='ocrx_word' id='word_1_238' title='bbox 542 2584 773 2649; x_wconf 89' lang='lat' dir='ltr'><strong>nostris</strong></span> <span class='ocrx_word' id='word_1_239' title='bbox 817 2594 1077 2649; x_wconf 89' lang='lat' dir='ltr'><strong>astutos.</strong></span> <span class='ocrx_word' id='word_1_240' title='bbox 1163 2589 1348 2649; x_wconf 87' lang='lat' dir='ltr'>XVII.</span> <span class='ocrx_word' id='word_1_241' title='bbox 1408 2588 1532 2648; x_wconf 89' lang='lat' dir='ltr'><strong>Sed</strong></span> <span class='ocrx_word' id='word_1_242' title='bbox 1587 2587 1761 2647; x_wconf 89' lang='lat' dir='ltr'><strong>aliter</strong></span> <span class='ocrx_word' id='word_1_243' title='bbox 1810 2590 2012 2663; x_wconf 90' lang='lat' dir='ltr'><strong>leges,</strong></span> <span class='ocrx_word' id='word_1_244' title='bbox 2067 2586 2239 2646; x_wconf 85' lang='lat' dir='ltr'><strong>aliter</strong></span> 
     </span>
     <span class='ocr_line' id='line_1_31' title="bbox 167 2668 2240 2748; baseline 0 -21"><span class='ocrx_word' id='word_1_245' title='bbox 167 2668 519 2745; x_wconf 88' lang='lat' dir='ltr'><strong>philosophi</strong></span> <span class='ocrx_word' id='word_1_246' title='bbox 569 2672 791 2733; x_wconf 90' lang='lat' dir='ltr'><strong>tollunt</strong></span> <span class='ocrx_word' id='word_1_247' title='bbox 840 2670 1128 2732; x_wconf 86' lang='lat' dir='ltr'><strong>astutias:</strong></span> <span class='ocrx_word' id='word_1_248' title='bbox 1182 2674 1385 2748; x_wconf 79' lang='lat' dir='ltr'><strong>legeS,</strong></span> <span class='ocrx_word' id='word_1_249' title='bbox 1450 2679 1754 2747; x_wconf 89' lang='lat' dir='ltr'><strong>quatenus</strong></span> <span class='ocrx_word' id='word_1_250' title='bbox 1803 2687 1986 2731; x_wconf 88' lang='lat' dir='ltr'><strong>manu</strong></span> <span class='ocrx_word' id='word_1_251' title='bbox 2026 2678 2240 2731; x_wconf 88' lang='lat' dir='ltr'><strong>tenere</strong></span> 
     </span>
     <span class='ocr_line' id='line_1_32' title="bbox 165 2752 2238 2831; baseline -0.001 -18"><span class='ocrx_word' id='word_1_252' title='bbox 165 2762 462 2827; x_wconf 90' lang='lat' dir='ltr'><strong>possunt,</strong></span> <span class='ocrx_word' id='word_1_253' title='bbox 496 2754 878 2830; x_wconf 90' lang='lat' dir='ltr'><strong>philosophi,</strong></span> <span class='ocrx_word' id='word_1_254' title='bbox 913 2764 1216 2831; x_wconf 89' lang='lat' dir='ltr'><strong>quatenus</strong></span> <span class='ocrx_word' id='word_1_255' title='bbox 1239 2753 1477 2816; x_wconf 89' lang='lat' dir='ltr'><strong>ratione</strong></span> <span class='ocrx_word' id='word_1_256' title='bbox 1506 2763 1569 2815; x_wconf 94' lang='lat' dir='ltr'><strong>et</strong></span> <span class='ocrx_word' id='word_1_257' title='bbox 1589 2753 2019 2831; x_wconf 53' lang='lat' dir='ltr'><strong>intelligentia</strong></span> <span class='ocrx_word' id='word_1_258' title='bbox 2059 2752 2238 2814; x_wconf 89' lang='lat' dir='ltr'><strong>Ratio</strong></span> 
     </span>
     <span class='ocr_line' id='line_1_33' title="bbox 167 2836 2241 2915; baseline 0.001 -22"><span class='ocrx_word' id='word_1_259' title='bbox 167 2851 314 2911; x_wconf 86' lang='lat' dir='ltr'><strong>ergo</strong></span> <span class='ocrx_word' id='word_1_260' title='bbox 352 2836 472 2898; x_wconf 89' lang='lat' dir='ltr'><strong>hoc</strong></span> <span class='ocrx_word' id='word_1_261' title='bbox 503 2841 804 2914; x_wconf 90' lang='lat' dir='ltr'><strong>postulat,</strong></span> <span class='ocrx_word' id='word_1_262' title='bbox 847 2856 926 2900; x_wconf 92' lang='lat' dir='ltr'><strong>ne</strong></span> <span class='ocrx_word' id='word_1_263' title='bbox 956 2838 1103 2915; x_wconf 87' lang='lat' dir='ltr'><strong>quid</strong></span> <span class='ocrx_word' id='word_1_264' title='bbox 1142 2838 1470 2912; x_wconf 87' lang='lat' dir='ltr'><strong>insidiose,</strong></span> <span class='ocrx_word' id='word_1_265' title='bbox 1517 2856 1595 2899; x_wconf 92' lang='lat' dir='ltr'><strong>ne</strong></span> <span class='ocrx_word' id='word_1_266' title='bbox 1631 2838 1775 2915; x_wconf 90' lang='lat' dir='ltr'><strong>quid</strong></span> <span class='ocrx_word' id='word_1_267' title='bbox 1808 2837 2124 2913; x_wconf 87' lang='lat' dir='ltr'><strong>simulate,</strong></span> <span class='ocrx_word' id='word_1_268' title='bbox 2164 2852 2241 2895; x_wconf 91' lang='lat' dir='ltr'><strong>ne</strong></span> 
     </span>
     <span class='ocr_line' id='line_1_34' title="bbox 168 2918 2241 3000; baseline 0.002 -22"><span class='ocrx_word' id='word_1_269' title='bbox 168 2918 313 2993; x_wconf 91' lang='lat' dir='ltr'><strong>quid</strong></span> <span class='ocrx_word' id='word_1_270' title='bbox 346 2921 658 2982; x_wconf 79' lang='lat' dir='ltr'><strong>fallaciter.</strong></span> <span class='ocrx_word' id='word_1_271' title='bbox 740 2922 976 2984; x_wconf 88' lang='lat' dir='ltr'><strong>Suntne</strong></span> <span class='ocrx_word' id='word_1_272' title='bbox 1007 2922 1190 3000; x_wconf 90' lang='lat' dir='ltr'><strong>igitur</strong></span> <span class='ocrx_word' id='word_1_273' title='bbox 1218 2921 1475 2983; x_wconf 90' lang='lat' dir='ltr'><strong>insidiae</strong></span> <span class='ocrx_word' id='word_1_274' title='bbox 1499 2923 1751 2984; x_wconf 88' lang='lat' dir='ltr'><strong>tendere</strong></span> <span class='ocrx_word' id='word_1_275' title='bbox 1774 2922 1989 2997; x_wconf 89' lang='lat' dir='ltr'><strong>plagas</strong></span> <span class='ocrx_word' id='word_1_276' title='bbox 2008 2969 2024 2995; x_wconf 93' lang='lat'><strong>,</strong></span> <span class='ocrx_word' id='word_1_277' title='bbox 2058 2920 2241 2982; x_wconf 87' lang='lat' dir='ltr'><strong>etiam</strong></span> 
     </span>
     <span class='ocr_line' id='line_1_35' title="bbox 166 3002 2237 3082; baseline 0 -19"><span class='ocrx_word' id='word_1_278' title='bbox 166 3002 220 3063; x_wconf 92' lang='lat' dir='ltr'><strong>si</strong></span> <span class='ocrx_word' id='word_1_279' title='bbox 250 3003 628 3066; x_wconf 85' lang='lat' dir='ltr'><strong>excitaturus</strong></span> <span class='ocrx_word' id='word_1_280' title='bbox 653 3024 775 3068; x_wconf 89' lang='lat' dir='ltr'><strong>non</strong></span> <span class='ocrx_word' id='word_1_281' title='bbox 812 3005 899 3067; x_wconf 91' lang='lat' dir='ltr'><strong>sis</strong></span> <span class='ocrx_word' id='word_1_282' title='bbox 928 3023 1043 3067; x_wconf 89' lang='lat' dir='ltr'><strong>nec</strong></span> <span class='ocrx_word' id='word_1_283' title='bbox 1065 3006 1440 3081; x_wconf 61' lang='lat' dir='ltr'><strong>agitaturus?</strong></span> <span class='ocrx_word' id='word_1_284' title='bbox 1481 3006 1656 3082; x_wconf 91' lang='lat' dir='ltr'><strong>ipsae</strong></span> <span class='ocrx_word' id='word_1_285' title='bbox 1687 3005 1847 3067; x_wconf 88' lang='lat' dir='ltr'><strong>enim</strong></span> <span class='ocrx_word' id='word_1_286' title='bbox 1879 3007 2045 3066; x_wconf 83' lang='lat' dir='ltr'><strong>ferae</strong></span> <span class='ocrx_word' id='word_1_287' title='bbox 2068 3006 2237 3065; x_wconf 89' lang='lat' dir='ltr'><strong>nullo</strong></span> 
     </span>
     <span class='ocr_line' id='line_1_36' title="bbox 165 3085 2241 3166; baseline 0.001 -20"><span class='ocrx_word' id='word_1_288' title='bbox 165 3085 534 3163; x_wconf 86' lang='lat' dir='ltr'><strong>insequente</strong></span> <span class='ocrx_word' id='word_1_289' title='bbox 575 3106 766 3166; x_wconf 89' lang='lat' dir='ltr'><strong>saepe</strong></span> <span class='ocrx_word' id='word_1_290' title='bbox 808 3089 1103 3151; x_wconf 90' lang='lat' dir='ltr'><strong>incidunt.</strong></span> <span class='ocrx_word' id='word_1_291' title='bbox 1176 3090 1279 3151; x_wconf 87' lang='lat' dir='ltr'><strong>Sic</strong></span> <span class='ocrx_word' id='word_1_292' title='bbox 1319 3098 1384 3151; x_wconf 88' lang='lat' dir='ltr'><strong>tu</strong></span> <span class='ocrx_word' id='word_1_293' title='bbox 1413 3091 1603 3151; x_wconf 89' lang='lat' dir='ltr'><strong>aedes</strong></span> <span class='ocrx_word' id='word_1_294' title='bbox 1635 3088 2025 3166; x_wconf 88' lang='lat' dir='ltr'><strong>proscribas,</strong></span> <span class='ocrx_word' id='word_1_295' title='bbox 2067 3089 2241 3149; x_wconf 91' lang='lat' dir='ltr'><strong>tabu-</strong></span> 
     </span>
     <span class='ocr_line' id='line_1_37' title="bbox 166 3170 2241 3249; baseline 0.003 -23"><span class='ocrx_word' id='word_1_296' title='bbox 166 3170 284 3229; x_wconf 89' lang='lat' dir='ltr'><strong>lam</strong></span> <span class='ocrx_word' id='word_1_297' title='bbox 324 3179 633 3248; x_wconf 88' lang='lat' dir='ltr'><strong>tamquam</strong></span> <span class='ocrx_word' id='word_1_298' title='bbox 676 3174 918 3249; x_wconf 88' lang='lat' dir='ltr'><strong>plagam</strong></span> <span class='ocrx_word' id='word_1_299' title='bbox 961 3190 1189 3249; x_wconf 82' lang='lat' dir='ltr'><strong>ponaS‚</strong></span> <span class='ocrx_word' id='word_1_300' title='bbox 1244 3176 1491 3235; x_wconf 92' lang='lat' dir='ltr'><strong>domum</strong></span> <span class='ocrx_word' id='word_1_301' title='bbox 1526 3180 1780 3249; x_wconf 89' lang='lat' dir='ltr'><strong>propter</strong></span> <span class='ocrx_word' id='word_1_302' title='bbox 1809 3172 1955 3233; x_wconf 85' lang='lat' dir='ltr'><strong>vitia</strong></span> <span class='ocrx_word' id='word_1_303' title='bbox 1981 3174 2241 3244; x_wconf 83' lang='lat' dir='ltr'><strong>vendaS,</strong></span> 
     </span>
     <span class='ocr_line' id='line_1_38' title="bbox 167 3248 2243 3334; baseline 0.003 -25"><span class='ocrx_word' id='word_1_304' title='bbox 167 3248 225 3310; x_wconf 92' lang='lat' dir='ltr'><strong>in</strong></span> <span class='ocrx_word' id='word_1_305' title='bbox 283 3269 416 3318; x_wconf 82' lang='lat' dir='ltr'><strong>eam</strong></span> <span class='ocrx_word' id='word_1_306' title='bbox 468 3254 687 3330; x_wconf 85' lang='lat' dir='ltr'><strong>aliquis</strong></span> <span class='ocrx_word' id='word_1_307' title='bbox 741 3254 1011 3322; x_wconf 80' lang='lat' dir='ltr'><strong>incurrat</strong></span> <span class='ocrx_word' id='word_1_308' title='bbox 1058 3256 1455 3334; x_wconf 74' lang='lat' dir='ltr'><strong>imprudens?</strong></span> <span class='ocrx_word' id='word_1_309' title='bbox 1543 3258 1642 3318; x_wconf 84' lang='lat'><strong>69.</strong></span> <span class='ocrx_word' id='word_1_310' title='bbox 1687 3258 1821 3318; x_wconf 92' lang='lat' dir='ltr'><strong>Hoc</strong></span> <span class='ocrx_word' id='word_1_311' title='bbox 1866 3272 2243 3332; x_wconf 83' lang='lat' dir='ltr'><strong>quamquam</strong></span> 
     </span>
     <span class='ocr_line' id='line_1_39' title="bbox 169 3334 2244 3414; baseline 0.005 -24"><span class='ocrx_word' id='word_1_312' title='bbox 169 3334 349 3404; x_wconf 75' lang='lat' dir='ltr'><strong>video</strong></span> <span class='ocrx_word' id='word_1_313' title='bbox 408 3344 664 3412; x_wconf 83' lang='lat' dir='ltr'><strong>propter</strong></span> <span class='ocrx_word' id='word_1_314' title='bbox 716 3338 1218 3414; x_wconf 86' lang='lat' dir='ltr'><strong>depravationem</strong></span> <span class='ocrx_word' id='word_1_315' title='bbox 1280 3339 1742 3403; x_wconf 89' lang='lat' dir='ltr'><strong>consuetudinis</strong></span> <span class='ocrx_word' id='word_1_316' title='bbox 1798 3356 2004 3414; x_wconf 84' lang='lat' dir='ltr'><strong>neque</strong></span> <span class='ocrx_word' id='word_1_317' title='bbox 2064 3355 2244 3401; x_wconf 76' lang='lat' dir='ltr'><strong>more</strong></span> 
     </span>
    </p>
   </div>
  </div>
 </body>
</html>
