2381 3723
112 152 239 215 404
529 153 606 212 IN
609 152 833 213 CERTI
863 152 1250 214 AUCTORIS
1286 152 1764 216 CONSOLATIO
2091 170 2206 225 214

112 304 341 365 cedens
388 302 690 378 relinquat
733 302 969 364 animus
1019 320 1134 363 nec
1176 304 1439 380 amplius
1482 304 1659 365 liceat
1705 305 1964 383 homini,
2015 312 2128 385 qui
2167 329 2203 374 e

111 386 234 448 vita
263 385 542 447 discedat
571 386 701 447 suis
737 386 992 463 opibuS,
1038 387 1247 460 boniS‚
1294 387 1515 449 divitiis
1549 390 1807 464 perfrui:

278 530 461 546 .....
503 493 761 561 astante,
805 493 874 548 ut
906 486 1005 548 ille
1040 486 1123 547 ait
1138 534 1152 560 ,
1193 503 1303 564 ope
1332 488 1695 562 Barbarie-a,

283 570 467 631 Tectis
495 573 745 631 caelan‘s
758 617 772 645 ‚
820 574 1131 647 laqueatis,

106 692 306 745 tamen
340 687 530 746 multo
563 685 896 748 maioribus
923 696 983 748 et
1012 686 1192 748 bonis
1222 694 1283 746 et
1314 690 1567 765 opibuS.
1612 706 1770 764 quae
1811 692 1980 751 nulla
2020 699 2193 755 vetu-

105 775 236 829 stas
278 769 587 841 absumet,
630 771 794 830 nulla
833 770 929 831 vis
962 770 1206 847 eripiet,
1251 769 1493 848 piorum
1523 781 1759 834 mentes
1789 774 2052 836 adsidue
2083 794 2194 852 po-

103 851 351 914 tiuntur.
447 852 714 914 XXXIII.
766 852 904 915 113.
994 853 1119 914 Sed
1162 854 1535 932 dimittamus
1576 863 1637 917 et
1676 859 1963 934 exempla
1996 860 2193 920 claro-

105 951 239 996 rum
269 935 581 999 hominum
611 944 674 997 et
716 936 958 999 illorum
992 935 1233 1000 virtutis
1260 937 1622 1015 impressam
1655 940 1926 1003 historiis
1959 958 2190 1003 memo·

105 1020 284 1094 riam,
335 1023 653 1082 veniamus
696 1022 775 1081 ad
815 1022 906 1095 id,
962 1022 1129 1097 quod
1174 1040 1336 1083 unus
1384 1023 1646 1099 quisque
1692 1041 1881 1085 sensu
1925 1025 2192 1102 percipit

106 1114 523 1180 quantumque
557 1122 636 1165 ex
660 1113 857 1167 morte
881 1121 1338 1180 consequamur
1360 1107 1754 1168 emolumenti
1776 1124 1847 1168 ac
1876 1109 2191 1170 commodi

103 1205 173 1249 re
202 1188 338 1263 ipsa
374 1187 678 1264 factisque
709 1189 1067 1266 probemuS.
1155 1191 1250 1250 Ex
1282 1206 1404 1266 qua
1435 1190 1700 1252 docendi
1730 1207 1804 1251 ac
1835 1190 2190 1268 disputandi

104 1272 342 1333 ratione
398 1272 726 1349 perspicue
768 1272 990 1335 veritas
1043 1272 1337 1335 elucescit
1379 1273 1650 1351 quidque
1700 1276 1820 1336 hoc
1868 1276 2060 1337 modo
2116 1293 2187 1338 se

103 1356 329 1418 habeat
354 1358 453 1417 vel
483 1357 584 1417 illo
611 1355 789 1417 facile
819 1363 1033 1432 potest
1059 1357 1348 1432 perspici.
1441 1359 1581 1419 114.
1625 1357 1689 1418 Si
1714 1358 2043 1434 quisquam
2070 1367 2184 1428 est,

107 1439 210 1514 qui
241 1442 555 1501 secundos
584 1439 644 1501 in
680 1439 845 1500 omni
877 1440 1000 1501 vita
1034 1456 1239 1500 rerum
1270 1439 1470 1502 exitus
1499 1441 1758 1518 adipisci
1790 1450 1853 1503 et
1882 1442 2189 1519 consequi

104 1522 306 1599 possit
344 1523 614 1600 nihilque
654 1523 860 1585 timeat
897 1523 1173 1596 adversi,
1228 1525 1391 1585 hunc
1432 1541 1613 1586 nemo
1665 1524 1906 1586 infitiari
1957 1525 2189 1601 poterit

103 1607 234 1666 iure
266 1605 598 1680 dicturum,
646 1607 700 1668 si
728 1606 916 1667 vitam
949 1606 1063 1668 sibi
1091 1613 1288 1668 morte
1326 1608 1529 1670 multis
1561 1608 1832 1686 partibus
1867 1609 2185 1672 meliorem

103 1689 404 1750 adfirmet.
491 1690 681 1766 Atqui
715 1707 895 1752 nemo
928 1698 1024 1752 est
1053 1689 1156 1765 qui
1187 1708 1312 1752 non
1341 1693 1528 1754 modo
1566 1692 1840 1754 miserias
1870 1699 2057 1768 atque
2087 1710 2184 1753 ae-

102 1789 352 1835 rumnas
398 1774 475 1834 ab
519 1774 781 1836 humana
822 1774 949 1835 vita
988 1789 1344 1850 segregare,
1393 1776 1506 1837 sed
1540 1792 1617 1837 ne
1647 1776 2016 1838 semihoram
2050 1776 2180 1851 qui-

103 1858 243 1919 dem
288 1856 523 1919 felicem
572 1857 687 1920 sibi
730 1875 803 1920 ac
845 1859 1084 1920 beatam
1131 1858 1408 1935 polliceri
1455 1859 1673 1937 possit.
1764 1859 1905 1921 115.
1952 1859 2181 1921 Metelli

103 1941 219 2002 sibi
272 1944 572 2004 fortunam
614 1950 867 2019 sperant
908 1958 1153 2014 omneS,
1217 1943 1435 2004 Priami
1486 1945 1765 2019 sobolem
1809 1960 1882 2004 ac
1921 1961 2179 2019 regnum

103 2033 401 2100 exoptant
429 2025 546 2100 alii,
585 2026 762 2102 quasi
797 2043 922 2087 non
954 2033 1015 2087 et
1042 2025 1327 2088 Metellus
1358 2035 1481 2088 tam
1514 2029 1738 2090 multos
1769 2033 1987 2088 nactus
2018 2026 2179 2088 filios

101 2125 174 2168 ac
204 2118 497 2186 nepoteS,
547 2127 733 2186 quum
762 2109 1024 2170 maxime
1051 2109 1272 2171 beatus
1303 2127 1446 2172 esse
1476 2120 1719 2187 posset,
1758 2110 1983 2171 invitus
2017 2109 2179 2171 obie-

101 2191 178 2252 rit
217 2199 279 2254 et
318 2193 616 2253 Priamum
660 2210 782 2254 non
831 2192 996 2255 omni
1036 2193 1315 2254 orbatum
1349 2194 1645 2271 progenie
1673 2209 2042 2269 summoque
2072 2194 2180 2252 do·

102 2277 233 2338 lore
283 2279 631 2338 confectum
686 2275 925 2337 hostilis
982 2292 1200 2336 manus
1253 2276 1639 2340 interemerit.
1739 2276 1849 2337 His
1899 2276 2078 2338 vitam
2125 2277 2180 2336 si

101 2375 268 2420 mors
311 2360 546 2436 aliquot
577 2366 720 2419 ante
751 2358 926 2419 annis
958 2358 1319 2432 ademisset,
1368 2377 1404 2420 e
1437 2360 1635 2422 multis
1670 2376 1779 2421 eos
1812 2359 2073 2420 miseriis
2104 2374 2181 2418 ac

100 2442 365 2504 luctibus
407 2443 585 2504 simul
629 2440 996 2518 eripuisset:
1058 2456 1217 2518 quos
1263 2442 1493 2505 idcirco
1539 2442 1775 2520 experti
1817 2451 1991 2516 sunt,
2037 2440 2180 2519 quia

103 2525 285 2585 vitam
341 2525 564 2586 diutius
609 2541 791 2601 quam
843 2524 1117 2602 ipsorum
1162 2526 1515 2603 requirebat
1564 2526 1819 2588 felicitas
1871 2526 2180 2603 produxe·

98 2617 258 2674 runt.
352 2609 492 2671 116.
537 2608 692 2670 Hinc
722 2608 822 2671 illa
852 2609 1276 2671 miserabiliter
1310 2612 1661 2672 decantata:

265 2712 437 2777 Haec
465 2716 664 2774 omniu
691 2713 817 2773 vidi
844 2714 1223 2787 inflammari,

264 2801 508 2861 Priamo
540 2799 600 2859 vi
627 2798 806 2857 vitam
836 2797 1065 2870 evitari,

265 2883 424 2944 Iovis
456 2899 630 2944 aram
659 2882 951 2955 sanquine
977 2880 1231 2955 turpari.

101 2994 270 3069 Quae
310 3012 435 3056 non
476 2996 661 3058 modo
708 2993 875 3064 visu,
934 2991 1047 3052 sed
1091 2988 1270 3052 etiam
1315 2989 1524 3050 auditu
1571 2986 1969 3049 acerbissima
2009 2995 2173 3049 sunt.

101 3077 252 3153 Quid
278 3085 564 3155 putamus
591 3077 815 3139 misero
835 3073 983 3153 regi,
1002 3073 1105 3150 qui
1131 3072 1334 3136 omnia
1357 3080 1418 3133 et
1433 3071 1646 3133 videre
1667 3079 1730 3134 et
1751 3070 1964 3134 audire
1987 3080 2048 3133 et
2072 3089 2175 3132 ex-

101 3162 282 3236 periri
305 3171 558 3224 coactus
584 3164 719 3224 est?
802 3160 955 3222 Num
988 3158 1043 3221 ei
1067 3160 1253 3221 multo
1280 3155 1495 3218 melius
1526 3155 1864 3230 evenisset,
1911 3154 1966 3216 si
1989 3155 2173 3216 vitam

101 3243 348 3304 omnino
391 3246 595 3306 multis
641 3252 783 3305 ante
828 3244 1004 3305 annis
1038 3261 1220 3320 quam
1264 3241 1415 3302 haec
1450 3239 1798 3301 acciderent
1827 3238 2174 3299 amisisset?

99 3324 377 3385 Forsitan
426 3327 730 3400 quispiam
780 3326 1031 3386 dixerit:
1087 3327 1305 3398 Multa,
1350 3340 1509 3399 quae
1538 3323 1757 3383 vivens
1800 3330 2020 3382 nactus
2058 3330 2171 3391 est,

98 3403 264 3460 bona
306 3404 424 3463 cito
467 3408 777 3467 decedens
819 3408 1065 3485 penitus
1097 3408 1467 3484 reliquisset.
1558 3405 1682 3466 Sed
1712 3422 1747 3464 a
1783 3403 1955 3464 malis
1989 3403 2171 3464 etiam
