2381 3723
171 178 240 232 5⁵
961 165 1463 226 FRAGMENTA.
2127 163 2251 229 245

172 325 225 387 S.
265 320 362 379 17.
401 327 463 378 et
492 317 592 379 36.
666 320 883 379 Contra
921 321 1212 391 iuvenem,
1268 321 1438 377 cuius
1478 318 1725 378 subinde
1753 321 1962 378 vulnus
1994 320 2056 379 in
2082 319 2251 379 iudi-

170 407 263 466 cio
290 404 690 464 resolvebatur
711 419 830 478 pro
877 403 1112 463 Vareno
1138 405 1323 462 multa
1358 402 1514 461 dixit
1538 402 1784 462 urbane.

303 487 402 546 14.
448 485 824 547 Severianus
849 493 1014 564 synt.
1048 485 1199 546 rhet.
1227 502 1286 560 p.
1319 482 1462 544 305.
1495 482 1645 544 Pith.
1707 484 1995 547 Incidunt
2010 502 2249 559 causae,

174 575 237 632 in
279 571 488 646 quibus
531 571 692 645 quod
723 586 1012 631 summam
1055 569 1232 630 habet
1270 557 1648 643 quaestionis,
1699 585 1922 654 maana
1960 586 2042 631 ex
2069 579 2251 647 parte

172 655 552 716 tractandum
589 655 665 714 sit
703 661 763 715 et
799 657 886 715 sie
916 654 1200 729 ponenda
1227 655 1531 725 narratio,
1573 659 1640 712 ut
1655 670 1776 729 pro
1819 655 2052 715 Vareno
2079 659 2140 715 et
2164 654 2251 715 bis

159 755 282 816 pro
308 738 525 799 Habito
552 739 796 811 (Avito).

848 871 933 923 20.
1019 869 1144 921 PRO
1181 869 1241 924 Ρ.
1280 868 1572 923 VATINIO.

311 966 528 1044 [Habita
573 969 860 1103 egzoofatio
915 969 980 1019 L.
1035 967 1214 1018 Domit.
1265 966 1569 1017 AEnobarbo
1618 966 1789 1031 Appio
1838 968 2015 1021 Claud.
2062 967 2250 1017 Pidero

169 1051 298 1087 coss.
335 1053 383 1086 a.
423 1053 472 1087 u.
512 1053 557 1090 e.
705 1072 718 1087 .

303 1132 356 1189 1.
404 1130 615 1192 Cicero
653 1133 740 1191 ad
757 1132 1102 1205 familiares
1145 1131 1247 1191 lib.
1284 1131 1327 1189 Ι.
1363 1146 1496 1207 cap.
1528 1130 1587 1191 9.
1627 1136 1679 1197 s.
1713 1129 1808 1191 19.
1886 1131 2012 1192 Sed
2042 1138 2244 1194 tamen

80 1214 91 1221 '
175 1214 544 1275 defendendi
577 1214 802 1276 Vatinii
834 1213 943 1276 suit
971 1214 1150 1276 etiam
1181 1213 1283 1274 ille
1313 1213 1622 1288 stimulus,
1661 1215 1739 1275 de
1759 1214 1967 1291 quoin
1998 1213 2245 1289 iudici0‚

174 1315 359 1373 quum
400 1298 565 1360 illum
598 1298 1025 1373 defenderem,
1070 1298 1197 1358 dixi
1231 1313 1327 1358 me
1367 1299 1573 1359 facere
1615 1296 1935 1374 quiddam,
1988 1299 2157 1376 quod
2185 1300 2247 1360 in

172 1382 469 1443 Eunucho
505 1381 810 1459 parasitus
842 1383 1133 1443 suaderet
1155 1381 1354 1442 militi:

344 1479 460 1541 Ubi
484 1482 806 1541 nominabit
836 1479 1201 1541 Phaedriam
1214 1527 1228 1554 ,
1265 1488 1327 1541 tu
1356 1482 1731 1557 Pamphilam

260 1627 265 1630 ,
340 1565 637 1625 Continuo.
709 1563 779 1624 Si
804 1565 1045 1639 quando
1073 1567 1182 1625 illa
1214 1565 1389 1625 dicet.-
1430 1566 1793 1625 Phaedriam

338 1648 804 1709 Intromittamus
830 1650 1229 1722 comissatum,
1273 1656 1366 1708 tu:
1408 1649 1792 1727 Pamphilam„

341 1731 652 1793 Cantatum
670 1748 1056 1806 provocemus
1071 1753 1091 1791 .·
1133 1735 1188 1792 si
1214 1733 1486 1793 laudabit
1510 1732 1660 1794 haec

336 1815 509 1878 Illius
535 1818 799 1890 sormam
814 1863 828 1890 ,
870 1822 932 1876 tu
960 1816 1135 1878 huius
1161 1823 1390 1877 contra.
1461 1817 1727 1892 Denique

341 1901 461 1960 Par
488 1917 604 1977 pro
625 1903 781 1975 pari
804 1900 1031 1973 referto
1044 1948 1059 1974 ,
1107 1901 1267 1975 quod
1291 1917 1421 1981 eam
1450 1902 1737 1961 mordeat.

170 1997 271 2058 Sic
301 1995 489 2072 petivi
518 2014 556 2058 a
577 1996 879 2059 iudicibus
920 2045 938 2071 ,
969 2005 1065 2071 ut,
1100 1997 1387 2074 quoniam
1422 1998 1669 2073 quidem
1691 1997 1931 2058 nobiles
1962 1997 2242 2060 homines

167 2089 229 2141 et
263 2080 340 2140 de
368 2096 465 2142 me
496 2080 724 2157 optime
762 2080 959 2142 meriti
1002 2081 1178 2143 nimis
1225 2089 1498 2142 amarent
1546 2079 1856 2141 inimicum
1886 2097 2086 2142 meum
2119 2098 2243 2143 me·

170 2180 291 2240 que
322 2163 705 2241 inspectante
744 2182 935 2240 saepe
984 2181 1121 2226 eum
1151 2164 1213 2225 in
1261 2173 1481 2226 senatu
1517 2164 1702 2225 modo
1735 2181 1954 2225 severe
1984 2166 2243 2227 seduce-

167 2256 320 2321 rent,
353 2250 537 2311 modo
570 2248 942 2310 familiariter
963 2254 1149 2325 atque
1173 2247 1364 2310 hilare
1387 2244 1900 2326 amplexarentur,
1927 2247 2241 2324 quoniam-

168 2348 291 2406 que
345 2331 427 2392 illi
480 2333 779 2395 haberent
830 2350 1011 2394 suum
1063 2332 1370 2406 Publium,
1432 2334 1650 2394 darent
1700 2332 1842 2394 mihi
1892 2332 2011 2411 ipsi
2060 2332 2241 2394 alium

164 2414 474 2490 Publium,
504 2416 563 2477 in
596 2434 719 2491 quo
754 2433 1005 2492 possem
1036 2416 1279 2480 illorum
1308 2419 1544 2481 animos
1572 2416 1965 2479 mediocriter
1993 2415 2241 2481 lacessi.-

162 2506 265 2559 tus
297 2500 513 2561 leviter
551 2517 913 2577 repungere.
981 2501 1196 2577 Neque
1239 2504 1440 2574 solum
1471 2501 1627 2573 dixi,
1681 2503 1795 2563 sed
1836 2501 2017 2564 etiam
2047 2517 2241 2577 saepe

162 2579 356 2657 facio,
394 2583 488 2645 dis
519 2583 989 2661 hominibusque
1031 2585 1538 2661 approbantibus.

288 2665 345 2726 2.
388 2666 802 2746 Hieronymus
833 2669 975 2728 adv.
1008 2669 1293 2731 Rufinum
1328 2667 1428 2731 lib.
1461 2667 1558 2728 111.
1591 2674 1632 2728 t.
1664 2668 1772 2728 IV.
1795 2666 1851 2726 2.
1886 2685 1946 2743 p.
1973 2667 2115 2728 469.
2140 2667 2239 2727 ed.

159 2748 395 2810 Bened.
469 2753 633 2828 Lege
662 2768 775 2829 pro
811 2750 1055 2814 Vatinio
1089 2754 1528 2815 oratiunculam
1561 2757 1622 2812 et
1650 2751 1831 2823 aliaS,
1875 2749 1984 2813 ubi
2015 2748 2241 2811 sodali-

166 2832 411 2895 ciorum·
439 2836 666 2897 mentio
698 2837 786 2895 fit.

390 3143 403 3147 ,
483 3067 544 3127 0.
633 3066 884 3129 T1T1JL1
929 3014 1385 3130 oaA'moNuM
1429 3062 1919 3128 AMISSARUM.

206 3224 215 3228 -
308 3173 405 3241 [De
430 3174 513 3226 his
539 3177 696 3228 titulis
734 3177 833 3230 hoc
863 3178 1079 3240 adnoto,
1115 3192 1230 3228 esse
1260 3177 1356 3229 has
1381 3177 1632 3229 orationes
1654 3176 1856 3228 habitas
1883 3177 2107 3239 quidem,
2144 3175 2237 3228 sed

158 3242 350 3294 multas
380 3258 555 3295 earum
589 3260 866 3309 numquam
902 3246 1061 3297 fuisse
1099 3246 1284 3300 editas.
1352 3244 1605 3312 KLOTD]

294 3339 348 3399 1.
393 3337 453 3400 2.
499 3339 651 3402 PRO
682 3342 969 3417 ACILIO,
1026 3361 1211 3425 capitis
1257 3375 1373 3420 reo,
1433 3361 1561 3410 duas
1608 3361 1860 3412 orationes
1905 3358 2083 3410 habuit
2126 3358 2230 3411 cle.

163 3421 261 3488 [ad
293 3420 449 3484 famil.
480 3425 570 3476 lib.
609 3426 723 3476 v11.
764 3442 846 3492 ep.
885 3426 998 3494 30.]
1031 3436 1117 3478 aut
1151 3429 1264 3495 ipso
1298 3441 1429 3480 anno
1468 3429 1585 3480 710.
1624 3437 1709 3479 aut
1745 3435 1910 3480 antea.
