2381 3723
864 133 1239 184 PROOEMIUM
1277 132 1590 184 EDITORIS.
2157 147 2233 186 xv

144 290 361 329 vocem:
418 289 561 339 quam
610 275 660 322 si
702 274 917 334 ceperit,
973 273 1228 321 omiserat.
1299 271 1450 321 Nulla
1499 280 1576 321 est
1618 271 1943 338 glossematis
1987 273 2232 337 suspicio.

146 349 362 410 Propter
420 342 648 392 eiusdem
695 341 839 391 verbi
885 341 1266 405 repetitionem,
1327 347 1380 389 ut
1423 354 1610 404 saepe,
1661 339 1753 389 illa
1793 341 1948 391 verba
1991 342 2042 389 in
2090 341 2235 392 libris

150 412 486 466 deterioribus
518 411 709 460 amissa
747 417 880 458 sunt.
956 409 1078 474 Cap.
1116 409 1202 459 25.
1237 410 1287 471 5.
1325 407 1411 459 90.
1455 417 1503 458 et
1538 424 1790 459 versemur
1822 426 1890 459 ex
1921 409 2066 460 libris
2103 412 2234 474 opti-

147 483 246 532 mis
278 480 475 529 restitui
522 494 615 544 pro
651 477 957 529 versabimur
993 492 1108 526 cum
1143 478 1378 541 Zumptio
1422 484 1471 528 et
1502 477 1703 543 Ungero
1748 486 1797 527 et
1845 479 2111 528 videantur
2143 494 2237 544 pro

146 551 400 601 videntur.
475 547 601 612 Cap.
637 548 721 598 26.
758 547 812 608 5.
844 546 930 597 98.
968 547 1019 596 in
1053 546 1168 596 loco
1194 547 1374 611 tragici
1408 544 1606 610 poetae,
1643 547 1706 596 de
1736 562 1834 609 quo
1864 546 2086 598 conferri
2120 554 2236 612 pot-

147 620 243 669 erit
272 616 330 668 0.
353 616 667 667 Ribbeckius
698 614 961 680 Tragicor.
989 616 1166 666 Latin.
1198 617 1378 679 reliqu.
1405 630 1458 680 p.
1484 613 1627 677 206„
1663 617 1851 666 veritus
1885 631 2000 666 sum
2029 632 2096 666 ex
2131 631 2234 666 uno

148 687 261 738 cod.
290 685 444 735 Beru.
467 700 516 737 c.
546 685 852 735 adsimulare
875 699 968 748 pro
996 685 1308 734 adsimulavit
1333 684 1576 747 recipere.
1638 683 1765 734 Nam
1787 684 1931 735 locus
1961 686 2114 736 etiam
2141 701 2238 751 per

145 755 452 821 Asyndeton
486 760 623 808 recte
659 752 878 818 intelligi
912 753 1115 817 poterit.
1189 753 1310 802 Mox
1350 753 1611 803 Palamedi
1651 769 1680 802 e
1715 754 1828 804 cod.
1866 754 2233 820 Bambergensi

143 824 331 888 scripsi
383 837 501 872 cum
532 821 810 871 Ribbeckio
855 835 947 886 pro
996 822 1303 872 Palamedis.
1379 820 1562 872 Postea
1602 825 1653 885 5.
1691 821 1782 873 99.
1831 823 1922 873 vix
1968 831 2047 873 est
2096 823 2233 886 quod

145 895 313 944 dicam
361 892 525 941 domui
569 905 694 940 suae
746 906 776 939 e
827 889 972 941 libris
1022 890 1394 952 antiquioribus
1446 897 1494 938 et
1542 890 1840 942 melioribus
1891 892 2232 942 revocandum

142 962 310 1012 fuisse
359 975 453 1026 pro
488 959 696 1024 vulgato
735 960 863 1009 domi
893 974 1018 1009 suae
1060 968 1109 1008 ct
1151 967 1306 1023 negat
1339 974 1435 1024 pro
1480 966 1645 1024 neget.
1721 958 1845 1025 Gap.
1884 960 1969 1021 28.
2017 961 2068 1023 5.
2109 958 2227 1012 102.

136 1036 461 1094 perverteret
506 1043 619 1078 cum
656 1028 889 1093 Zumptio
939 1034 990 1077 et
1023 1026 1227 1093 Ungero
1258 1028 1456 1076 restitui
1509 1042 1537 1076 e
1585 1027 1730 1078 libris
1767 1029 1914 1078 bonis
1951 1043 2043 1094 pro
2072 1044 2234 1092 prae·-

142 1105 388 1159 aerteret,
428 1097 485 1147 id
518 1096 658 1160 quod
694 1104 865 1146 natum
901 1102 979 1145 est
1011 1113 1038 1145 e
1082 1096 1400 1162 compendiis
1440 1097 1568 1145 inter
1600 1111 1656 1145 se
1687 1095 1932 1146 confusis.
2005 1098 2082 1148 De
2116 1112 2226 1148 ver·

140 1169 225 1218 bis
261 1175 435 1217 autem
472 1165 618 1215 Accii
657 1164 993 1215 conferendus
1030 1173 1106 1214 est
1143 1163 1203 1215 0.
1242 1165 1550 1215 Ribbeckius
1585 1163 1618 1215 l.
1658 1179 1702 1214 c.
1742 1180 1793 1229 p.
1837 1164 1953 1217 139.
1995 1166 2233 1230 idemque

144 1237 207 1286 de
243 1236 399 1285 Ennii
435 1234 572 1294 loco,
611 1235 698 1296 qui
750 1234 935 1299 legitur
971 1248 1085 1298 cap.
1118 1234 1208 1285 29.
1252 1235 1301 1296 5.
1335 1232 1452 1283 104.
1499 1248 1552 1298 p.
1592 1231 1679 1285 68.
1719 1235 1767 1296 5.
1809 1234 1927 1285 107.
1976 1241 2109 1286 recte
2145 1234 2232 1298 fe-

140 1306 270 1356 cerit
296 1319 397 1370 pro
417 1303 614 1367 feceris
637 1303 855 1352 restituit
877 1301 1127 1367 Ungerus,
1157 1309 1211 1352 ut
1237 1302 1443 1366 plenum
1475 1310 1609 1351 esset
1635 1304 1697 1366 is,
1727 1304 1813 1367 qui
1840 1305 2037 1362 iuravit,
2072 1305 2232 1353 idem-

141 1389 242 1437 que
275 1373 492 1423 verbum
530 1372 759 1434 definitus
793 1370 1020 1420 defendit
1051 1386 1081 1420 a
1113 1371 1406 1434 suspicione
1436 1372 1793 1436 glossematis,
1829 1387 1979 1434 quem
2017 1387 2112 1438 ego
2151 1387 2232 1421 se-

141 1450 292 1492 cutus
327 1456 464 1492 sum.
538 1439 656 1489 Mox
684 1441 734 1501 5.
771 1437 884 1491 108.
917 1438 1133 1489 Orellius
1165 1440 1499 1490 condictiones
1531 1440 1823 1504 scripserat.
1898 1440 2053 1490 Recte
2081 1441 2230 1497 Zum-

142 1513 282 1575 ptius
321 1517 373 1560 et
399 1508 634 1575 Ungerus
669 1509 981 1559 condiciones
1015 1523 1130 1557 cum
1158 1507 1302 1557 libris
1336 1510 1690 1574 restituerunt,
1730 1523 1855 1572 quos
1894 1525 1991 1576 ego
2028 1517 2232 1560 secutus

143 1594 275 1629 sum.
356 1576 480 1643 Cap.
520 1575 605 1627 31.
653 1578 705 1639 5.
739 1576 857 1628 112.
909 1574 1126 1626 Orellius
1160 1577 1437 1641 scripserat
1467 1591 1572 1626 etan
1601 1579 1761 1640 primo
1798 1579 1929 1639 luci,
1982 1594 2077 1644 ego
2115 1594 2230 1628 cum

143 1649 383 1711 Zumptio
422 1654 471 1696 et
494 1645 698 1710 Ungero
727 1661 832 1695 cum
861 1647 1025 1707 prima
1057 1647 1165 1695 lace
1200 1646 1413 1695 restitui.
1486 1645 1659 1697 Paullo
1698 1654 1814 1710 post
1850 1663 1878 1697 e
1913 1647 2058 1698 libris
2097 1648 2230 1711 opti-

142 1717 240 1765 mis
275 1723 478 1765 terrore
524 1721 728 1764 coactus
770 1727 863 1780 pro
907 1720 1109 1763 coactus
1145 1720 1344 1764 terrore
1380 1715 1600 1781 scripsi,
1645 1715 1699 1764 id
1736 1716 1874 1777 quod
1920 1717 1974 1764 in
2011 1715 2230 1765 formula

140 1799 310 1849 paene
345 1798 561 1834 necesse
610 1792 717 1832 erat
755 1781 883 1831 fieri.
957 1782 1098 1831 Idem
1133 1783 1399 1847 Zumptius
1434 1791 1482 1832 et
1515 1782 1748 1848 Ungerus
1786 1783 2028 1834 fecerunt.
2102 1783 2226 1847 Cap.

142 1852 231 1907 32.
264 1855 316 1916 5.
347 1851 463 1903 113.
490 1852 645 1915 fraus
674 1853 797 1902 enim
822 1852 1074 1916 distringit
1101 1851 1283 1917 scripsi
1318 1868 1347 1901 e
1375 1851 1514 1901 libris
1540 1852 1837 1903 melioribus
1864 1868 1975 1903 cum
2006 1851 2225 1918 Ungero.

144 1922 368 1972 Orellius
398 1922 669 1985 adstringit
698 1921 882 1979 edidit,
911 1921 1172 1984 Zumptius
1197 1922 1481 1987 destringit.
1539 1921 1713 1970 Paullo
1742 1930 1857 1986 post
1886 1925 1935 1985 5.
1969 1923 2081 1973 114.
2113 1936 2227 1971 cum

142 1992 326 2041 eodem
358 1990 561 2055 Ungero
599 2005 628 2038 e
661 1988 808 2039 libris
865 1990 1010 2038 bonis
1044 1989 1243 2038 restitui
1288 1992 1375 2053 qui
1411 1991 1641 2051 periculo
1688 1992 1858 2038 mortis
1893 1990 2224 2054 difficyissent.

142 2059 369 2111 Orellius
415 2059 711 2123 scripserat:
763 2059 850 2122 qui
886 2059 1163 2121 perieulum
1207 2060 1376 2108 mortis
1413 2058 1737 2121 delmi-ssent.
1809 2058 1930 2106 Zum
1937 2059 2073 2122 ptius
2109 2072 2228 2106 vero

140 2129 341 2178 ediditt
398 2129 481 2190 qui
515 2128 786 2189 perieulum
828 2128 998 2175 mortis
1043 2126 1351 2190 effugissent.
1432 2124 1664 2188 Denique
1703 2140 1816 2190 cap.
1864 2124 1950 2178 33.
2003 2128 2054 2188 5.
2107 2124 2224 2178 119.

139 2199 424 2261 scripserat
448 2193 658 2244 Orellius
690 2194 1071 2257 Calliphontem,
1110 2209 1207 2259 ego
1242 2209 1355 2244 cum
1393 2193 1536 2243 libris
1571 2202 1776 2245 auctore
1809 2195 1959 2244 etiam
1992 2195 2226 2260 Zumptio

140 2273 189 2314 et
226 2265 432 2330 Ungero
466 2264 796 2326 Calliphonem
832 2264 1042 2313 restitui.

282 2334 359 2382 De
396 2332 542 2381 libris
576 2333 672 2393 iis,
727 2334 814 2395 qui
862 2333 963 2381 iam
999 2339 1303 2395 sequuntur,
1352 2333 1424 2383 de·
1448 2340 1702 2384 senectute
1752 2340 1801 2382 et
1846 2334 1909 2384 de
1946 2334 2162 2383 amicitia
2197 2350 2227 2383 a

144 2402 389 2453 Cicerone
419 2402 654 2465 scriptis,
690 2401 757 2450 de
782 2401 967 2463 quibus
993 2400 1210 2450 fortasse
1236 2399 1337 2452 alio
1368 2400 1480 2453 loco
1514 2417 1655 2451 ame
1693 2402 2057 2467 explicabitur,
2099 2402 2225 2451 nihil

143 2472 310 2520 dicam
345 2470 444 2519 hoc
475 2468 590 2520 loco
628 2470 727 2519 nisi
759 2468 881 2530 hoc,
925 2484 1032 2528 me,
1078 2470 1165 2531 qui
1214 2470 1317 2519 iam
1354 2479 1470 2520 ante
1504 2472 1555 2520 in
1592 2470 1673 2519 his
1716 2470 1858 2520 libris
1895 2471 2227 2521 emendandis

142 2548 293 2601 atque
329 2538 651 2604 explicandis
684 2544 915 2587 versatus
946 2538 1076 2599 sim,
1113 2539 1343 2602 repetitis
1380 2539 1543 2599 euris,
1588 2537 1831 2589 adhibitis
1866 2540 2019 2588 etiam
2052 2554 2227 2589 recen-

142 2607 330 2656 tiorum
369 2608 658 2657 criticorum
695 2606 1032 2667 editionibuS,
1069 2608 1289 2656 maxime
1323 2606 1380 2656 id
1415 2614 1699 2670 spectasse,
1738 2614 1794 2655 ut
1830 2607 1897 2658 ad
1932 2608 2227 2669 antiquissi-

142 2690 343 2725 morum
378 2683 429 2724 et
463 2675 773 2741 optimorum
808 2675 1052 2725 librorum
1083 2675 1458 2734 auctoritatem,
1497 2675 1664 2737 quoad
1700 2675 1946 2724 sententia
1980 2676 2227 2739 cuiusque

141 2743 243 2793 loci
309 2745 637 2802 concederet,
706 2744 964 2808 scriptoris
1025 2744 1177 2794 verba
1221 2745 1596 2796 constituerem.
1670 2743 1910 2805 Idemque
1957 2745 2007 2792 in
2055 2744 2226 2794 Para-

140 2811 294 2862 ἄιτα-ἕο
332 2813 503 2862 studui
545 2811 772 2874 efficere,
821 2826 1127 2875 quamquam
1165 2812 1234 2862 ad
1260 2811 1388 2862 haec
1422 2811 1737 2862 emendanda
1779 2825 1910 2861 nova
1942 2813 2069 2863 mihi
2105 2813 2226 2863 sub-

136 2881 273 2930 sidia
308 2879 452 2929 nulla
488 2887 649 2932 erant.
722 2882 778 2929 In
818 2879 1112 2945 fragmentis
1150 2886 1350 2942 autem,
1386 2895 1516 2944 quae
1553 2880 1790 2944 deinceps
1826 2891 2135 2944 sequuntur,
2169 2892 2226 2932 ut

135 2963 233 3013 par
269 2956 407 3007 erat,
443 2950 668 2998 maxime
700 2949 765 2998 ad
803 2949 858 2999 G.
892 2950 947 2999 F.
986 2952 1048 2998 Α.
1086 2948 1298 3010 Nobbii,
1353 2950 1439 3011 qui
1473 2951 1522 2998 in
1560 2949 1624 2998 iis
1660 2949 1966 3015 colligendis
2000 2959 2050 3001 et
2089 2952 2227 3001 ordi·

136 3019 323 3068 nandis
372 3016 586 3066 multum
634 3018 792 3067 studii
835 3033 1119 3083 operaeque
1162 3018 1361 3083 posuit,
1408 3019 1754 3071 auctoritatem
1806 3034 1887 3069 me
1942 3033 2226 3070 accommo-

136 3085 288 3148 davi,
339 3087 412 3135 ita
456 3093 627 3135 tamen
673 3093 728 3135 ut
773 3086 824 3135 in
872 3088 967 3135 hac
1012 3102 1214 3149 quoque
1250 3094 1394 3151 parte
1437 3087 1604 3152 operis
1640 3089 1769 3150 mei,
1820 3088 1866 3138 si
1902 3088 2024 3151 quid
2058 3089 2224 3136 minus

134 3161 272 3205 recte
316 3153 511 3204 factum
547 3155 832 3217 videretur,
874 3156 929 3205 id
959 3154 1381 3219 reprehenderem
1415 3162 1465 3205 et
1502 3154 1679 3205 sedulo
1710 3156 2048 3205 emendarem.
2119 3154 2225 3204 Nec

134 3224 303 3272 minus
353 3226 406 3272 in
439 3224 643 3287 scriptis
676 3224 1024 3289 suppositiciis
1063 3222 1146 3273 his
1183 3222 1483 3289 fragmentis
1530 3224 1813 3274 subiunctis
1858 3237 2063 3288 operam
2103 3222 2224 3272 dedi

134 3300 192 3340 ut
229 3308 384 3354 quam
420 3294 836 3342 emendatissima
866 3294 1027 3343 oratio
1059 3300 1223 3355 esset,
1267 3292 1320 3341 in
1359 3293 1610 3352 oratione,
1642 3307 1770 3356 quae
1812 3291 1885 3338 ad
1908 3291 2141 3352 populum
2176 3296 2226 3337 et

131 3362 332 3425 equites
365 3361 618 3412 Romanos
665 3369 783 3411 ante
815 3378 958 3427 quam
994 3364 1093 3412 iret
1133 3363 1185 3410 in
1229 3362 1430 3411 exiltmn
1473 3360 1648 3418 habita
1694 3358 1901 3414 dicitur,
1946 3368 2069 3403 usus
2107 3353 2222 3401 libri
