2381 3723
137 162 254 218 223
727 151 893 211 CAP.
923 159 1185 214 ιιι-44.
1233 161 1285 221 s.
1323 160 1647 216 μισ-152.
2104 154 2228 219 413

144 304 464 381 regundae
500 302 761 364 familiae
792 301 1154 375 sollertiam,
1202 302 1307 378 qui
1340 320 1643 364 summum
1674 302 1734 364 in
1772 303 2009 367 cunctis
2042 308 2229 369 rebus

145 387 459 465 ingenium
493 389 990 464 singularemque
1015 386 1355 447 doctrinam
1380 386 1780 461 advertisset,
1822 389 1983 450 haud
2011 390 2231 452 fuisset

140 489 299 534 sane
344 472 515 547 quod
557 478 664 531 aut
700 470 933 532 virilem
975 469 1035 531 in
1077 468 1488 546 intelligendis
1529 470 1998 548 iudicandisque
2042 474 2228 535 rebus

145 555 537 633 prudentiam
583 561 690 616 aut
734 554 1098 629 exquisitam
1146 554 1335 629 patris
1368 554 1625 616 familias
1658 554 1993 617 sollertiam
2024 555 2229 633 requi·

141 645 332 701 reret.
421 641 662 713 ltaque,
711 637 934 715 quibus
981 637 1246 698 maxime
1282 638 1469 699 rebus
1511 654 1696 714 egere
1725 655 1916 717 saepe
1946 640 2228 702 homines

139 724 456 794 solemuS,
505 722 798 785 fortitudo
832 729 892 783 et
924 722 1284 799 prudentia,
1327 722 1444 783 hae
1476 721 1558 782 ita
1584 722 1645 782 in
1677 723 1928 785 muliere
1958 725 2229 786 abunda·

144 808 329 880 bant,
368 813 436 867 ιιι
459 805 554 868 sui
576 806 874 868 maeroris
903 804 1263 866 medicinam
1286 822 1410 866 non
1441 814 1677 883 peteret
1709 807 1891 880 loriS‚
1925 810 2038 869 sed
2065 808 2125 868 in
2157 824 2228 869 se

143 892 350 966 ipsam
403 895 696 966 spectans
741 906 818 950 ex
863 906 975 951 sua
1017 906 1266 966 semper
1317 888 1536 950 virtute
1581 891 1898 966 penderet.
1988 894 2226 967 Quanto

139 982 352 1035 autem
397 972 717 1049 graviores
745 990 818 1035 ac
855 972 1234 1035 difficiliores
1267 972 1450 1032 animi
1479 973 1676 1034 morbi
1705 981 1850 1035 sunt
1880 990 2059 1050 quam
2094 991 2229 1035 cor-

142 1055 348 1136 poris,
391 1073 467 1118 eo
509 1056 703 1133 magis
746 1057 1087 1120 mirandum
1123 1063 1221 1117 est
1252 1058 1434 1117 talem
1467 1056 1781 1118 exstitisse
1812 1057 2003 1131 illam,
2052 1057 2225 1119 cuius

144 1139 488 1202 fortitudini
529 1140 809 1218 corporis
855 1143 1013 1201 mala
1054 1147 1365 1215 parerent,
1415 1140 1775 1217 prudentiae
1817 1157 1970 1204 vero
2009 1157 2227 1202 omnes

138 1224 333 1286 animi
371 1224 569 1286 morbi
611 1223 789 1286 facile
831 1225 1142 1286 cederent.
1231 1225 1446 1299 Itaque
1476 1239 1844 1300 quamquam
1876 1240 1957 1285 ex
1986 1224 2228 1286 calami·

142 1316 275 1370 tate
294 1307 800 1384 temporibusque
823 1310 1052 1370 nostris
1076 1306 1396 1370 molestiae
1420 1307 1741 1383 plurimum
1766 1309 2031 1381 traxerit,
2059 1325 2229 1370 num·

143 1409 335 1468 quam
366 1400 569 1453 tamen
602 1391 803 1453 animo
838 1393 1187 1469 perculsam
1217 1398 1323 1452 aut
1351 1391 1652 1452 deiectam
1683 1391 2012 1454 sensimus.
2087 1393 2226 1451 151.

144 1476 513 1552 Augebatur
541 1475 734 1553 patris
758 1474 975 1538 exsilio
1004 1474 1322 1550 totiusque
1351 1474 1610 1535 familiae
1638 1477 1864 1536 luctum
1896 1476 2229 1537 bonorum-

144 1576 276 1637 que
318 1559 720 1636 direptionem
761 1559 950 1621 invita
1000 1559 1279 1631 videbat,
1338 1560 1451 1620 sed
1501 1558 1678 1620 matri
1720 1566 1922 1620 tamen
1968 1559 2226 1621 consilio

144 1643 599 1721 prudentiaque
639 1642 855 1705 aderat
893 1650 956 1704 et
995 1643 1182 1703 rebus
1228 1641 1289 1704 in
1333 1659 1621 1719 magnum
1670 1659 1861 1720 saepe
1898 1642 2225 1704 discrimen

143 1726 433 1788 adductis
481 1726 714 1788 reditus
766 1742 940 1803 spem
992 1725 1170 1788 nobis
1222 1727 1467 1787 adferre
1526 1743 1855 1803 numquam
1910 1726 2224 1788 dubitavit.

141 1811 239 1874 Ita
269 1818 562 1886 quantum
594 1827 671 1872 ex
702 1811 1041 1872 calamitate
1076 1809 1339 1883 doloris,
1383 1810 1756 1872 tantumdem
1789 1826 1868 1870 ex
1896 1809 2056 1871 filiae
2087 1825 2228 1871 sua·

141 1895 340 1955 vitate
381 1910 453 1955 ac
484 1894 706 1971 pietate
735 1894 949 1956 solacii
980 1894 1393 1972 capiebamus.
1485 1894 1664 1987 Quod
1695 1902 1763 1954 ut
1798 1900 1968 1954 esset
1999 1892 2229 1954 diutur-

142 1979 319 2052 niuS,
379 1978 432 2039 si
477 1980 867 2040 commodum
910 1984 1192 2039 nostrum
1224 1984 1331 2038 aut
1364 1993 1528 2048 eam,
1577 1991 1735 2051 quae
1766 1975 2049 2037 omnibus
2079 1973 2229 2035 anti-

145 2060 449 2138 quissima
474 2069 599 2136 est,
633 2062 962 2123 liberorum
988 2060 1299 2122 caritatem
1322 2059 1760 2135 cogitaremus,
1792 2075 2013 2134 magno
2038 2072 2229 2135 opere

144 2153 369 2222 optare
415 2146 760 2208 debuimus.
847 2148 958 2218 At,
1006 2161 1193 2220 quum
1232 2143 1397 2203 illam
1442 2141 1723 2219 corporis
1770 2140 2028 2203 vinculis
2061 2141 2228 2202 solu-

145 2237 306 2302 tam,
366 2227 651 2291 omnibus
701 2237 946 2290 exutam
992 2226 1253 2290 miseriis
1285 2234 1347 2288 et
1376 2225 1842 2287 immortalitatis
1874 2231 2227 2300 compotem

147 2315 371 2374 factam
413 2312 614 2374 animo
658 2321 1046 2389 reputamus,
1098 2328 1223 2373 non
1267 2313 1455 2372 modo
1495 2309 1555 2371 in
1588 2311 1806 2371 dolore
1841 2306 2226 2385 conquiesci-

147 2413 318 2468 muS,
376 2397 491 2457 sed
537 2396 717 2457 etiam
766 2396 1097 2472 praecipue
1148 2397 1462 2458 laetamur.
1561 2395 1770 2455 XLIV.
1834 2391 1975 2453 152.
2075 2390 2230 2468 Quid

150 2479 314 2541 enim
342 2479 483 2540 mihi
513 2479 798 2541 accidere
833 2479 1052 2540 laetius
1083 2485 1294 2556 potest
1327 2494 1511 2553 quam
1534 2479 1613 2538 de
1636 2476 2082 2540 immortalitate
2105 2475 2232 2537 ani·

146 2580 391 2624 morum
429 2563 721 2639 cogitanti
764 2564 842 2625 de
886 2563 1044 2624 filiae
1087 2562 1267 2624 simul
1308 2568 1560 2622 aeterna
1592 2562 1898 2636 beataque
1929 2559 2053 2621 vita
2084 2577 2230 2622 con·

145 2646 395 2708 fidere?
478 2647 739 2709 Animos
771 2647 929 2708 enim
964 2662 1107 2708 esse
1136 2646 1511 2708 immortales
1548 2661 1627 2704 ne
1657 2644 2055 2705 dubitandum
2088 2640 2232 2702 mihi

146 2730 402 2805 quidem
447 2729 708 2792 videtur.
795 2729 1037 2792 Faciam
1080 2738 1283 2792 autem
1327 2745 1451 2791 non
1491 2726 1718 2789 invitus
1756 2734 1822 2788 ut
1851 2723 2231 2802 sapientissi-

146 2830 389 2876 morum
435 2815 747 2876 hominum
791 2831 1145 2891 percurram
1179 2816 1299 2875 hac
1326 2814 1405 2873 de
1438 2827 1507 2872 re
1536 2810 1932 2884 sententiam,
1980 2809 2229 2885 quando

145 2898 335 2959 mein
367 2898 530 2959 hunc
562 2901 767 2961 locum
799 2898 1054 2960 deduxit
1082 2898 1299 2960 oratio.
1386 2896 1600 2972 Neque
1627 2911 1776 2957 vero
1813 2895 1968 2955 haec
1994 2893 2076 2953 ita
2108 2890 2232 2953 dis-

145 2982 423 3058 putanda
472 2999 736 3056 cense0,
789 2990 859 3044 ut
907 2982 1148 3044 animos
1199 2981 1428 3043 idcirco
1491 2996 1616 3041 non
1671 2978 1923 3039 interire
1983 2972 2233 3058 probari

147 3064 385 3143 possit,
424 3067 594 3142 quod
620 3074 1003 3128 mortuorum
1036 3066 1404 3144 corporibus
1435 3063 1532 3124 vis
1565 3062 1909 3139 quaedam
1893 3077 2102 3122 messe
2127 3076 2232 3120 ve-

143 3147 471 3211 neratione
511 3150 699 3226 digna
736 3158 1012 3226 putetur,
1060 3167 1221 3227 quae
1251 3148 1596 3226 significare
1628 3147 1850 3207 debeat
1882 3163 2005 3206 non
2040 3142 2232 3206 deleri

146 3238 352 3294 morte
395 3233 667 3310 animoS,
719 3234 835 3296 sed
872 3234 1303 3298 immortalium
1342 3230 1682 3293 animorum
1719 3230 1908 3293 veluti
1945 3231 2233 3307 sepulcra

146 3306 459 3392 quaedam
501 3318 780 3380 mortalia
822 3334 1088 3394 corpora
1126 3318 1339 3380 fuisse.
1429 3315 1615 3392 Quasi
1653 3332 1777 3391 non
1810 3322 1873 3376 et
1913 3313 2143 3374 maiora
2173 3317 2235 3371 et

146 3399 425 3463 firmiora
480 3405 670 3464 multa
722 3410 1054 3480 suppetant
1097 3402 1320 3479 quibus
1372 3402 1619 3478 planum
1665 3398 1799 3461 fieri
1838 3396 2067 3475 possit,
2126 3393 2232 3469 qui
