2381 3723
169 161 207 212 5
846 148 1011 209 CAP.
1041 158 1235 212 3—5.
1273 157 1326 219 S.
1351 157 1479 213 7—
1498 161 1581 212 13.
2126 150 2241 214 121

166 313 377 360 senex
410 314 632 360 suasor
662 299 816 376 legis
846 300 1086 362 Cinciae
1120 301 1200 361 de
1236 300 1416 361 donis
1445 309 1508 360 et
1549 300 1901 362 muneribus
1933 301 2063 362 fuit.
2135 304 2245 364 llic

167 388 237 442 et
275 382 441 441 bella
480 384 732 457 gerebat
773 391 843 445 ut
875 385 1280 458 adolescens,
1332 399 1519 460 quum
1561 386 1743 460 plane
1773 385 2027 460 grandis
2059 395 2246 459 esset,

103 536 110 537 ἶ
167 471 237 524 et
274 465 682 527 Hannibalem
725 467 1067 528 iuveniliter
1109 469 1518 529 exsultantem
1550 465 1840 543 patientia
1867 485 1984 529 sua
2021 468 2248 530 mollie-

167 547 302 621 bat,
339 548 420 608 de
453 562 574 624 quo
607 552 920 627 praeclare
952 549 1260 611 familia-ris
1293 558 1506 615 noster
1532 550 1796 611 Ennius·

357 672 519 734 Unus
544 674 712 737 homo
739 676 901 738 nobis
931 678 1263 739 cunctando
1291 682 1542 739 restituit
1565 696 1710 742 rem.

343 757 611 818 Noenum
641 776 909 831 rumores
932 760 1189 839 ponebat
1215 768 1352 824 ante
1378 766 1641 827 salutem.

347 840 515 916 Erao
529 850 779 918 postque
804 846 1106 927 maoz'sque
1134 847 1250 917 viri
1272 862 1436 907 nunc
1457 848 1655 920 olor-ia
1687 849 1896 908 claret.

309 969 412 1027 11.
458 968 784 1028 Tarentum
817 982 971 1030 ‘vero
1000 986 1129 1046 qua
1158 970 1491 1047 vigilantia,
1543 986 1665 1046 quo
1696 971 1953 1034 consilio
1985 970 2246 1048 recepit!

173 1067 368 1128 quum
415 1049 662 1124 quidem
711 1068 808 1112 me
849 1053 1135 1114 audiente
1177 1053 1536 1127 Salinatori,
1591 1053 1694 1128 qui
1744 1053 1969 1116 amisso
2015 1054 2244 1131 oppido

172 1137 421 1212 fugerat
461 1132 521 1193 in
564 1150 796 1209 arcem,
848 1136 1129 1212 glorianti
1166 1143 1351 1214 atque
1386 1136 1470 1198 ita
1513 1135 1761 1196 dicenti:
1833 1138 2006 1197 ‘Mea
2037 1153 2247 1213 opera,

173 1221 242 1296 Q.
275 1216 455 1292 Fabi,
497 1219 824 1280 Tarentum
863 1220 1206 1297 recepisti’,
1250 1222 1508 1293 ‘Certe’‚
1551 1218 1746 1295 inquit
1786 1218 2023 1279 ridens:
2074 1223 2248 1279 ‘nam

170 1301 294 1364 nisi
325 1308 389 1361 tu
423 1299 772 1377 amisisseS,
797 1316 1136 1380 numquam
1165 1304 1589 1381 recepissem.’
1637 1304 1763 1363 Nec
1792 1319 1940 1363 vero
1973 1301 2034 1362 in
2066 1300 2249 1363 armis

173 1384 591 1447 nraestantior
624 1402 806 1460 quam
850 1389 910 1448 in
944 1395 1120 1464 toga,
1179 1388 1279 1464 qui
1317 1389 1532 1447 consul
1572 1386 1789 1448 iterum
1833 1385 1941 1462 Sp.
1990 1385 2248 1446 Carvilio

180 1466 421 1551 ‘’ollega
462 1467 819 1544 quiescente
858 1473 919 1532 C.
947 1465 1244 1533 Flaminio
1285 1471 1526 1532 tribuno
1568 1469 1766 1546 plebis
1801 1471 2007 1546 quoad
2055 1468 2252 1546 potuit

174 1552 401 1615 restitit
439 1566 652 1627 agrum
683 1553 991 1615 Picentem
1042 1563 1105 1616 et
1138 1554 1429 1616 Gallicum
1479 1553 1698 1614 viritim
1739 1562 1954 1616 contra
1996 1560 2250 1615 senatus

175 1635 602 1698 auctoritatem
635 1635 958 1712 dividenti,
1005 1655 1323 1715 augurque
1359 1655 1544 1715 quum
1581 1645 1776 1711 esset,
1823 1636 2027 1699 dicere
2058 1652 2249 1698 ausus

89 1759 96 1766 -
177 1727 277 1782 est
299 1718 573 1795 ‘optimis
599 1720 891 1797 auspiciis
915 1738 989 1783 ea
1004 1722 1162 1798 geri,
1198 1740 1357 1797 quae
1376 1738 1488 1800 pro
1512 1721 1600 1782 rei
1622 1721 1902 1798 publicae
1927 1724 2126 1782 salute
2149 1737 2250 1796 ge-

177 1809 490 1877 rerentur,
523 1821 682 1880 quae
707 1810 920 1867 contra
943 1822 1071 1868 rem
1102 1806 1405 1884 publicam
1441 1807 1768 1878 ferrentur,
1802 1813 2016 1866 contra
2047 1803 2246 1881 auspi-

179 1886 274 1948 cia
300 1885 461 1947 ferri.
466 1890 487 1921 ⁹
582 1883 677 1948 152
720 1889 990 1950 Multam
1022 1907 1096 1951 eo
1132 1888 1262 1952 viro
1289 1892 1602 1968 praeclara
1633 1888 1917 1964 cognovi,
1958 1890 2071 1949 sed
2107 1886 2252 1948 nihil

179 1977 277 2032 est
306 1965 719 2033 admirabilius
757 1987 940 2048 quam
970 1991 1092 2049 quo
1126 1976 1311 2034 modo
1341 1973 1441 2033 ille
1468 1977 1726 2031 mortem
1759 1970 1863 2030 filii
1891 1969 2053 2043 tulit,
2107 1969 2252 2029 clari

181 2054 291 2115 viri
320 2061 382 2114 et
410 2050 773 2116 consularis.
845 2057 958 2117 Est
995 2056 1056 2117 in
1088 2057 1368 2118 manibus
1402 2053 1698 2127 laudatio,
1738 2069 1920 2129 quam
1954 2069 2139 2127 quum
2172 2053 2252 2111 le-

177 2137 414 2215 gimuS,
467 2152 649 2214 quem
703 2135 1135 2217 philosophum
1193 2158 1316 2201 non
1375 2136 1859 2199 contemnimus?
1933 2138 2058 2197 Nec
2103 2151 2249 2195 vero

175 2221 370 2282 illem
399 2224 534 2282 luce
571 2219 757 2284 modo
801 2230 984 2299 atque
1011 2223 1073 2284 in
1111 2222 1307 2286 oculis
1337 2217 1558 2283 civium
1599 2237 1889 2297 magnus,
1940 2221 2052 2282 sed
2087 2218 2252 2279 intus

180 2304 472 2381 domique
491 2306 925 2382 praestantior.
1007 2305 1118 2382 Qui
1152 2322 1388 2381 sermo,
1431 2322 1589 2382 quae
1619 2313 1980 2381 praecepta,
2025 2308 2253 2379 quanta

175 2387 395 2449 notitia
415 2387 809 2464 antiquitatis,
843 2406 1002 2467 quae
1026 2390 1280 2453 scientia
1304 2390 1450 2452 iuris
1482 2388 1746 2474 augurii!
1805 2389 2030 2449 Multae
2053 2386 2252 2457 etiam,

180 2480 249 2533 ut
276 2470 336 2531 in
359 2463 613 2540 ’homine
646 2475 957 2547 Romano,
987 2471 1257 2535 litterae:
1302 2473 1507 2536 omnia
1536 2472 1830 2534 memoria
1854 2472 2100 2533 tenebat
2124 2487 2248 2531 non

182 2551 523 2616 domestica
551 2559 781 2630 solum,
836 2558 947 2618 sed
981 2557 1159 2618 etiam
1205 2565 1457 2618 externa
1498 2556 1675 2615 bella.
1754 2556 1934 2616 Cuius
1968 2570 2255 2615 sermone

180 2638 263 2699 ita
293 2646 418 2699 tum
453 2640 673 2715 cupide
704 2641 980 2715 fruebar,
1033 2641 1211 2715 quasi
1251 2641 1369 2700 iam
1400 2638 1764 2710 divinarem,
1811 2637 1874 2696 id
1907 2637 2075 2711 quod
2116 2651 2253 2696 eve-

179 2721 298 2794 nit,
333 2722 438 2782 illo
472 2724 776 2785 exstincto
815 2726 947 2785 iore
975 2726 1140 2785 unde
1174 2724 1476 2786 discerem
1504 2718 1832 2782 neminem.

262 2806 339 2864 V.
393 2803 489 2865 13.
579 2807 856 2881 Quorsus
884 2806 1064 2884 igitur
1091 2809 1246 2868 haec
1266 2816 1392 2868 tam
1404 2807 1601 2867 multa
1628 2805 1709 2864 de
1738 2801 2046 2864 Maximo?
2104 2799 2256 2879 Quia

184 2889 464 2965 proiecto
513 2889 735 2951 videtis
769 2892 955 2952 nefas
985 2907 1144 2952 esse
1173 2891 1352 2952 dictu
1381 2889 1668 2951 miseram
1710 2886 1902 2950 fuisse
1928 2890 2115 2949 talem
2159 2904 2256 2947 se·

184 2978 513 3033 nectutem.
587 2974 712 3034 Nec
763 2982 967 3035 tamen
1019 2989 1237 3036 omnes
1266 2981 1542 3051 possunt
1585 2987 1734 3034 esse
1776 2970 2100 3048 Scipiones
2152 2976 2258 3030 aut

179 3055 456 3130 Maximi,
497 3063 569 3117 ut
597 3053 835 3117 urbium
869 3058 1400 3134 expugnationes,
1449 3065 1519 3118 ut
1557 3058 1884 3133 pedestres
1922 3055 2255 3116 navalesve

185 3153 441 3215 pugnaS,
487 3148 560 3200 ut
589 3142 748 3200 bella
771 3159 813 3202 a
840 3159 929 3203 se
940 3148 1147 3216 gesta,
1179 3151 1257 3202 ιιι
1282 3141 1626 3217 triumphos
1645 3141 2076 3202 recordentur.
2142 3134 2256 3193 Est

185 3223 363 3283 etiam
414 3222 621 3299 quiete
649 3233 724 3285 et
771 3241 924 3302 pure
958 3232 1145 3301 atque
1169 3226 1499 3301 eleganter
1545 3231 1721 3285 actae
1762 3220 1981 3281 aetatis
2016 3214 2255 3293 placida

183 3319 256 3366 'ac
275 3307 446 3368 lenis
489 3315 817 3382 senectus,
870 3311 1114 3383 qualem
1156 3309 1509 3385 accepimus
1534 3303 1842 3374 Ρῑιιιοηίε,
1894 3301 2005 3377 qui
2035 3317 2158 3361 uno
2182 3306 2252 3357 et

185 3390 567 3467 octogesimo
612 3408 774 3452 anno
831 3392 1111 3453 scribens
1152 3398 1250 3453 est
1292 3398 1603 3459 mortuus,
1657 3386 1900 3459 qualem
1940 3379 2252 3442 Isocratis.
