2381 3723
144 118 271 182 33⁵2
950 120 1434 183 FRAGMENTA
2144 135 2245 191 142

151 273 200 333 0
227 275 456 334 utinam
478 277 703 350 pelaoo
735 291 811 335 ne
837 280 977 337 tunc
1002 277 1265 338 obsessus
1290 287 1347 338 et
1372 278 1557 340 imbre

144 357 345 419 Mixta
368 358 796 434 perhorrescat
820 360 1083 420 densatis
1108 359 1371 435 sulpura
1400 358 1646 422 nimbis!

143 441 340 519 Saepe
365 445 542 503 etiam
557 445 774 519 pluvia
795 447 1022 519 poteris
1048 451 1322 520 spectare
1344 445 1565 518 futura

143 526 365 587 Nubila
400 543 510 587 ceu
536 530 719 588 lanae
736 545 858 603 per
884 531 1116 589 caelum
1143 532 1367 590 vellera
1389 529 1555 601 ferri
1563 552 1583 589 .·

150 609 296 670 Tum
319 612 554 685 qemino
580 614 768 686 cinyit
792 616 1023 674 caelum
1060 612 1488 674 Thaumantias
1516 630 1668 675 arcu
2134 627 2240 679 2ιο

141 694 263 754 Aut
291 697 498 770 aliqua
526 702 788 756 atratum
808 697 1136 771 praeducit
1161 701 1333 759 stella
1358 701 1642 760 corollam
1655 720 1675 757 .-

144 779 369 839 Crebra
397 781 575 839 etiam
603 782 859 842 volucris
878 780 1082 854 falsas
1108 790 1168 842 et
1192 783 1407 843 crebra
1430 785 1721 859 palustris

138 861 365 925 Haurit
390 879 583 938 aquas
604 871 894 941 potusque
923 869 1045 927 sitit
1069 867 1462 928 vehementius
1490 869 1703 928 undas.

138 945 335 1022 Saepe
361 950 540 1008 etiam
555 952 803 1024 pluviae
818 953 1207 1026 praenuncia
1235 954 1396 1012 venit
1416 953 1693 1027 larunda,

136 1031 432 1094 Limosam
459 1034 684 1095 tumido
703 1035 1080 1111 protundens
1107 1043 1310 1097 ventre
1325 1036 1637 1112 paludem.
2131 1050 2233 1102 215

137 1115 273 1176 Vos
308 1133 559 1192 quoque
590 1116 769 1194 signa
797 1117 1051 1191 videtis,
1091 1122 1281 1195 aquai·
1307 1119 1503 1181 dulcis
1535 1121 1836 1198 alumnae,

140 1200 336 1275 Quum
369 1202 639 1263 clamore
668 1201 901 1280 paratis
931 1201 1147 1265 inanes
1179 1205 1438 1266 fundere
1475 1220 1666 1267 voces

136 1285 558 1362 Absurdoque
587 1303 745 1349 sono
780 1289 984 1349 fontes
1016 1295 1076 1349 et
1104 1296 1325 1364 stagna
1354 1287 1547 1350 cietiS.

138 1368 341 1445 Saepe
369 1369 552 1433 etiam
587 1371 875 1448 pertriste
907 1372 1070 1432 canit
1100 1373 1179 1432 de
1214 1382 1466 1449 pectore
1501 1389 1766 1448 carmen,

134 1452 211 1514 Et
240 1453 550 1516 matutinis
582 1456 875 1517 acredula
909 1455 1166 1517 vocibus
1200 1457 1406 1530 instat,
1491 1526 1502 1533 ,
2125 1471 2233 1525 220
2351 1444 2352 1471 ¹

133 1537 412 1599 Vocibus
443 1537 630 1600 instat
661 1546 723 1600 et
751 1539 1047 1601 adsiduas
1079 1539 1221 1602 iacit
1251 1556 1359 1603 ore
1394 1543 1696 1616 querelaS,
2017 1578 2020 1581 Δ

138 1623 334 1697 Quum
373 1622 632 1698 primum
661 1622 905 1700 gelidos
935 1640 1113 1686 rores
1146 1641 1373 1687 aurora
1402 1624 1669 1697 remittit,

133 1705 462 1782 Fuscaque
496 1723 620 1768 non
653 1724 984 1783 numquam
1021 1725 1283 1770 cursans
1315 1726 1426 1785 per
1455 1708 1660 1770 littora
1692 1708 1905 1773 cornix

133 1790 441 1852 Demersit
476 1800 662 1869 caput
698 1801 758 1853 et
785 1790 1040 1854 fluctum
1078 1792 1323 1854 cervice
1353 1793 1616 1871 recepit:

132 1874 631 1953 Mollipedesque
658 1879 857 1939 boves
889 1886 1243 1953 spectantes
1278 1878 1505 1940 lumina
1539 1879 1688 1939 caeli
2124 1893 2224 1945 225

131 1959 396 2022 Naribus
431 1961 796 2023 bumiferum
829 1963 1065 2023 duxere
1099 1979 1180 2022 ex
1207 1967 1351 2023 aere
1383 1978 1620 2024 sucum.

132 2045 389 2122 Saepius
412 2053 473 2107 et
492 2049 655 2109 tectis
680 2047 858 2122 effert
874 2048 1286 2123 penetralibus
1309 2064 1421 2109 ova

135 2131 463 2204 Anyustum
485 2130 751 2204 formica
779 2139 975 2193 terens
1002 2134 1141 2206 iter,
1182 2132 1447 2206 undique
1472 2139 1532 2194 et
1554 2133 1717 2194 albos

133 2214 305 2275 Mille
321 2216 514 2289 pedes
546 2218 713 2276 circa
742 2230 943 2276 muros
969 2224 1299 2277 cernuntur
1332 2219 1456 2288 iuli,

136 2297 415 2373 Quaeque
442 2301 657 2373 niqrae
689 2306 910 2360 veteres
936 2301 1226 2361 dixerunt
1256 2302 1486 2361 viscera
1514 2308 1732 2362 terrae.
2123 2311 2229 2366 230

142 2381 306 2442 Tune
334 2398 562 2457 quoque
588 2385 871 2443 cristatae
898 2383 1118 2444 soboles
1139 2386 1377 2459 pallina
1404 2388 1659 2446 volucris

138 2465 253 2525 Ore
276 2465 469 2540 pedes
494 2469 639 2540 leoit
666 2473 725 2527 et
749 2470 1046 2528 crocitans
1073 2485 1107 2528 e
1129 2475 1371 2543 pultare
1397 2485 1585 2530 rauco

132 2550 452 2623 Expressit
479 2553 701 2612 sonitus
722 2552 929 2613 undae
953 2555 1231 2613 stillantis
1255 2555 1316 2611 in
1346 2554 1589 2613 undam.

136 2635 357 2695 Corvus
383 2644 440 2696 et
469 2638 682 2696 atratis
709 2639 905 2697 velata
933 2635 1249 2697 monedula
1273 2640 1489 2711 pennis
2163 2701 2172 2710 ,

147 2721 405 2781 Ventura
437 2725 633 2781 terras
660 2721 996 2782 madituras
1028 2721 1213 2781 imbre
1240 2722 1566 2792 monebunt,
2119 2731 2227 2785 235

132 2804 498 2879 Accipitrum
526 2807 589 2865 in
615 2821 836 2866 morem
861 2808 917 2866 si
946 2807 1179 2879 maynis
1202 2808 1465 2879 qarrula
1494 2807 1702 2866 turmis

133 2889 390 2962 Aymina
420 2890 856 2950 concelebrent:
894 2889 1180 2964 aravibus
1207 2905 1325 2961 voa}
1352 2893 1589 2950 aemula
1613 2890 1793 2964 matis

135 2972 454 3033 Corvorum
477 2975 716 3048 pluvias
742 2974 1060 3048 praedixit
1088 2990 1268 3049 saepe
1288 2972 1554 3048 futuras,

131 3055 250 3117 Aut
276 3057 429 3118 adeo
456 3063 757 3132 streperas
780 3058 1059 3132 pandens
1085 3061 1444 3132 coniunoere
1470 3074 1639 3119 voces

126 3140 440 3216 Increpuit
471 3144 738 3203 crociens
766 3143 964 3202 densis
994 3144 1293 3203 exercitus
1320 3145 1451 3202 alis.
2118 3147 2225 3201 240

139 3221 303 3282 Tunc
334 3230 676 3285 mansuetae
703 3231 913 3285 anates
942 3234 1119 3301 atque
1153 3230 1317 3286 intra
1344 3228 1553 3287 limina
1582 3226 1801 3300 clepens

137 3304 434 3366 Graculus
462 3309 734 3369 adsiduis
762 3311 1035 3383 quatiunt
1060 3310 1437 3384 suqyrundia
1463 3312 1710 3384 pennis:

141 3383 306 3446 Tunc
328 3386 560 3459 fulicae
591 3395 826 3465 maqnis
844 3403 1096 3465 poscunt
1120 3393 1476 3453 elamoribus
1502 3393 1715 3454 undas.
