2381 3723
594 142 733 201 ΜΒ.
773 143 818 201 1.
865 141 1025 201 CAP.
1057 152 1317 205 41—44.
1363 152 1414 212 s.
1452 152 1774 205 149—155.
2134 140 2217 206 47

145 296 373 356 Eorum
405 297 609 355 autom
638 291 944 369 ipsorum,
999 309 1161 369 quae
1189 293 1450 354 honesta
1475 302 1653 367 sunt,
1705 300 1912 368 potest
1949 293 2219 357 incidere

145 394 335 452 saepe
376 375 691 438 contentio
744 383 804 436 et
846 375 1224 453 comparatio
1282 378 1358 437 de
1406 374 1651 439 duobus
1699 377 1977 438 honestis
2018 386 2218 439 utrum

145 460 496 534 honestius,
555 459 659 535 qui
702 461 878 521 locus
929 477 967 520 a
1005 459 1295 523 Panaetio
1348 469 1445 522 est
1491 461 1984 538 praetermissus.
2071 463 2220 522 Nam

146 563 331 622 quum
366 543 567 606 omnis
600 544 896 605 honestas
939 552 1145 605 manet
1187 561 1224 604 a
1265 546 1544 622 partibus
1589 553 1906 622 quattuor,
1964 562 2225 642 quarum

149 646 267 691 una
296 635 394 689 est
425 625 823 704 cognitionis,
870 629 1062 688 altera
1095 629 1575 703 communitatiS,
1623 628 1801 691 tertia
1832 629 2222 706 magnanimi

145 713 319 787 tatiS,
365 708 584 788 quarta
614 711 1085 785 moderationis,
1137 713 1289 773 haec
1332 713 1395 773 in
1429 712 1753 789 deligendo
1791 713 1997 774 officio
2031 730 2224 788 saepe

146 798 304 858 inter
326 813 398 856 se
425 801 859 872 comparentur
880 811 1142 857 necesse
1166 802 1282 858 est.
1376 797 1514 858 153.
1554 798 1759 858 Placet
1780 797 1963 874 1g1tur
1984 797 2225 874 aptiora

146 896 292 942 esse
337 886 595 940 naturae
628 895 703 938 ea
758 877 981 952 officia,
1036 896 1196 955 quae
1252 897 1331 940 ex
1381 881 1842 953 communitate,
1898 898 2082 958 quam
2129 897 2224 953 ea,

148 980 312 1041 quae
344 981 424 1024 ex
456 962 807 1038 cognitione
837 963 1170 1036 ducantur,
1216 963 1405 1040 idque
1439 965 1560 1026 hoc
1601 974 1957 1042 argumento
2004 965 2222 1026 confir·

148 1046 302 1108 mari
359 1053 586 1123 potest.
676 1047 852 1121 Quod
903 1045 957 1108 si
1016 1046 1340 1124 contigerit
1390 1065 1466 1109 ea
1517 1047 1642 1108 vita
1693 1048 1983 1126 sapienti,
2044 1057 2114 1110 ut
2163 1047 2222 1108 in

148 1130 423 1194 omnium
463 1147 666 1191 rerum
706 1131 1121 1192 adfluentibus
1167 1131 1394 1208 copiis,
1457 1133 1736 1209 quamvis
1779 1133 2011 1206 omnia,
2066 1149 2228 1208 quae

148 1213 506 1292 cognitione
538 1213 720 1291 digna
759 1222 935 1289 sunt,
987 1232 1229 1276 summo
1276 1215 1401 1278 otio
1447 1232 1656 1277 secum
1692 1214 1829 1293 ipse
1874 1215 2227 1277 consideret

148 1308 210 1361 et
248 1300 728 1375 contempletur,
774 1307 1004 1372 tamen,
1053 1299 1322 1371 solitudo
1365 1300 1419 1362 si
1459 1306 1627 1361 tanta
1656 1299 1765 1373 sit,
1816 1306 1885 1360 ut
1917 1299 2224 1359 hominem

147 1383 363 1443 videre
410 1399 530 1443 non
582 1381 812 1458 possit,
877 1384 1138 1444 excedat
1187 1401 1224 1445 e
1275 1383 1417 1445 vita.
1493 1383 1911 1461 Princepsque
1956 1382 2222 1445 omnium

150 1468 441 1527 virtutum
486 1474 582 1527 est
622 1466 722 1527 illa
773 1465 1100 1544 sapientia,
1163 1484 1347 1545 quam
1398 1469 1645 1547 σοφίαν
1701 1467 1916 1530 Graeci
1965 1474 2222 1529 vocant:

150 1549 538 1628 prudentiam
596 1550 785 1625 enim,
847 1568 1029 1627 quam
1086 1550 1303 1613 Graeci
1353 1547 1692 1632 φρόνησιν
1746 1552 1984 1625 dicunt,
2048 1551 2229 1614 aliam·

150 1634 482 1710 quamdam
503 1632 922 1710 intelligimus,
953 1651 1113 1711 quae
1136 1643 1235 1697 est
1262 1652 1463 1698 rerum
1488 1639 1968 1714 expetendarum
1996 1636 2226 1713 fugien-

151 1721 495 1792 darumque
542 1717 828 1780 scientia:
877 1719 978 1780 illa
1023 1726 1227 1781 autem
1278 1719 1606 1796 sapientia,
1665 1739 1846 1798 quam
1889 1720 2230 1798 principem

150 1801 307 1875 dixi,
359 1818 562 1864 rerum
593 1809 690 1864 est
734 1802 1077 1865 divinarum
1124 1812 1184 1865 et
1227 1805 1624 1868 humanarum
1669 1804 1954 1881 scientia,
2006 1804 2065 1867 in
2105 1819 2230 1881 qua

151 1886 500 1949 continetur
556 1887 811 1949 deorum
872 1895 935 1948 et
994 1887 1305 1951 hominum
1369 1889 1772 1952 communitas
1836 1897 1896 1950 et
1958 1889 2229 1951 societas

148 1973 310 2032 inter
350 1970 546 2047 ipsos,
615 1971 706 2032 Ea
744 1973 796 2033 si
842 1970 1105 2033 maxima
1145 1980 1272 2046 est,
1297 1975 1298 1978 ’
1324 1980 1390 2034 ut
1414 1982 1537 2046 est,
1591 1979 1758 2033 certe
1807 1989 2071 2033 necesse
2112 1979 2232 2044 est,

150 2055 321 2131 quod
367 2072 407 2115 a
453 2054 888 2116 communitate
930 2057 1190 2117 ducatur
1230 2057 1534 2130 officium,
1587 2056 1649 2116 id
1690 2071 1835 2115 esse
1880 2054 2227 2116 maximum.

151 2138 388 2200 Etenim
441 2138 709 2216 cognitio
768 2139 1332 2217 contemplatioque
1386 2146 1639 2201 naturae
1693 2155 1910 2200 manca
1961 2139 2232 2215 quodam

151 2223 340 2286 modo
374 2229 563 2298 atque
591 2222 876 2286 incohata
903 2225 1014 2297 sit,
1059 2221 1115 2284 si
1148 2225 1312 2284 nulla
1342 2222 1500 2285 actio
1542 2241 1746 2285 rerum
1792 2229 2232 2299 consequatur.

150 2310 235 2369 Ea
267 2315 476 2369 autem
508 2305 667 2369 actio
698 2306 756 2368 in
797 2306 1109 2370 hominum
1143 2308 1483 2370 commodis
1518 2308 1760 2370 tuendis
1797 2307 2060 2369 maxime
2103 2324 2231 2369 cer-

149 2391 338 2453 nitur:
396 2389 663 2467 pertinet
701 2390 883 2467 igitur
921 2392 1001 2452 ad
1048 2391 1406 2453 societatem
1449 2391 1693 2469 generis
1737 2390 2019 2454 humani:
2080 2406 2233 2466 ergo

148 2477 302 2536 haec
345 2474 684 2551 cognitioni
729 2476 1163 2553 anteponenda
1210 2482 1323 2537 est.
1417 2477 1555 2537 154.
1601 2480 1811 2551 Atque
1857 2475 1919 2537 id
1961 2474 2232 2553 optimus

150 2559 417 2637 quisque
446 2575 515 2619 re
543 2558 680 2634 ipsa
725 2558 998 2621 ostendit
1043 2571 1105 2620 et
1143 2558 1389 2622 iudicat.
1465 2560 1613 2634 Quis
1646 2560 1804 2621 enim
1848 2569 1944 2621 est
1979 2567 2097 2620 tam
2131 2576 2231 2619 cu·

146 2644 333 2720 pidus
376 2642 438 2702 in
497 2642 925 2720 perspicienda
976 2644 1542 2720 cognoscendaque
1589 2660 1791 2704 rerum
1847 2651 2089 2716 natura,
2142 2649 2237 2713 ut,

147 2727 197 2789 si
243 2728 305 2788 ei
348 2726 635 2787 tractanti
675 2726 1234 2815 contemplantique
1285 2744 1389 2789 res
1435 2726 1787 2804 cognitione
1838 2725 2232 2803 dignissimas

148 2813 355 2873 subito
389 2809 472 2871 sit
501 2811 768 2872 adlatum
781 2795 1139 2887 ’periculum
1173 2810 1630 2887 discrimenque
1659 2809 1911 2887 patriae,
1959 2810 2057 2871 cui
2090 2809 2231 2873 sub-

150 2894 365 2956 venire
409 2893 817 2970 opitularique
862 2894 1089 2971 possit,
1151 2912 1274 2956 non
1314 2894 1414 2955 illa
1453 2893 1655 2956 omnia
1701 2893 2007 2972 relinquat
2047 2903 2232 2972 atque

149 2978 423 3051 abiiciat‚
482 2977 669 3039 etiam
715 2978 767 3039 si
810 2978 1195 3039 dinumerare
1237 2996 1309 3041 se
1353 2981 1563 3041 stellas
1622 2987 1728 3040 aut
1785 2980 1981 3041 metiri
2024 2978 2236 3040 mundi

153 3060 631 3140 magnitudinem
673 3078 863 3138 posse
893 3060 1259 3131 arbitretur?
1297 3065 1537 3139 'Atque
1577 3063 1700 3125 hoc
1731 3063 1893 3125 idem
1925 3063 1985 3124 in
2020 3078 2209 3139 paren

155 3145 253 3219 tis,
297 3146 361 3206 in
401 3145 582 3206 amici
609 3163 676 3206 re
705 3154 810 3206 aut
844 3145 1117 3222 periculo
1155 3145 1389 3206 fecerit.
1481 3148 1620 3208 155.
1667 3147 1898 3222 Quibus
1932 3147 2117 3207 rebus
2149 3141 2228 3202 in·

156 3229 440 3305 telligitur
481 3229 701 3291 studiis
734 3228 1081 3306 officiisque
1117 3228 1411 3291 scientiae
1453 3231 1897 3306 praeponenda
1930 3245 2074 3289 esse
2102 3226 2234 3288 offi-

156 3311 242 3374 cia
274 3312 575 3389 iustitiae,
608 3331 768 3390 quae
793 3312 1100 3390 pertinent
1125 3314 1204 3373 ad
1237 3312 1551 3374 hominum
1579 3312 1910 3382 caritatem,
1948 3327 2069 3385 qua
2089 3306 2235 3367 nihil

156 3396 382 3459 homini
426 3414 571 3459 esse
623 3398 809 3459 debet
858 3396 1190 3474 antiquius,
1280 3397 1490 3456 XLIV.
1552 3398 1759 3466 Atque
1797 3390 1912 3463 illi,
1975 3401 2238 3463 quorum
