2381 3723
151 138 220 193 13
401 146 412 147 ’
794 126 961 198 CAP.
999 137 1082 187 10.
1121 137 1207 188 ll.
1251 134 1302 194 S.
1338 133 1601 189 33—38.
2120 126 2239 187 129

143 280 559 354 stinguuntur
598 283 936 338 senectute.
1010 278 1085 337 Et
1128 293 1394 352 corpora
1445 275 1692 351 quidem
1737 277 2242 338 exercitationum

143 360 596 438 defatigatione
620 361 1087 436 ingravescunt,
1120 359 1303 419 animi
1329 368 1529 420 autem
1563 363 1914 422 exercendo
1942 363 2240 420 levantur.

146 447 299 506 Nam
334 461 501 520 quos
533 444 617 505 ait
644 443 941 506 Caecilius

327 613 342 628 .
376 613 391 626 .
417 613 431 626 .
462 614 475 628 .
501 588 517 628 ·.
542 614 557 628 .
582 572 831 630 comicos
857 572 1060 629 stultos
1088 586 1272 641 senes,

154 697 274 756 hos
329 691 643 767 significat
687 693 1009 765 credulos,
1066 691 1436 765 obliviOSOS,
1491 695 1858 767 dissolutos,
1910 709 2079 768 quae
2100 692 2244 754 vitia

154 785 305 841 sunt
334 793 463 836 non
490 776 862 848 senectutiS,
900 776 1012 836 sed
1042 775 1285 849 inertis,
1334 775 1621 851 ignavae,
1660 775 2118 838 somniculosae
2150 795 2242 838 se·

154 860 448 923 nectutis.
520 860 602 920 Ut
629 859 995 936 petulantia,
1045 867 1112 919 ut
1154 858 1342 921 libido
1380 858 1572 935 magis
1619 868 1715 921 est
1756 862 2243 923 adolescentium

156 962 348 1022 quam
382 959 633 1016 senum,
685 960 802 1003 nec
833 951 1033 1003 tamen
1081 943 1349 1004 omnium
1392 942 1903 1017 adolescentium,
1962 946 2073 1004 sed
2117 963 2241 1006 non

157 1029 537 1104 proborum,
593 1027 683 1086 sic
710 1027 826 1088 ista
856 1026 1062 1087 senilis
1094 1027 1374 1101 stultitia,
1423 1044 1581 1102 quae
1626 1026 1906 1088 deliratio
1951 1028 2244 1103 appellari

158 1115 356 1184 solet,
404 1127 620 1171 senum
666 1110 884 1172 levium
931 1118 1054 1183 est,
1102 1129 1227 1172 non
1272 1110 1562 1173 omnium.
1653 1111 1752 1171 37.
1804 1112 2103 1185 Quattuor
2147 1129 2243 1171 ro·

158 1197 388 1257 bustos
420 1194 613 1266 filios,
652 1194 922 1270 quinque
951 1193 1141 1268 filiaS,
1180 1202 1412 1255 tantam
1445 1195 1727 1267 domum,
1768 1200 1970 1253 tantas
2002 1194 2244 1254 cliente·

158 1283 256 1340 las
287 1276 534 1353 Appius
562 1278 816 1352 regebat
861 1286 922 1338 et
954 1294 1179 1338 caecus
1212 1288 1273 1338 et·
1302 1294 1527 1339 senex:
1576 1278 1873 1337 intentum
1918 1277 2077 1336 enim
2121 1279 2244 1337 ani·

160 1379 333 1423 mum
364 1369 676 1436 tamquam
718 1378 926 1422 arcum
970 1362 1239 1422 habebat
1282 1378 1398 1422 nec
1443 1363 1852 1438 languescens
1887 1361 2245 1421 succumbe-

161 1449 271 1507 bat
299 1444 623 1504 senectuti.
694 1446 968 1505 Tenebat
1007 1462 1131 1506 non
1175 1447 1362 1508 modo
1407 1445 1860 1517 auctoritatem,
1911 1446 2022 1505 sed
2067 1445 2242 1506 etiam

160 1527 490 1605 imperium
513 1526 574 1587 in
597 1545 779 1601 suos,
812 1529 1162 1589 metuebant
1185 1529 1381 1602 servi,
1420 1531 1788 1590 verebantur
1810 1528 2001 1602 liberi,
2038 1546 2243 1590 carum

164 1628 392 1674 omnes
419 1611 757 1672 habebant:
797 1612 1045 1688 vigebat
1077 1611 1135 1672 in
1181 1615 1284 1673 illa
1312 1615 1500 1675 domo
1530 1631 1666 1675 mos
1713 1613 1944 1689 patrius
1979 1622 2038 1675 et
2066 1612 2244 1676 disci·

164 1696 353 1772 plina.
443 1693 545 1755 38.
587 1697 676 1755 lta
707 1697 864 1756 enim
896 1703 1187 1757 senectus
1219 1698 1482 1759 honesta
1513 1705 1636 1771 est,
1682 1698 1735 1759 si
1765 1714 1836 1758 se
1869 1697 2008 1774 ipsa
2036 1700 2245 1759 desen·

166 1779 283 1852 dit,
332 1778 386 1839 si
414 1777 511 1839 ius
551 1796 727 1840 suum
760 1779 1006 1853 retinet,
1050 1780 1104 1840 si
1132 1781 1357 1842 nemini
1390 1783 1736 1858 mancipata
1782 1789 1912 1855 est,
1966 1782 2018 1842 si
2043 1798 2246 1858 usque

170 1866 247 1925 ad
291 1864 570 1924 ultimum
626 1863 901 1940 spiritum
952 1864 1299 1926 dominatur
1344 1867 1400 1926 in
1459 1884 1632 1927 suos.
1716 1866 1793 1926 Ut
1839 1865 1997 1925 enim
2041 1869 2245 1927 adole—

170 1954 480 2020 scentem,
529 1947 590 2007 in
628 1966 752 2023 quo
784 1949 977 2010 senile
1002 1946 1259 2023 aliquid,
1311 1952 1405 2009 sic
1446 1967 1686 2021 senem,
1738 1946 1797 2006 in
1837 1964 1960 2021 quo
2009 1957 2107 2008 est
2145 1948 2245 2006 ali-

172 2031 317 2107 quid
350 2032 792 2104 adolescentiS,
825 2033 1053 2107 probo:
1101 2034 1268 2106 quod
1297 2032 1401 2108 qui
1432 2032 1711 2107 sequitur
1746 2046 2011 2106 corpore
2053 2048 2246 2091 senex

168 2131 315 2176 esse
347 2114 600 2191 poterit,
655 2116 853 2176 animo
887 2125 1220 2191 numquam
1273 2116 1408 2177 erit.
1483 2114 1792 2191 Septimus
1840 2113 1983 2173 miln
2024 2113 2249 2188 ‘Origi-x

170 2204 347 2260 num’
385 2200 541 2259 liber
573 2206 671 2259 est
711 2199 771 2259 in
814 2201 1122 2271 manime,
1180 2199 1387 2260 omnia
1429 2198 1803 2274 antiquitatis
1854 2204 2246 2259 monumenta

172 2282 427 2359 colligo,
489 2299 812 2344 causarum
862 2283 1215 2356 illustrium,
1273 2300 1697 2359 quascumque
1748 2281 2025 2356 defendi,
2083 2297 2245 2343 nunc

172 2384 359 2442 quum
392 2366 653 2428 maxime
677 2367 939 2429 conficio
966 2367 1307 2440 orationes,
1340 2368 1434 2429 ius
1467 2367 1818 2444 augurium,
1847 2367 2247 2442 pontificium,

174 2450 348 2511 civile
390 2458 619 2523 tracto,
665 2453 924 2521 ‚multum
967 2450 1144 2512 etiam
1192 2451 1442 2512 Graecis
1497 2452 1710 2512 litteris
1757 2459 1898 2513 utor
1944 2453 2237 2530 Pythago-

173 2550 545 2609 reorumque
580 2551 752 2595 more
787 2534 1543 2596 exercendae-memoriae
1574 2535 1770 2609 gratia
1807 2535 1951 2609 quid
1998 2548 2243 2611 quoquo

173 2618 268 2678 die
312 2616 602 2691 dixerim,
646 2615 973 2691 audierim,
1019 2618 1280 2693 egerim,
1317 2634 1736 2680 commemoro
1781 2619 2049 2693 vesperi.
2118 2620 2244 2677 Hac

173 2709 315 2761 sunt
367 2701 838 2762 exercitationes
880 2700 1134 2777 ingenii,
1192 2704 1346 2762 haec
1397 2700 1699 2761 curricula
1746 2700 1996 2773 mentis,
2046 2700 2105 2759 in
2154 2699 2247 2758 his

174 2785 487 2845 desudans
530 2794 714 2861 atque
745 2787 1070 2847 elaborans
1115 2785 1398 2862 corporis
1433 2784 1596 2846 vires
1633 2802 1755 2846 non
1790 2799 2009 2859 magno
2058 2799 2245 2861 opere

174 2868 484 2929 desidero.
570 2870 809 2929 Adsum
922 2868 1123 2941 miciS,
1204 2870 1388 2932 venio
1469 2870 1535 2929 in·
1600 2877 1880 2930 senatum
1956 2872 2249 2947 frequens

173 2954 457 3028 ultroque
499 2953 712 3013 adfero
756 2970 859 3014 res
897 2954 1147 3013 multum
1192 2962 1255 3015 et
1302 2953 1406 3015 (liu
1450 2971 1484 3016 c
1530 2952 1750 3029 gitatas
1795 2971 2028 3030 easque
2072 2963 2249 3014 tueor

175 3034 387 3107 animi,
448 3053 572 3096 non
621 3036 902 3113 corporis
947 3036 1198 3099 viribus.
1292 3041 1458 3113 Quae
1503 3037 1554 3098 si
1603 3038 1863 3115 exsequi
1912 3038 2249 3113 nequirem,

175 3129 378 3181 tamen
439 3137 538 3180 me
597 3124 856 3183 lectulus
918 3138 1093 3181 meus
1149 3122 1493 3183 oblectaret
1543 3139 1616 3182 ea
1674 3123 1812 3200 ipsa
1861 3119 2248 3195 cogitantem,

176 3220 332 3278 quae
384 3203 503 3264 iam
555 3221 741 3282 agere
803 3224 927 3267 non
984 3221 1265 3279 possem,
1343 3206 1457 3267 sed
1517 3215 1586 3267 ut
1634 3205 1868 3283 possim
1924 3202 2066 3264 facit
2116 3210 2248 3263 acta

177 3286 310 3347 vita.
403 3288 665 3365 Semper
725 3289 885 3350 enim
948 3288 1008 3348 in
1060 3290 1155 3350 his
1200 3290 1285 3350 'st
1330 3289 1444 3350 diis
1509 3289 1950 3362 laboribusque
2016 3285 2253 3347 viventi

175 3387 293 3432 non
352 3369 724 3513 intelligitur
750 3373 998 3449 quando
1047 3374 1309 3449 obrepat
1351 3383 1670 3434 senectus:
1719 3368 2071 3509 itaqsensim
2117 3368 2251 3428 sine

256 3470 369 3516 cxc·
504 3466 599 3520 ,3.
