2381 3723
187 114 258 163 53
840 102 1005 162 CAP.
1049 113 1133 161 21.
1180 113 1266 161 22.
1313 114 1360 174 §-
1403 114 1621 166 'te-84.
2149 110 2272 173 169

193 253 445 330 quidem
492 261 801 328 tamquam
845 254 1002 313 alter
1044 252 1226 313 idem.
1313 253 1413 315 81.
1461 256 1639 330 Quod
1680 255 1734 316 si
1765 257 1886 317 hoc
1917 268 2178 334 apparet
2209 262 2269 321 in

193 337 444 407 bestiis,
496 336 882 410 volucribuS‚
928 337 1247 409 nantibus,
1304 340 1683 415 agrestibus,
1727 340 2054 415 cicuribus,
2103 345 2271 416 feris,

193 423 458 499 primum
507 429 572 481 ut
626 436 699 482 se
739 421 1003 496 diligant*
1041 456 1116 465 —
1165 422 1226 482 id
1275 423 1433 482 enim
1482 423 1714 499 pariter
1756 441 1894 485 cum
1936 428 2101 488 omni
2146 430 2272 489 ani-

193 515 406 567 mante
452 504 725 566 nascitur
751 540 853 574 —,
900 505 1123 566 deinde
1161 514 1234 566 ut
1277 507 1592 581 requirant
1634 516 1823 584 atque
1853 519 2151 586 appetant
2192 516 2273 574 ad

198 607 358 666 quas
387 606 461 650 se
491 590 804 665 applicent
834 589 1110 649 eiusdem
1147 590 1393 665 generis
1426 592 1785 661 animantes,
1821 593 2011 669 idque
2040 597 2273 657 faciunt

196 692 337 737 cum
370 673 683 734 desiderio
731 681 793 733 et
837 689 975 733 cum
1019 676 1284 747 quadam
1316 674 1712 737 similitudine
1742 680 1971 740 amoris
2005 680 2273 753 humani,

198 765 434 835 quanto
465 757 524 820 id
560 758 753 833 magis
784 757 845 817 in
882 757 1129 818 homine
1169 759 1239 819 fit
1269 766 1505 828 natura,
1554 761 1660 836 qui
1691 769 1754 821 et
1783 779 1854 822 se
1895 762 2031 838 ipse
2062 764 2276 842 diligat

200 852 266 905 et
294 845 554 903 alterum
584 840 896 917 anquirat,
945 841 1119 902 cuius
1149 842 1416 903 animum
1452 843 1535 904 ita
1566 861 1703 905 cum
1737 862 1853 906 suo
1886 847 2162 921 misceat,
2208 857 2278 910 ut

199 927 435 988 efficiat
481 942 681 1002 paene
724 942 912 986 unum
957 941 1035 984 ex
1080 927 1370 988 duobus?
1517 929 1524 935 ’

322 1012 508 1072 XXII.
554 1009 657 1071 82.
704 1010 831 1071 Sed
863 1009 1145 1086 plerique
1174 1025 1494 1086 perverse,
1526 1029 1607 1071 ne
1630 1011 1831 1075 dicam
1861 1013 2275 1090 impudenter,

196 1098 385 1156 talem
415 1092 678 1155 amicum
708 1094 936 1153 habere
969 1096 1202 1166 volunt,
1248 1098 1464 1170 quales
1496 1095 1614 1172 ipsi
1653 1112 1798 1157 esse
1828 1114 1951 1158 non
1988 1108 2277 1174 possunt,

199 1195 490 1256 quaeque
533 1178 656 1255 ipsi
698 1195 820 1238 non
867 1178 1140 1238 tribuunt
1174 1179 1406 1251 amicis,
1453 1180 1606 1240 haec
1652 1180 1729 1239 ab
1778 1180 1866 1240 eis
1898 1183 2275 1244 desiderant.

197 1266 321 1326 Par
343 1271 441 1324 est
462 1270 667 1323 autem
693 1262 950 1338 primum
977 1262 1175 1337 ipsum
1202 1279 1349 1323 esse
1363 1264 1558 1340 virum
1583 1264 1831 1331 bonum,
1860 1271 1987 1325 tum
2014 1268 2275 1327 alterum

200 1347 460 1408 similem
489 1347 585 1409 sui
612 1362 933 1423 quaerere.
989 1347 1055 1405 In
1082 1347 1304 1418 talibus
1328 1364 1419 1415 ea,
1448 1364 1631 1422 quam
1655 1348 1775 1408 iam
1799 1350 2030 1410 dudum
2060 1358 2277 1411 tracta·

200 1449 372 1502 mus,
421 1431 723 1493 stabilitas
756 1429 1060 1490 amicitiae
1103 1432 1455 1491 confirmari
1488 1440 1725 1507 potest,
1773 1450 1961 1507 quum
1993 1434 2278 1495 homines

201 1516 638 1577 benevolentia
663 1513 973 1583 coniuncti
1003 1515 1260 1589 primum
1287 1516 1726 1591 cupiditatibus
1751 1515 1843 1585 iis,
1885 1517 2108 1592 quibus
2141 1535 2276 1579 cao-

202 1600 320 1661 teri
355 1600 652 1671 serviunt,
688 1599 1097 1678 imperabunt,
1142 1600 1370 1660 deinde
1404 1600 1715 1675 aequitate
1736 1600 2097 1677 iustitiaque
2127 1620 2277 1678 gau-

205 1686 444 1745 debunt
466 1683 794 1759 omniaque
826 1684 981 1743 alter
1010 1700 1122 1759 pro
1148 1686 1345 1743 altero
1377 1686 1678 1761 suscipiet
1708 1701 1912 1760 neque
1938 1686 2281 1762 quidquam

203 1784 496 1844 umquam
522 1768 638 1829 nisi
670 1767 998 1829 honestum
1028 1775 1089 1827 et
1120 1776 1356 1828 rectum
1392 1770 1547 1828 alter
1573 1771 1650 1828 ab
1683 1770 1877 1830 altero
1912 1772 2272 1845 postulabit,

202 1871 410 1930 neque
439 1854 641 1915 solum
672 1854 879 1914 colent
908 1850 1066 1912 inter
1097 1864 1168 1913 se
1203 1869 1277 1913 ac
1313 1852 1583 1928 diligent,
1617 1853 1729 1914 sed
1757 1850 1937 1914 etiam
1973 1857 2275 1916 verebun-

203 1948 319 1999 tur.
403 1940 553 1998 Nam
582 1937 913 1996 maximum
960 1944 1385 1997 ornamentum
1428 1933 1728 1996 amicitiae
1759 1940 1917 1999 tollit
1957 1940 2061 2014 qui
2096 1956 2173 1999 ex
2206 1956 2278 2000 ea

205 2022 360 2084 tollit
392 2021 848 2082 verecundiam.
940 2019 1037 2080 83.
1084 2020 1302 2095 Itaque
1329 2020 1387 2081 in
1427 2021 1498 2080 iis
1533 2020 1919 2095 perniciosus
1951 2032 2048 2084 est
2081 2040 2274 2093 error,

207 2107 313 2182 qui
356 2104 709 2166 existimant
753 2104 1067 2165 libidinum
1098 2111 1628 2180 peccatorumque
1669 2105 1938 2166 omnium
1973 2114 2186 2182 patere
2217 2107 2278 2166 in

204 2189 472 2251 amicitia
503 2189 826 2251 licentiam.
892 2188 1197 2249 Virtutum
1228 2187 1494 2273 amicitia
1531 2187 1796 2249 adiutrix
1828 2207 1863 2249 a
1889 2200 2109 2251 natura
2134 2193 2278 2251 data

206 2282 322 2346 est,
371 2291 493 2336 non
529 2272 818 2334 vitiorum
851 2288 1083 2340 comes,
1131 2280 1217 2343 ut,
1264 2272 1554 2346 quoniam
1590 2272 1865 2333 solitaria
1903 2291 2026 2335 non
2060 2283 2286 2350 posset

204 2360 404 2420 virtus
437 2357 518 2418 ad
565 2373 668 2428 ea,
714 2372 876 2432 quae
922 2372 1161 2416 summa
1206 2364 1378 2426 sunt,
1425 2357 1783 2432 pervenire,
1843 2358 2173 2420 coniuncta
2219 2367 2288 2418 et

209 2442 572 2515 consociata
607 2457 743 2501 cum
782 2443 976 2500 altera
1005 2440 1388 2515 perveniret:
1423 2457 1583 2515 quae
1614 2442 1666 2501 si
1697 2458 1859 2517 quos
1890 2442 2049 2502 inter
2081 2443 2280 2502 socie-

206 2536 304 2587 tas
335 2534 444 2588 aut
485 2531 718 2586 estant
758 2523 872 2585 fuit
902 2531 1007 2585 aut
1046 2526 1251 2585 sutura
1283 2531 1407 2595 est,
1455 2541 1670 2584 eorum
1712 2533 1805 2584 est
1841 2526 2164 2587 habendus
2200 2526 2280 2585 ad

206 2626 511 2671 summum
543 2616 803 2669 naturae
825 2609 1057 2669 bonum
1086 2612 1357 2684 optimus
1382 2607 1903 2681 beatissimusque
1930 2610 2279 2669 comitatuS.

206 2694 310 2757 84.
356 2696 524 2754 Haec
557 2700 671 2763 est,
705 2692 975 2769 inquam,
1017 2693 1310 2763 societas,
1355 2692 1413 2750 in
1453 2707 1575 2765 qua
1609 2689 1810 2750 omnia
1845 2689 2072 2759 insunt,
2120 2708 2288 2766 quae

208 2786 429 2856 putant
470 2778 752 2838 homines
801 2778 1180 2850 expetenda,
1240 2777 1566 2843 honestas,
1615 2772 1839 2850 gloria,
1891 2774 2287 2849 tranquilitas

205 2863 393 2925 animi
439 2869 627 2937 atque
657 2860 1027 2929 iucunditas,
1074 2868 1143 2947 'ut
1186 2868 1251 2920 et
1286 2877 1471 2934 quum
1508 2860 1663 2919 haec
1699 2857 1907 2920 adsint
1945 2859 2129 2921 beata
2162 2860 2285 2920 vita

205 2948 287 3009 sit
318 2954 381 3008 et
410 2946 547 3007 sine
582 2945 678 3005 his
716 2961 861 3006 esse
893 2962 1013 3006 non
1049 2945 1268 3019 possit.
1332 2944 1509 3017 Quod
1544 2960 1730 3019 quum
1768 2944 2063 3019 optimum
2099 2944 2286 3004 maxi·

208 3048 505 3105 mumque
547 3028 653 3100 sit,
713 3029 767 3090 si
810 3029 873 3089 id
915 3031 1207 3090 volumus
1250 3027 1539 3103 adipisci,
1598 3027 1802 3089 virtuti
1846 3045 2037 3104 opera
2082 3029 2284 3088 danda

206 3124 321 3187 est,
379 3115 514 3175 sine
562 3131 685 3189 qua
730 3130 845 3174 nec
878 3111 1203 3173 amicitiam
1235 3128 1439 3185 neque
1483 3113 1665 3171 ullam
1701 3128 1827 3171 rem
1877 3111 2286 3187 expetendam

206 3198 514 3273 consequi
545 3213 917 3274 possumus:
953 3212 1029 3258 ea
1058 3212 1213 3256 vero
1244 3198 1525 3270 neglecta
1557 3195 1661 3271 qui
1694 3206 1765 3255 se
1792 3197 2027 3255 amicos
2060 3194 2290 3254 habere

206 3286 612 3349 arbitrantur.
670 3289 797 3342 tum
847 3295 918 3342 se
963 3280 1234 3355 denique
1279 3295 1528 3339 errasse
1574 3279 1874 3346 sentiunt,
1937 3294 2126 3352 quum
2175 3294 2289 3337 eos

203 3368 420 3447 gravis
455 3365 681 3442 aliquis
714 3382 898 3427 casus
939 3363 1205 3440 experiri
1238 3362 1419 3439 cogit.
1486 3363 1587 3424 85.
1635 3359 1940 3436 Quocirca
1963 3393 2050 3406 -
2075 3359 2283 3420 dicen-
