2381 3723
105 159 230 224 ‘278
673 167 680 182 ¹
894 160 1396 220 FRAGMENTA.
2107 169 2181 222 88

109 312 216 386 tis,
265 308 699 386 imitaminique
743 311 861 370 vim
902 326 1130 382 meam,
1185 327 1309 384 qua
1343 309 1403 370 in
1451 316 1657 370 vestro
1707 318 1842 372 ortu
1871 327 1968 371 me
1995 329 2178 373 usum

107 413 248 456 esse
279 393 669 455 meministis:
710 394 767 452 in
797 394 1017 470 quibus
1061 392 1161 468 qui
1201 395 1356 455 tales
1395 395 1792 467 creabuntur,
1823 401 1891 455 ut
1919 395 2177 456 deorum

106 479 528 540 immortalium
554 477 727 552 quasi
748 477 1006 553 gentiles
1025 493 1166 537 esse
1185 477 1468 552 debeant,
1493 477 1679 539 divini
1703 478 1947 555 generis
1968 481 2180 555 appel-

108 565 306 622 lentur
350 568 722 636 teneantque
765 561 1030 622 omnium
1077 559 1465 623 animantium
1520 561 1926 638 principatum
1972 563 2180 623 vobis·

107 664 228 719 que
270 645 403 704 iure
447 652 507 704 et
553 646 690 718 lege
746 645 1023 706 volentes
1074 652 1359 720 pareant:
1409 662 1667 721 quorum
1713 646 1893 708 vobis
1944 645 2176 707 initIum

105 736 403 803 satusque
439 728 715 788 tradetur
748 744 782 787 a
813 745 908 790 me
929 777 944 803 ,
973 745 1091 789 vos
1122 735 1322 788 autem
1354 729 1434 789 ad
1464 728 1553 799 id,
1590 731 1755 806 quod
1790 730 1901 790 erit
1930 729 2176 792 immor-

104 813 256 884 tale,
310 819 542 888 partem
591 811 910 873 attexitote
962 813 1296 872 mortalem.
1372 814 1458 873 lta
1502 812 1774 874 orientur
1812 814 2175 888 animanteS,

107 912 267 971 quos
313 903 375 955 et
415 894 593 956 vivos
637 894 811 956 alatis
853 905 916 957 et
957 904 1361 970 consumptos
1407 896 1543 956 sinu
1576 897 1931 974 recipiatis.5
2005 900 2177 958 Haec

102 979 202 1039 ille
232 978 401 1040 dixit.
487 979 614 1038 ΧΠ.
655 980 890 1040 Deinde
919 981 996 1040 ad
1025 979 1527 1053 temperationem
1559 980 1940 1058 superiorem
1970 998 2177 1041 rever·

103 1062 203 1122 tit:
259 1063 319 1122 in
370 1080 491 1139 qua
545 1080 786 1123 omnem
836 1064 1101 1124 animum
1148 1062 1475 1124 universae
1526 1072 1779 1125 naturae
1822 1072 2175 1140 temperans

104 1146 515 1221 permiscebat
579 1147 1041 1223 superiorisque
1087 1145 1507 1224 permixtionis
1570 1147 1856 1223 reliquias
1910 1149 2174 1209 fundens

104 1231 440 1305 aequabat,
474 1232 692 1290 eodem
724 1232 908 1292 modo
937 1234 1140 1304 ferme,
1173 1229 1289 1291 nisi
1315 1231 1483 1304 quod
1508 1248 1625 1292 non
1652 1231 1738 1291 ita
1752 1231 2171 1307 ,incorruptas

103 1319 171 1374 ut
206 1330 307 1387 ea,
343 1331 503 1389 quae
534 1331 782 1391 semper
810 1314 1002 1386 idem,
1055 1315 1165 1374 sed
1203 1315 1279 1374 ab
1309 1314 1382 1374 iis
1414 1315 1753 1376 secundum
1780 1315 2064 1375 sumebat
2086 1322 2173 1374 at·

106 1413 226 1471 que
241 1397 417 1457 etiam
434 1398 693 1458 tertium.
726 1400 880 1459 Toto
901 1398 1082 1474 igitur
1097 1398 1259 1457 omni
1285 1397 1615 1459 constituto
1639 1398 1942 1459 sideribus
1958 1414 2171 1474 parem

104 1496 420 1540 numerum
467 1480 772 1541 distribuit
811 1481 1256 1542 animorum‘et
1294 1480 1573 1556 singulos
1618 1481 1891 1543 adiunxit
1930 1483 2009 1542 ad
2045 1482 2168 1543 sin-

101 1564 247 1636 gula
285 1571 470 1637 atque
514 1563 597 1623 ita
641 1564 818 1638 quasi
857 1564 914 1624 in
956 1581 1199 1624 currum
1240 1563 1653 1626 universitatis
1682 1564 1975 1642 imposuit
2004 1582 2168 1627 com·

103 1645 589 1721 monstravitque
629 1647 800 1721 leges
847 1649 1057 1707 fatales
1106 1664 1178 1707 ac
1220 1648 1604 1709 necessarias
1643 1655 1704 1709 et
1751 1649 2022 1710 ostendit
2049 1649 2167 1726 pri·

104 1744 265 1788 mum
300 1735 499 1789 ortum
530 1746 718 1789 unum
763 1731 901 1791 iore
924 1729 1205 1791 omnibus
1248 1748 1514 1807 eumque
1554 1734 1936 1799 moderatum
1978 1739 2172 1808 atque

104 1818 486 1873 constantem
530 1829 644 1873 nec
690 1813 767 1896 ab
803 1815 947 1876 ullo
982 1813 1393 1889 imminutum,
1440 1813 1591 1878 satis
1628 1822 1831 1877 autem
1890 1824 1951 1877 et
1990 1815 2165 1891 quasi

104 1896 339 1973 sparsis
370 1896 586 1959 animis
634 1899 766 1959 fore
800 1898 885 1959 uti
925 1898 1107 1960 certis
1146 1905 1491 1974 temporum
1532 1899 1864 1961 intervaffls
1904 1899 2166 1961 oriretur
2210 1925 2214 1930 ·

103 1980 351 2053 animal,
408 1983 576 2057 quod
631 1989 800 2043 esset
848 1983 925 2041 ad
977 1984 1201 2043 cultum
1253 1984 1510 2043 deorum
1561 1982 1963 2059 aptissimum.
2037 1982 2162 2043 Sed

104 2082 290 2137 quum
322 2065 550 2140 duplex
581 2073 750 2126 esset
780 2073 994 2126 natura
1021 2064 1267 2142 generis
1297 2066 1571 2139 humani,
1616 2066 1703 2126 sic
1733 2083 1803 2127 se
1828 2064 1939 2127 'res
1976 2066 2163 2125 habe-

101 2148 230 2219 bat,
288 2154 355 2207 ut
396 2148 802 2222 praestantius
843 2166 1041 2224 genus
1083 2151 1253 2210 esset
1294 2164 1541 2223 eorum,
1590 2148 1695 2225 qui
1728 2158 1940 2211 essent
1981 2148 2163 2210 futuri

104 2230 234 2290 viri.
325 2231 516 2304 Quum
583 2238 785 2291 autem
845 2234 1083 2293 animos
1147 2232 1511 2308 corporibus
1577 2232 1943 2294 necessitate
2005 2232 2152 2293 inse-

102 2314 294 2373 visset
325 2329 637 2387 quumque
675 2313 753 2372 ad
787 2329 1051 2390 corpora
1084 2314 1455 2376 necessitate
1492 2322 1619 2375 tum
1655 2316 1934 2377 accessio
1967 2316 2159 2388 fieret,

101 2404 223 2455 tum
285 2395 631 2467 abscessio,
701 2395 994 2471 principio
1047 2413 1307 2459 necesse
1347 2405 1499 2459 ferat
1558 2415 1809 2459 sensum
1862 2398 2161 2460 exsistere

96 2494 283 2538 unum
316 2493 824 2555 communemque
856 2479 1123 2542 omnium
1150 2482 1606 2543 vehementiore
1632 2491 1798 2543 motu
1831 2482 2160 2542 excitatum

98 2560 615 2638 coniunctumque
639 2569 912 2637 naturae,
945 2564 1166 2626 deinde
1187 2566 1501 2640 voluptate
1525 2573 1587 2625 et
1609 2565 1885 2627 molestia
1909 2565 2160 2625 mixtum

96 2662 399 2720 amorem,
456 2653 600 2723 post
626 2645 775 2707 iram
816 2653 878 2706 et
907 2654 1134 2708 metum
1163 2656 1225 2708 et
1265 2648 1538 2724 reliquos
1571 2656 1773 2711 motus
1800 2648 2012 2720 animi,
2060 2664 2163 2709 co·

96 2729 274 2790 mites
306 2732 720 2804 superiorum,
763 2737 825 2789 et
851 2730 924 2791 iis
958 2729 1135 2792 etiam
1169 2732 1511 2792 contrarios
1545 2731 1947 2793 dissidentes:
1998 2748 2159 2806 quos

96 2812 200 2888 qui
230 2812 465 2873 ratione
497 2813 752 2886 rexerit,
780 2812 940 2874 iuste
972 2813 1216 2874 vixerit:
1264 2814 1368 2889 qui
1391 2822 1593 2875 autem
1631 2813 1703 2875 iis
1733 2832 1803 2876 sc
1839 2813 2161 2886 dediderit,

94 2894 339 2956 iniuste.
407 2897 614 2970 Atque
635 2895 764 2969 ille,
805 2896 906 2972 qui
940 2905 1107 2958 recte
1139 2903 1201 2957 et
1226 2898 1487 2959 honeste
1520 2898 1883 2960 curriculum
1913 2898 2160 2958 vivendi

93 2994 132 3038 a
162 2985 381 3040 natura
408 2980 614 3039 datum
640 2980 1000 3053 confecerit,
1051 2981 1129 3041 ad
1170 2978 1319 3041 illud
1351 2990 1609 3055 astrum,
1674 2998 1940 3057 quocum
1975 2990 2160 3057 aptus

94 3062 303 3136 fuerit,
353 3069 713 3124 revertetur.
789 3062 902 3139 Qui
958 3073 1156 3124 autem
1199 3063 1599 3126 immoderate
1650 3073 1711 3125 et
1755 3065 2162 3140 intemperate

95 3144 349 3219 vixerit,
383 3163 520 3207 eum
552 3147 863 3208 secundus
901 3153 1072 3208 ortus
1111 3146 1171 3207 in
1203 3147 1459 3224 figuram
1501 3147 1854 3210 muliebrem
1899 3149 2159 3209 transie-

95 3234 227 3285 rets
286 3228 391 3300 Et,
443 3230 495 3289 si
541 3245 622 3289 ne
667 3236 791 3290 tum
836 3229 1078 3303 quidem
1118 3230 1304 3291 finem
1328 3231 1612 3292 vitiorum
1641 3232 1853 3304 faciet,
1908 3231 2158 3307 gravius

97 3305 275 3364 etiam
309 3308 627 3371 iactabitur
658 3319 719 3372 et
754 3310 814 3370 in
847 3312 976 3373 suis
1017 3314 1287 3375 moribus
1335 3313 1667 3377 simillimas
1712 3316 1942 3391 figuras
1972 3331 2159 3391 pecu·

99 3385 242 3444 dum
275 3394 337 3446 et
365 3390 626 3451 ferarum
659 3394 1063 3454 transferetur
1089 3412 1292 3472 neque
1321 3399 1615 3459 malorum
1637 3398 1962 3460 terminum
1989 3398 2162 3475 prius
