<?xml version="1.0" encoding="UTF-8"?>
<!DOCTYPE html PUBLIC "-//W3C//DTD XHTML 1.0 Transitional//EN"
    "http://www.w3.org/TR/xhtml1/DTD/xhtml1-transitional.dtd">
<html xmlns="http://www.w3.org/1999/xhtml" xml:lang="en" lang="en">
 <head>
  <title>
</title>
<meta http-equiv="Content-Type" content="text/html;charset=utf-8" />
  <meta name='ocr-system' content='tesseract 3.04.00' />
  <meta name='ocr-capabilities' content='ocr_page ocr_carea ocr_par ocr_line ocrx_word'/>
</head>
<body>
  <div class='ocr_page' id='page_1' title='image "./scriptaquaemans01wesegoog_0310.png"; bbox 0 0 2381 3723; ppageno 0'>
   <div class='ocr_carea' id='block_1_1' title="bbox 128 138 2223 205">
    <p class='ocr_par' dir='ltr' id='par_1_1' title="bbox 128 138 2223 205">
     <span class='ocr_line' id='line_1_1' title="bbox 128 138 2223 205; baseline 0 -1"><span class='ocrx_word' id='word_1_1' title='bbox 128 138 261 204; x_wconf 72' lang='lat'><em>288</em></span> <span class='ocrx_word' id='word_1_2' title='bbox 917 141 1424 201; x_wconf 86' lang='lat' dir='ltr'><strong>FRAGMENTA.</strong></span> <span class='ocrx_word' id='word_1_3' title='bbox 2150 148 2223 205; x_wconf 75' lang='lat'><em>98</em></span> 
     </span>
    </p>
   </div>
   <div class='ocr_carea' id='block_1_2' title="bbox 126 291 2227 3473">
    <p class='ocr_par' dir='ltr' id='par_1_2' title="bbox 126 291 2226 784">
     <span class='ocr_line' id='line_1_2' title="bbox 133 291 2218 374; baseline -0 -16"><span class='ocrx_word' id='word_1_4' title='bbox 133 297 242 358; x_wconf 82' lang='grc' dir='ltr'><em>ΧΠ</em></span> <span class='ocrx_word' id='word_1_5' title='bbox 296 293 457 355; x_wconf 89' lang='lat' dir='ltr'><em>milia</em></span> <span class='ocrx_word' id='word_1_6' title='bbox 506 293 881 354; x_wconf 89' lang='lat' dir='ltr'>DCCCCLIV</span> <span class='ocrx_word' id='word_1_7' title='bbox 933 291 1341 368; x_wconf 82' lang='lat' dir='ltr'><strong>amplectitur.</strong></span> <span class='ocrx_word' id='word_1_8' title='bbox 1420 305 1730 373; x_wconf 78' lang='lat' dir='ltr'><em>[servius</em></span> <span class='ocrx_word' id='word_1_9' title='bbox 1781 309 1850 358; x_wconf 76' lang='lat' dir='ltr'><em>ad</em></span> <span class='ocrx_word' id='word_1_10' title='bbox 1890 308 2037 374; x_wconf 79' lang='lat' dir='ltr'><em>virg.</em></span> <span class='ocrx_word' id='word_1_11' title='bbox 2089 308 2218 358; x_wconf 81' lang='lat' dir='ltr'><em>Aen.</em></span> 
     </span>
     <span class='ocr_line' id='line_1_3' title="bbox 138 377 2220 460; baseline 0 -24"><span class='ocrx_word' id='word_1_12' title='bbox 138 400 225 449; x_wconf 67' lang='lat' dir='ltr'><em>nb,</em></span> <span class='ocrx_word' id='word_1_13' title='bbox 265 399 304 447; x_wconf 84' lang='lat'><em>1.</em></span> <span class='ocrx_word' id='word_1_14' title='bbox 342 412 392 450; x_wconf 84' lang='lat' dir='ltr'><em>v.</em></span> <span class='ocrx_word' id='word_1_15' title='bbox 425 393 544 448; x_wconf 79' lang='lat'><strong>269.</strong></span> <span class='ocrx_word' id='word_1_16' title='bbox 584 410 638 460; x_wconf 84' lang='lat' dir='ltr'><em>p.</em></span> <span class='ocrx_word' id='word_1_17' title='bbox 676 391 817 458; x_wconf 69' lang='lat'>188]</span> <span class='ocrx_word' id='word_1_18' title='bbox 893 377 1184 451; x_wconf 68' lang='lat' dir='ltr'><em>Maqnum</em></span> <span class='ocrx_word' id='word_1_19' title='bbox 1212 391 1435 436; x_wconf 78' lang='lat' dir='ltr'><em>annum</em></span> <span class='ocrx_word' id='word_1_20' title='bbox 1466 393 1592 437; x_wconf 87' lang='lat' dir='ltr'><em>esse</em></span> <span class='ocrx_word' id='word_1_21' title='bbox 1618 380 1931 437; x_wconf 83' lang='lat' dir='ltr'><em>voluerunt</em></span> <span class='ocrx_word' id='word_1_22' title='bbox 1952 377 2220 437; x_wconf 80' lang='lat' dir='ltr'><em>omnibus</em></span> 
     </span>
     <span class='ocr_line' id='line_1_4' title="bbox 126 460 2219 542; baseline -0.003 -14"><span class='ocrx_word' id='word_1_23' title='bbox 126 470 389 542; x_wconf 81' lang='lat' dir='ltr'><em>planetis</em></span> <span class='ocrx_word' id='word_1_24' title='bbox 417 467 479 525; x_wconf 91' lang='lat' dir='ltr'><em>in</em></span> <span class='ocrx_word' id='word_1_25' title='bbox 507 465 774 525; x_wconf 84' lang='lat' dir='ltr'><em>eumdem</em></span> <span class='ocrx_word' id='word_1_26' title='bbox 802 461 1246 522; x_wconf 80' lang='lat' dir='ltr'><strong><em>recurrentibus</em></strong></span> <span class='ocrx_word' id='word_1_27' title='bbox 1277 464 1486 521; x_wconf 84' lang='lat' dir='ltr'><em>locum.</em></span> <span class='ocrx_word' id='word_1_28' title='bbox 1556 460 1638 520; x_wconf 86' lang='lat' dir='ltr'><em>Et</em></span> <span class='ocrx_word' id='word_1_29' title='bbox 1666 461 1776 521; x_wconf 79' lang='lat' dir='ltr'><em>hoc</em></span> <span class='ocrx_word' id='word_1_30' title='bbox 1799 465 1869 535; x_wconf 79' lang='lat' dir='ltr'><em>fit</em></span> <span class='ocrx_word' id='word_1_31' title='bbox 1883 508 1898 535; x_wconf 90' lang='lat'><em>,</em></span> <span class='ocrx_word' id='word_1_32' title='bbox 1946 468 2011 521; x_wconf 79' lang='lat' dir='ltr'><em>ut</em></span> <span class='ocrx_word' id='word_1_33' title='bbox 2045 463 2219 521; x_wconf 83' lang='lat' dir='ltr'><em>dixi-</em></span> 
     </span>
     <span class='ocr_line' id='line_1_5' title="bbox 133 542 2226 623; baseline -0.004 -12"><span class='ocrx_word' id='word_1_34' title='bbox 133 568 280 623; x_wconf 83' lang='lat' dir='ltr'><em>mus,</em></span> <span class='ocrx_word' id='word_1_35' title='bbox 329 549 653 610; x_wconf 83' lang='lat' dir='ltr'><em>secundum</em></span> <span class='ocrx_word' id='word_1_36' title='bbox 710 547 1107 607; x_wconf 79' lang='lat' dir='ltr'><em>Ciceronis</em></span> <span class='ocrx_word' id='word_1_37' title='bbox 1157 545 1639 609; x_wconf 74' lang='lat' dir='ltr'><em>Hortensium</em></span> <span class='ocrx_word' id='word_1_38' title='bbox 1676 551 1813 618; x_wconf 83' lang='lat' dir='ltr'><em>post</em></span> <span class='ocrx_word' id='word_1_39' title='bbox 1854 561 2041 606; x_wconf 85' lang='lat' dir='ltr'><em>annos</em></span> <span class='ocrx_word' id='word_1_40' title='bbox 2086 542 2226 604; x_wconf 83' lang='lat' dir='ltr'><em>XII</em></span> 
     </span>
     <span class='ocr_line' id='line_1_6' title="bbox 134 630 2219 712; baseline -0.004 -18"><span class='ocrx_word' id='word_1_41' title='bbox 134 633 347 712; x_wconf 74' lang='lat' dir='ltr'><em>[milia]</em></span> <span class='ocrx_word' id='word_1_42' title='bbox 399 636 718 704; x_wconf 69' lang='lat' dir='ltr'><em>nonqentos</em></span> <span class='ocrx_word' id='word_1_43' title='bbox 756 631 1189 705; x_wconf 65' lang='lat' dir='ltr'><em>quinquaqinta</em></span> <span class='ocrx_word' id='word_1_44' title='bbox 1238 635 1516 704; x_wconf 81' lang='lat' dir='ltr'><em>quattuor</em></span> <span class='ocrx_word' id='word_1_45' title='bbox 1530 673 1544 700; x_wconf 91' lang='lat'><em>,</em></span> <span class='ocrx_word' id='word_1_46' title='bbox 1600 631 1934 690; x_wconf 80' lang='lat' dir='ltr'><em>solstitiales</em></span> <span class='ocrx_word' id='word_1_47' title='bbox 1981 630 2219 689; x_wconf 64' lang='lat' dir='ltr'><em>scilieet.</em></span> 
     </span>
     <span class='ocr_line' id='line_1_7' title="bbox 136 710 1251 784; baseline -0.006 -16"><span class='ocrx_word' id='word_1_48' title='bbox 136 717 306 784; x_wconf 75' lang='lat' dir='ltr'><em>[mem</em></span> <span class='ocrx_word' id='word_1_49' title='bbox 344 716 469 767; x_wconf 82' lang='lat' dir='ltr'><em>ibid.</em></span> <span class='ocrx_word' id='word_1_50' title='bbox 511 715 598 764; x_wconf 79' lang='lat' dir='ltr'><em>ub.</em></span> <span class='ocrx_word' id='word_1_51' title='bbox 638 715 728 766; x_wconf 88' lang='lat'><em>111.</em></span> <span class='ocrx_word' id='word_1_52' title='bbox 764 729 814 766; x_wconf 77' lang='lat' dir='ltr'><em>v.</em></span> <span class='ocrx_word' id='word_1_53' title='bbox 854 711 974 763; x_wconf 78' lang='lat'><em>284.</em></span> <span class='ocrx_word' id='word_1_54' title='bbox 1016 727 1069 777; x_wconf 83' lang='lat' dir='ltr'><em>p.</em></span> <span class='ocrx_word' id='word_1_55' title='bbox 1104 710 1251 777; x_wconf 65' lang='lat'><em>283]</em></span> 
     </span>
    </p>

    <p class='ocr_par' dir='ltr' id='par_1_3' title="bbox 134 793 2224 1217">
     <span class='ocr_line' id='line_1_8' title="bbox 261 793 2224 870; baseline -0.001 -13"><span class='ocrx_word' id='word_1_56' title='bbox 261 798 363 858; x_wconf 83' lang='lat'><em>54.</em></span> <span class='ocrx_word' id='word_1_57' title='bbox 406 797 584 857; x_wconf 84' lang='lat' dir='ltr'><em>Nam</em></span> <span class='ocrx_word' id='word_1_58' title='bbox 624 799 713 870; x_wconf 88' lang='lat' dir='ltr'><em>si,</em></span> <span class='ocrx_word' id='word_1_59' title='bbox 757 803 832 856; x_wconf 80' lang='lat' dir='ltr'><em>ut</em></span> <span class='ocrx_word' id='word_1_60' title='bbox 873 796 1137 857; x_wconf 78' lang='lat' dir='ltr'><em>Cicero</em></span> <span class='ocrx_word' id='word_1_61' title='bbox 1180 799 1255 855; x_wconf 91' lang='lat' dir='ltr'><em>in</em></span> <span class='ocrx_word' id='word_1_62' title='bbox 1303 796 1708 857; x_wconf 85' lang='lat' dir='ltr'><em>Hortensio</em></span> <span class='ocrx_word' id='word_1_63' title='bbox 1744 797 1975 867; x_wconf 84' lang='lat' dir='ltr'><em>scribit,</em></span> <span class='ocrx_word' id='word_1_64' title='bbox 2014 793 2069 856; x_wconf 87' lang='lat' dir='ltr'><em>is</em></span> <span class='ocrx_word' id='word_1_65' title='bbox 2126 803 2224 857; x_wconf 87' lang='lat' dir='ltr'><em>est</em></span> 
     </span>
     <span class='ocr_line' id='line_1_9' title="bbox 136 877 2220 957; baseline -0.001 -15"><span class='ocrx_word' id='word_1_66' title='bbox 136 896 397 957; x_wconf 84' lang='lat' dir='ltr'><em>magnus</em></span> <span class='ocrx_word' id='word_1_67' title='bbox 432 886 495 940; x_wconf 87' lang='lat' dir='ltr'><em>et</em></span> <span class='ocrx_word' id='word_1_68' title='bbox 532 896 719 940; x_wconf 88' lang='lat' dir='ltr'><em>verus</em></span> <span class='ocrx_word' id='word_1_69' title='bbox 760 894 988 948; x_wconf 88' lang='lat' dir='ltr'><em>annus,</em></span> <span class='ocrx_word' id='word_1_70' title='bbox 1034 895 1157 955; x_wconf 89' lang='lat' dir='ltr'><em>quo</em></span> <span class='ocrx_word' id='word_1_71' title='bbox 1207 879 1423 939; x_wconf 88' lang='lat' dir='ltr'><em>eadem</em></span> <span class='ocrx_word' id='word_1_72' title='bbox 1469 878 1696 955; x_wconf 91' lang='lat' dir='ltr'><em>positio</em></span> <span class='ocrx_word' id='word_1_73' title='bbox 1741 879 1892 940; x_wconf 90' lang='lat' dir='ltr'><em>caeli</em></span> <span class='ocrx_word' id='word_1_74' title='bbox 1926 877 2220 940; x_wconf 89' lang='lat' dir='ltr'><em>siderum-</em></span> 
     </span>
     <span class='ocr_line' id='line_1_10' title="bbox 134 962 2219 1042; baseline -0.001 -16"><span class='ocrx_word' id='word_1_75' title='bbox 134 983 291 1042; x_wconf 86' lang='lat' dir='ltr'><em>que,</em></span> <span class='ocrx_word' id='word_1_76' title='bbox 330 980 490 1040; x_wconf 83' lang='lat' dir='ltr'><em>quae</em></span> <span class='ocrx_word' id='word_1_77' title='bbox 524 980 710 1039; x_wconf 89' lang='lat' dir='ltr'><em>quum</em></span> <span class='ocrx_word' id='word_1_78' title='bbox 749 963 1009 1023; x_wconf 83' lang='lat' dir='ltr'>maxime</span> <span class='ocrx_word' id='word_1_79' title='bbox 1045 969 1169 1036; x_wconf 90' lang='lat' dir='ltr'><em>est,</em></span> <span class='ocrx_word' id='word_1_80' title='bbox 1202 979 1446 1023; x_wconf 88' lang='lat' dir='ltr'><em>rursum</em></span> <span class='ocrx_word' id='word_1_81' title='bbox 1485 962 1772 1036; x_wconf 80' lang='lat' dir='ltr'><em>exsistet,</em></span> <span class='ocrx_word' id='word_1_82' title='bbox 1810 963 1986 1039; x_wconf 91' lang='lat' dir='ltr'><em>isque</em></span> <span class='ocrx_word' id='word_1_83' title='bbox 2022 979 2219 1023; x_wconf 87' lang='lat' dir='ltr'><em>annus</em></span> 
     </span>
     <span class='ocr_line' id='line_1_11' title="bbox 134 1046 2222 1122; baseline -0.001 -11"><span class='ocrx_word' id='word_1_84' title='bbox 134 1051 376 1121; x_wconf 84' lang='lat' dir='ltr'><em>horum,</em></span> <span class='ocrx_word' id='word_1_85' title='bbox 412 1065 572 1122; x_wconf 83' lang='lat' dir='ltr'><em>quos</em></span> <span class='ocrx_word' id='word_1_86' title='bbox 604 1065 721 1109; x_wconf 90' lang='lat' dir='ltr'><em>nos</em></span> <span class='ocrx_word' id='word_1_87' title='bbox 756 1063 1081 1117; x_wconf 76' lang='lat' dir='ltr'><em>vocamUS‚</em></span> <span class='ocrx_word' id='word_1_88' title='bbox 1115 1063 1416 1107; x_wconf 88' lang='lat' dir='ltr'><em>annorum</em></span> <span class='ocrx_word' id='word_1_89' title='bbox 1447 1047 1558 1106; x_wconf 89' lang='lat' dir='ltr'><em>Xll</em></span> <span class='ocrx_word' id='word_1_90' title='bbox 1589 1046 2025 1108; x_wconf 89' lang='lat' dir='ltr'>MDCCCCLIV</span> <span class='ocrx_word' id='word_1_91' title='bbox 2059 1063 2222 1108; x_wconf 87' lang='lat' dir='ltr'><em>com-</em></span> 
     </span>
     <span class='ocr_line' id='line_1_12' title="bbox 136 1131 2221 1217; baseline 0 -20"><span class='ocrx_word' id='word_1_92' title='bbox 136 1132 451 1210; x_wconf 72' lang='lat' dir='ltr'><em>plectitur,</em></span> <span class='ocrx_word' id='word_1_93' title='bbox 481 1131 695 1208; x_wconf 69' lang='grc' dir='ltr'><em>ἱῐὶΟῙΡῘῐ</em></span> <span class='ocrx_word' id='word_1_94' title='bbox 720 1139 836 1193; x_wconf 76' lang='lat' dir='ltr'><strong>etc·</strong></span> <span class='ocrx_word' id='word_1_95' title='bbox 892 1146 1206 1217; x_wconf 76' lang='lat' dir='ltr'><em>[Tacitus</em></span> <span class='ocrx_word' id='word_1_96' title='bbox 1243 1147 1366 1198; x_wconf 83' lang='lat' dir='ltr'><em>dial.</em></span> <span class='ocrx_word' id='word_1_97' title='bbox 1401 1148 1465 1198; x_wconf 85' lang='lat' dir='ltr'><em>de</em></span> <span class='ocrx_word' id='word_1_98' title='bbox 1496 1148 1737 1198; x_wconf 77' lang='lat' dir='ltr'><em>oratorib.</em></span> <span class='ocrx_word' id='word_1_99' title='bbox 1778 1163 1892 1213; x_wconf 83' lang='lat' dir='ltr'><em>cap.</em></span> <span class='ocrx_word' id='word_1_100' title='bbox 1935 1147 2019 1199; x_wconf 80' lang='lat'><em>16.</em></span> <span class='ocrx_word' id='word_1_101' title='bbox 2058 1149 2106 1211; x_wconf 76' lang='lat' dir='ltr'><em>S.</em></span> <span class='ocrx_word' id='word_1_102' title='bbox 2145 1146 2221 1212; x_wconf 83' lang='lat'><em>9.]</em></span> 
     </span>
    </p>

    <p class='ocr_par' dir='ltr' id='par_1_4' title="bbox 131 1214 2225 2458">
     <span class='ocr_line' id='line_1_13' title="bbox 263 1214 2222 1296; baseline 0 -20"><span class='ocrx_word' id='word_1_103' title='bbox 263 1217 364 1276; x_wconf 86' lang='lat'><em>55.</em></span> <span class='ocrx_word' id='word_1_104' title='bbox 410 1217 563 1276; x_wconf 87' lang='lat' dir='ltr'><em>Nam</em></span> <span class='ocrx_word' id='word_1_105' title='bbox 587 1232 765 1291; x_wconf 78' lang='lat' dir='ltr'><em>quum</em></span> <span class='ocrx_word' id='word_1_106' title='bbox 799 1217 1029 1296; x_wconf 84' lang='lat' dir='ltr'><em>[Cicero</em></span> <span class='ocrx_word' id='word_1_107' title='bbox 1057 1220 1119 1277; x_wconf 89' lang='lat' dir='ltr'><em>in</em></span> <span class='ocrx_word' id='word_1_108' title='bbox 1149 1219 1429 1278; x_wconf 78' lang='lat' dir='ltr'><em>extremis</em></span> <span class='ocrx_word' id='word_1_109' title='bbox 1452 1219 1726 1293; x_wconf 82' lang='lat' dir='ltr'><em>partibus</em></span> <span class='ocrx_word' id='word_1_110' title='bbox 1750 1214 2054 1278; x_wconf 80' lang='lat' dir='ltr'><em>Hortensii</em></span> <span class='ocrx_word' id='word_1_111' title='bbox 2078 1218 2222 1276; x_wconf 84' lang='lat' dir='ltr'><em>dia-</em></span> 
     </span>
     <span class='ocr_line' id='line_1_14' title="bbox 131 1301 2224 1378; baseline 0 -18"><span class='ocrx_word' id='word_1_112' title='bbox 131 1301 277 1378; x_wconf 71' lang='lat' dir='ltr'><em>lom]</em></span> <span class='ocrx_word' id='word_1_113' title='bbox 313 1304 500 1361; x_wconf 84' lang='lat' dir='ltr'><em>multa</em></span> <span class='ocrx_word' id='word_1_114' title='bbox 516 1348 530 1374; x_wconf 95' lang='lat'><em>,</em></span> <span class='ocrx_word' id='word_1_115' title='bbox 574 1317 728 1375; x_wconf 81' lang='lat' dir='ltr'><em>quae</em></span> <span class='ocrx_word' id='word_1_116' title='bbox 766 1302 1028 1362; x_wconf 81' lang='lat' dir='ltr'><em>videmus</em></span> <span class='ocrx_word' id='word_1_117' title='bbox 1071 1309 1130 1362; x_wconf 86' lang='lat' dir='ltr'><em>et</em></span> <span class='ocrx_word' id='word_1_118' title='bbox 1161 1303 1473 1376; x_wconf 70' lang='lat' dir='ltr'><em>qemimus,</em></span> <span class='ocrx_word' id='word_1_119' title='bbox 1524 1303 1602 1362; x_wconf 86' lang='lat' dir='ltr'><em>de</em></span> <span class='ocrx_word' id='word_1_120' title='bbox 1627 1302 1923 1362; x_wconf 79' lang='lat' dir='ltr'><em>hominum</em></span> <span class='ocrx_word' id='word_1_121' title='bbox 1965 1303 2224 1361; x_wconf 84' lang='lat' dir='ltr'><em>vanitate</em></span> 
     </span>
     <span class='ocr_line' id='line_1_15' title="bbox 134 1382 2223 1462; baseline -0.001 -17"><span class='ocrx_word' id='word_1_122' title='bbox 134 1394 314 1460; x_wconf 81' lang='lat' dir='ltr'><em>atque</em></span> <span class='ocrx_word' id='word_1_123' title='bbox 341 1384 690 1458; x_wconf 82' lang='lat' dir='ltr'><em>infelicitate</em></span> <span class='ocrx_word' id='word_1_124' title='bbox 718 1386 992 1459; x_wconf 53' lang='lat' dir='ltr'><em>didisset,</em></span> <span class='ocrx_word' id='word_1_125' title='bbox 1047 1402 1124 1444; x_wconf 87' lang='lat' dir='ltr'><em>ex</em></span> <span class='ocrx_word' id='word_1_126' title='bbox 1165 1384 1387 1460; x_wconf 88' lang='lat' dir='ltr'><em>quibus</em></span> <span class='ocrx_word' id='word_1_127' title='bbox 1433 1385 1732 1461; x_wconf 77' lang='lat' dir='ltr'><em>humanae</em></span> <span class='ocrx_word' id='word_1_128' title='bbox 1751 1431 1766 1459; x_wconf 93' lang='lat'><em>,</em></span> <span class='ocrx_word' id='word_1_129' title='bbox 1805 1386 2018 1462; x_wconf 79' lang='lat' dir='ltr'><em>inquit,</em></span> <span class='ocrx_word' id='word_1_130' title='bbox 2058 1382 2223 1443; x_wconf 89' lang='lat' dir='ltr'><em>vitae</em></span> 
     </span>
     <span class='ocr_line' id='line_1_16' title="bbox 133 1464 2222 1529; baseline -0 -1"><span class='ocrx_word' id='word_1_131' title='bbox 133 1467 449 1528; x_wconf 88' lang='lat' dir='ltr'><em>erroribus</em></span> <span class='ocrx_word' id='word_1_132' title='bbox 484 1475 547 1528; x_wconf 90' lang='lat' dir='ltr'><em>et</em></span> <span class='ocrx_word' id='word_1_133' title='bbox 587 1468 894 1529; x_wconf 89' lang='lat' dir='ltr'><em>aerumnis</em></span> <span class='ocrx_word' id='word_1_134' title='bbox 938 1469 1007 1528; x_wconf 89' lang='lat' dir='ltr'><em>fit</em></span> <span class='ocrx_word' id='word_1_135' title='bbox 1037 1476 1104 1528; x_wconf 86' lang='lat' dir='ltr'><em>ut</em></span> <span class='ocrx_word' id='word_1_136' title='bbox 1143 1467 1447 1528; x_wconf 88' lang='lat' dir='ltr'><em>interdum</em></span> <span class='ocrx_word' id='word_1_137' title='bbox 1482 1477 1726 1529; x_wconf 88' lang='lat' dir='ltr'><em>veteres</em></span> <span class='ocrx_word' id='word_1_138' title='bbox 1765 1464 1849 1528; x_wconf 87' lang='lat' dir='ltr'><em>illi</em></span> <span class='ocrx_word' id='word_1_139' title='bbox 1879 1466 2013 1528; x_wconf 90' lang='lat' dir='ltr'><em>sive</em></span> <span class='ocrx_word' id='word_1_140' title='bbox 2046 1475 2222 1528; x_wconf 86' lang='lat' dir='ltr'><em>vates</em></span> 
     </span>
     <span class='ocr_line' id='line_1_17' title="bbox 134 1548 2221 1627; baseline 0 -16"><span class='ocrx_word' id='word_1_141' title='bbox 134 1549 273 1611; x_wconf 71' lang='lat' dir='ltr'><em>sive</em></span> <span class='ocrx_word' id='word_1_142' title='bbox 300 1550 359 1610; x_wconf 91' lang='lat' dir='ltr'><em>in</em></span> <span class='ocrx_word' id='word_1_143' title='bbox 394 1549 590 1610; x_wconf 86' lang='lat' dir='ltr'><em>sacris</em></span> <span class='ocrx_word' id='word_1_144' title='bbox 621 1548 930 1626; x_wconf 88' lang='lat' dir='ltr'><em>initiisque</em></span> <span class='ocrx_word' id='word_1_145' title='bbox 961 1550 1277 1612; x_wconf 83' lang='lat' dir='ltr'><em>tradendis</em></span> <span class='ocrx_word' id='word_1_146' title='bbox 1304 1550 1549 1613; x_wconf 87' lang='lat' dir='ltr'><em>divinae</em></span> <span class='ocrx_word' id='word_1_147' title='bbox 1578 1551 2221 1627; x_wconf 80' lang='lat' dir='ltr'><em>mentisinterpreteS,</em></span> 
     </span>
     <span class='ocr_line' id='line_1_18' title="bbox 136 1632 2223 1712; baseline -0 -17"><span class='ocrx_word' id='word_1_148' title='bbox 136 1632 245 1708; x_wconf 87' lang='lat' dir='ltr'><em>qui</em></span> <span class='ocrx_word' id='word_1_149' title='bbox 277 1650 394 1694; x_wconf 88' lang='lat' dir='ltr'><em>nos</em></span> <span class='ocrx_word' id='word_1_150' title='bbox 427 1634 506 1693; x_wconf 90' lang='lat' dir='ltr'><em>ob</em></span> <span class='ocrx_word' id='word_1_151' title='bbox 541 1633 744 1708; x_wconf 87' lang='lat' dir='ltr'><em>aliqua</em></span> <span class='ocrx_word' id='word_1_152' title='bbox 785 1637 1025 1695; x_wconf 89' lang='lat' dir='ltr'><em>scelera</em></span> <span class='ocrx_word' id='word_1_153' title='bbox 1054 1643 1350 1711; x_wconf 89' lang='lat' dir='ltr'><em>suscepta</em></span> <span class='ocrx_word' id='word_1_154' title='bbox 1390 1636 1450 1696; x_wconf 90' lang='lat' dir='ltr'><em>in</em></span> <span class='ocrx_word' id='word_1_155' title='bbox 1485 1636 1610 1696; x_wconf 85' lang='lat' dir='ltr'><em>vita</em></span> <span class='ocrx_word' id='word_1_156' title='bbox 1641 1635 1964 1712; x_wconf 84' lang='lat' dir='ltr'><em>superiore</em></span> <span class='ocrx_word' id='word_1_157' title='bbox 1996 1651 2223 1709; x_wconf 87' lang='lat' dir='ltr'><em>poena-</em></span> 
     </span>
     <span class='ocr_line' id='line_1_19' title="bbox 132 1717 2222 1794; baseline 0 -18"><span class='ocrx_word' id='word_1_158' title='bbox 132 1733 272 1776; x_wconf 86' lang='lat' dir='ltr'><em>rum</em></span> <span class='ocrx_word' id='word_1_159' title='bbox 315 1717 676 1777; x_wconf 89' lang='lat' dir='ltr'><em>luendarum</em></span> <span class='ocrx_word' id='word_1_160' title='bbox 721 1733 912 1779; x_wconf 89' lang='lat' dir='ltr'><em>causa</em></span> <span class='ocrx_word' id='word_1_161' title='bbox 954 1726 1135 1780; x_wconf 89' lang='lat' dir='ltr'><em>natos</em></span> <span class='ocrx_word' id='word_1_162' title='bbox 1181 1735 1325 1780; x_wconf 91' lang='lat' dir='ltr'><em>esse</em></span> <span class='ocrx_word' id='word_1_163' title='bbox 1369 1718 1683 1792; x_wconf 84' lang='lat' dir='ltr'><em>dixerunt,</em></span> <span class='ocrx_word' id='word_1_164' title='bbox 1722 1718 1953 1794; x_wconf 84' lang='lat' dir='ltr'><em>aliquid</em></span> <span class='ocrx_word' id='word_1_165' title='bbox 1990 1717 2222 1779; x_wconf 88' lang='lat' dir='ltr'><em>vidisse</em></span> 
     </span>
     <span class='ocr_line' id='line_1_20' title="bbox 138 1799 2219 1880; baseline -0 -20"><span class='ocrx_word' id='word_1_166' title='bbox 138 1799 488 1876; x_wconf 85' lang='lat' dir='ltr'><em>videantur,</em></span> <span class='ocrx_word' id='word_1_167' title='bbox 532 1817 873 1879; x_wconf 88' lang='lat' dir='ltr'><em>verumque</em></span> <span class='ocrx_word' id='word_1_168' title='bbox 921 1800 1004 1864; x_wconf 85' lang='lat' dir='ltr'><em>sit</em></span> <span class='ocrx_word' id='word_1_169' title='bbox 1040 1802 1218 1876; x_wconf 90' lang='lat' dir='ltr'><em>illud,</em></span> <span class='ocrx_word' id='word_1_170' title='bbox 1256 1803 1424 1879; x_wconf 89' lang='lat' dir='ltr'><em>quod</em></span> <span class='ocrx_word' id='word_1_171' title='bbox 1473 1811 1571 1865; x_wconf 87' lang='lat' dir='ltr'><em>est</em></span> <span class='ocrx_word' id='word_1_172' title='bbox 1610 1804 1775 1880; x_wconf 88' lang='lat' dir='ltr'><em>apud</em></span> <span class='ocrx_word' id='word_1_173' title='bbox 1806 1800 2219 1875; x_wconf 84' lang='lat' dir='ltr'><em>Aristotelem,</em></span> 
     </span>
     <span class='ocr_line' id='line_1_21' title="bbox 134 1883 2222 1964; baseline -0 -18"><span class='ocrx_word' id='word_1_174' title='bbox 134 1883 319 1947; x_wconf 85' lang='lat' dir='ltr'><em>simili</em></span> <span class='ocrx_word' id='word_1_175' title='bbox 349 1901 468 1947; x_wconf 91' lang='lat' dir='ltr'><em>nos</em></span> <span class='ocrx_word' id='word_1_176' title='bbox 499 1886 780 1948; x_wconf 77' lang='lat' dir='ltr'><em>adrectos</em></span> <span class='ocrx_word' id='word_1_177' title='bbox 809 1897 953 1948; x_wconf 87' lang='lat' dir='ltr'><em>esse</em></span> <span class='ocrx_word' id='word_1_178' title='bbox 990 1886 1295 1964; x_wconf 89' lang='lat' dir='ltr'><em>supplicio</em></span> <span class='ocrx_word' id='word_1_179' title='bbox 1329 1895 1516 1963; x_wconf 86' lang='lat' dir='ltr'><em>atque</em></span> <span class='ocrx_word' id='word_1_180' title='bbox 1559 1891 1720 1960; x_wconf 77' lang='lat' dir='ltr'><em>eOS,</em></span> <span class='ocrx_word' id='word_1_181' title='bbox 1750 1886 1855 1961; x_wconf 79' lang='lat' dir='ltr'><em>qui</em></span> <span class='ocrx_word' id='word_1_182' title='bbox 1888 1888 2222 1962; x_wconf 85' lang='lat' dir='ltr'><em>quondam,</em></span> 
     </span>
     <span class='ocr_line' id='line_1_22' title="bbox 140 1968 2221 2045; baseline -0 -15"><span class='ocrx_word' id='word_1_183' title='bbox 140 1987 327 2045; x_wconf 87' lang='lat' dir='ltr'><em>quum</em></span> <span class='ocrx_word' id='word_1_184' title='bbox 371 1968 431 2030; x_wconf 89' lang='lat' dir='ltr'><em>in</em></span> <span class='ocrx_word' id='word_1_185' title='bbox 477 1971 858 2045; x_wconf 85' lang='lat' dir='ltr'><em>praedonum</em></span> <span class='ocrx_word' id='word_1_186' title='bbox 889 1973 1291 2033; x_wconf 88' lang='lat' dir='ltr'><em>Etruscorum</em></span> <span class='ocrx_word' id='word_1_187' title='bbox 1322 1989 1540 2032; x_wconf 86' lang='lat' dir='ltr'><em>manus</em></span> <span class='ocrx_word' id='word_1_188' title='bbox 1580 1970 1971 2042; x_wconf 86' lang='lat' dir='ltr'><em>incidissent,</em></span> <span class='ocrx_word' id='word_1_189' title='bbox 2005 1970 2221 2030; x_wconf 89' lang='lat' dir='ltr'><em>crude-</em></span> 
     </span>
     <span class='ocr_line' id='line_1_23' title="bbox 137 2053 2222 2132; baseline 0 -21"><span class='ocrx_word' id='word_1_190' title='bbox 137 2053 304 2114; x_wconf 87' lang='lat' dir='ltr'><em>litate</em></span> <span class='ocrx_word' id='word_1_191' title='bbox 337 2054 684 2130; x_wconf 86' lang='lat' dir='ltr'><em>excogitata</em></span> <span class='ocrx_word' id='word_1_192' title='bbox 706 2055 1101 2127; x_wconf 78' lang='lat' dir='ltr'><em>necabantur,</em></span> <span class='ocrx_word' id='word_1_193' title='bbox 1139 2073 1404 2132; x_wconf 86' lang='lat' dir='ltr'><em>quorum</em></span> <span class='ocrx_word' id='word_1_194' title='bbox 1435 2072 1700 2132; x_wconf 85' lang='lat' dir='ltr'><em>corpora</em></span> <span class='ocrx_word' id='word_1_195' title='bbox 1728 2055 1870 2116; x_wconf 88' lang='lat' dir='ltr'><em>viva</em></span> <span class='ocrx_word' id='word_1_196' title='bbox 1899 2069 2039 2114; x_wconf 90' lang='lat' dir='ltr'><em>cum</em></span> <span class='ocrx_word' id='word_1_197' title='bbox 2063 2070 2222 2114; x_wconf 90' lang='lat' dir='ltr'><em>mor·</em></span> 
     </span>
     <span class='ocr_line' id='line_1_24' title="bbox 136 2134 2223 2214; baseline 0 -18"><span class='ocrx_word' id='word_1_198' title='bbox 136 2136 291 2210; x_wconf 89' lang='lat' dir='ltr'><em>tuis,</em></span> <span class='ocrx_word' id='word_1_199' title='bbox 341 2139 609 2199; x_wconf 85' lang='lat' dir='ltr'><em>adversa</em></span> <span class='ocrx_word' id='word_1_200' title='bbox 647 2139 928 2202; x_wconf 85' lang='lat' dir='ltr'><em>adversis</em></span> <span class='ocrx_word' id='word_1_201' title='bbox 966 2141 1434 2204; x_wconf 83' lang='lat' dir='ltr'><em>accommodata</em></span> <span class='ocrx_word' id='word_1_202' title='bbox 1482 2155 1663 2214; x_wconf 81' lang='lat' dir='ltr'><em>quam</em></span> <span class='ocrx_word' id='word_1_203' title='bbox 1707 2137 2025 2213; x_wconf 76' lang='lat' dir='ltr'><em>aptissime</em></span> <span class='ocrx_word' id='word_1_204' title='bbox 2056 2134 2223 2197; x_wconf 85' lang='lat' dir='ltr'><em>colli-</em></span> 
     </span>
     <span class='ocr_line' id='line_1_25' title="bbox 132 2221 2225 2299; baseline -0 -18"><span class='ocrx_word' id='word_1_205' title='bbox 132 2221 464 2295; x_wconf 79' lang='lat' dir='ltr'><em>gabantur,</em></span> <span class='ocrx_word' id='word_1_206' title='bbox 497 2221 588 2282; x_wconf 91' lang='lat' dir='ltr'><em>sic</em></span> <span class='ocrx_word' id='word_1_207' title='bbox 621 2231 872 2286; x_wconf 83' lang='lat' dir='ltr'><em>nostros</em></span> <span class='ocrx_word' id='word_1_208' title='bbox 908 2224 1146 2285; x_wconf 86' lang='lat' dir='ltr'><em>animos</em></span> <span class='ocrx_word' id='word_1_209' title='bbox 1192 2241 1328 2284; x_wconf 87' lang='lat' dir='ltr'><em>cum</em></span> <span class='ocrx_word' id='word_1_210' title='bbox 1372 2222 1740 2299; x_wconf 84' lang='lat' dir='ltr'><em>corporibus</em></span> <span class='ocrx_word' id='word_1_211' title='bbox 1782 2224 2107 2298; x_wconf 89' lang='lat' dir='ltr'><em>copulatos</em></span> <span class='ocrx_word' id='word_1_212' title='bbox 2154 2226 2225 2281; x_wconf 92' lang='lat' dir='ltr'><em>ut</em></span> 
     </span>
     <span class='ocr_line' id='line_1_26' title="bbox 141 2302 2224 2390; baseline 0.003 -28"><span class='ocrx_word' id='word_1_213' title='bbox 141 2302 316 2364; x_wconf 84' lang='lat' dir='ltr'><em>vivos</em></span> <span class='ocrx_word' id='word_1_214' title='bbox 373 2321 511 2365; x_wconf 91' lang='lat' dir='ltr'><em>cum</em></span> <span class='ocrx_word' id='word_1_215' title='bbox 571 2306 829 2367; x_wconf 87' lang='lat' dir='ltr'><em>mortuis</em></span> <span class='ocrx_word' id='word_1_216' title='bbox 885 2324 1028 2368; x_wconf 91' lang='lat' dir='ltr'><em>esse</em></span> <span class='ocrx_word' id='word_1_217' title='bbox 1085 2307 1472 2368; x_wconf 85' lang='lat' dir='ltr'><em>coniunctos.</em></span> <span class='ocrx_word' id='word_1_218' title='bbox 1574 2322 2013 2390; x_wconf 77' lang='lat' dir='ltr'><em>[Augustinus</em></span> <span class='ocrx_word' id='word_1_219' title='bbox 2049 2326 2224 2369; x_wconf 75' lang='lat' dir='ltr'><em>contra</em></span> 
     </span>
     <span class='ocr_line' id='line_1_27' title="bbox 139 2386 1719 2458; baseline 0.003 -21"><span class='ocrx_word' id='word_1_220' title='bbox 139 2386 320 2437; x_wconf 83' lang='lat' dir='ltr'><em>Iulian.</em></span> <span class='ocrx_word' id='word_1_221' title='bbox 357 2387 618 2452; x_wconf 70' lang='lat' dir='ltr'><em>Pelagian.</em></span> <span class='ocrx_word' id='word_1_222' title='bbox 661 2388 751 2438; x_wconf 89' lang='lat' dir='ltr'><em>lib.</em></span> <span class='ocrx_word' id='word_1_223' title='bbox 789 2391 876 2440; x_wconf 87' lang='lat' dir='ltr'><em>lv.</em></span> <span class='ocrx_word' id='word_1_224' title='bbox 917 2405 1029 2455; x_wconf 80' lang='lat' dir='ltr'><em>cap.</em></span> <span class='ocrx_word' id='word_1_225' title='bbox 1074 2391 1155 2442; x_wconf 85' lang='lat'><em>15.</em></span> <span class='ocrx_word' id='word_1_226' title='bbox 1194 2391 1256 2442; x_wconf 88' lang='lat' dir='ltr'><em>T.</em></span> <span class='ocrx_word' id='word_1_227' title='bbox 1293 2392 1404 2458; x_wconf 78' lang='lat' dir='ltr'><em>vn.</em></span> <span class='ocrx_word' id='word_1_228' title='bbox 1447 2406 1500 2457; x_wconf 77' lang='grc' dir='ltr'><em>Ρ.</em></span> <span class='ocrx_word' id='word_1_229' title='bbox 1539 2388 1719 2455; x_wconf 86' lang='grc'><strong>1058.]</strong></span> 
     </span>
    </p>

    <p class='ocr_par' dir='ltr' id='par_1_5' title="bbox 134 2468 2225 2639">
     <span class='ocr_line' id='line_1_28' title="bbox 265 2468 2225 2550; baseline 0.002 -22"><span class='ocrx_word' id='word_1_230' title='bbox 265 2468 366 2530; x_wconf 89' lang='lat'><em>56.</em></span> <span class='ocrx_word' id='word_1_231' title='bbox 411 2468 583 2536; x_wconf 85' lang='lat' dir='ltr'><em>vidit</em></span> <span class='ocrx_word' id='word_1_232' title='bbox 611 2469 801 2546; x_wconf 89' lang='lat' dir='ltr'><em>enim,</em></span> <span class='ocrx_word' id='word_1_233' title='bbox 850 2474 1020 2548; x_wconf 84' lang='lat' dir='ltr'><em>quod</em></span> <span class='ocrx_word' id='word_1_234' title='bbox 1059 2473 1390 2536; x_wconf 84' lang='lat' dir='ltr'><em>videndum</em></span> <span class='ocrx_word' id='word_1_235' title='bbox 1429 2474 1570 2548; x_wconf 81' lang='lat' dir='ltr'><em>fuit,</em></span> <span class='ocrx_word' id='word_1_236' title='bbox 1601 2472 2007 2550; x_wconf 81' lang='lat' dir='ltr'><em>appendicem</em></span> <span class='ocrx_word' id='word_1_237' title='bbox 2038 2470 2225 2533; x_wconf 86' lang='lat' dir='ltr'><em>animi</em></span> 
     </span>
     <span class='ocr_line' id='line_1_29' title="bbox 134 2555 2187 2639; baseline 0.007 -26"><span class='ocrx_word' id='word_1_238' title='bbox 134 2569 284 2613; x_wconf 89' lang='lat' dir='ltr'><em>esse</em></span> <span class='ocrx_word' id='word_1_239' title='bbox 316 2568 546 2630; x_wconf 90' lang='lat' dir='ltr'><em>corpus</em></span> <span class='ocrx_word' id='word_1_240' title='bbox 580 2555 850 2632; x_wconf 86' lang='lat' dir='ltr'><em>nihilque</em></span> <span class='ocrx_word' id='word_1_241' title='bbox 882 2574 1027 2619; x_wconf 91' lang='lat' dir='ltr'><em>esse</em></span> <span class='ocrx_word' id='word_1_242' title='bbox 1061 2559 1118 2618; x_wconf 91' lang='lat' dir='ltr'><em>in</em></span> <span class='ocrx_word' id='word_1_243' title='bbox 1151 2574 1228 2619; x_wconf 84' lang='lat' dir='ltr'><em>eo</em></span> <span class='ocrx_word' id='word_1_244' title='bbox 1263 2574 1569 2633; x_wconf 84' lang='lat' dir='ltr'><em>magnum.</em></span> <span class='ocrx_word' id='word_1_245' title='bbox 1655 2572 1942 2639; x_wconf 81' lang='lat' dir='ltr'><em>[Nonius</em></span> <span class='ocrx_word' id='word_1_246' title='bbox 1977 2587 2033 2637; x_wconf 87' lang='lat' dir='ltr'><em>p.</em></span> <span class='ocrx_word' id='word_1_247' title='bbox 2071 2569 2187 2637; x_wconf 65' lang='lat'><em>42]</em></span> 
     </span>
    </p>

    <p class='ocr_par' dir='ltr' id='par_1_6' title="bbox 136 2636 2222 2807">
     <span class='ocr_line' id='line_1_30' title="bbox 263 2636 2222 2718; baseline 0.002 -22"><span class='ocrx_word' id='word_1_248' title='bbox 263 2636 365 2697; x_wconf 83' lang='lat'><em>57.</em></span> <span class='ocrx_word' id='word_1_249' title='bbox 410 2638 650 2714; x_wconf 83' lang='lat' dir='ltr'><em>Quaero</em></span> <span class='ocrx_word' id='word_1_250' title='bbox 698 2640 858 2701; x_wconf 88' lang='lat' dir='ltr'><em>enim</em></span> <span class='ocrx_word' id='word_1_251' title='bbox 901 2658 1023 2701; x_wconf 90' lang='lat' dir='ltr'><em>non</em></span> <span class='ocrx_word' id='word_1_252' title='bbox 1072 2640 1295 2718; x_wconf 89' lang='lat' dir='ltr'><em>quibus</em></span> <span class='ocrx_word' id='word_1_253' title='bbox 1342 2642 1651 2704; x_wconf 82' lang='lat' dir='ltr'><em>intendam</em></span> <span class='ocrx_word' id='word_1_254' title='bbox 1700 2640 1886 2701; x_wconf 88' lang='lat' dir='ltr'><em>rebus</em></span> <span class='ocrx_word' id='word_1_255' title='bbox 1929 2640 2222 2712; x_wconf 84' lang='lat' dir='ltr'><em>animum,</em></span> 
     </span>
     <span class='ocr_line' id='line_1_31' title="bbox 136 2720 1942 2807; baseline 0.006 -26"><span class='ocrx_word' id='word_1_256' title='bbox 136 2721 249 2781; x_wconf 89' lang='lat' dir='ltr'><em>sed</em></span> <span class='ocrx_word' id='word_1_257' title='bbox 282 2720 504 2797; x_wconf 89' lang='lat' dir='ltr'><em>quibus</em></span> <span class='ocrx_word' id='word_1_258' title='bbox 536 2726 807 2786; x_wconf 86' lang='lat' dir='ltr'><em>relaxem</em></span> <span class='ocrx_word' id='word_1_259' title='bbox 838 2741 911 2785; x_wconf 88' lang='lat' dir='ltr'><em>ac</em></span> <span class='ocrx_word' id='word_1_260' title='bbox 934 2724 1256 2787; x_wconf 81' lang='lat' dir='ltr'><em>remittam.</em></span> <span class='ocrx_word' id='word_1_261' title='bbox 1347 2739 1510 2807; x_wconf 77' lang='lat' dir='ltr'><em>[Idem</em></span> <span class='ocrx_word' id='word_1_262' title='bbox 1546 2755 1600 2805; x_wconf 85' lang='lat' dir='ltr'><em>p.</em></span> <span class='ocrx_word' id='word_1_263' title='bbox 1638 2739 1757 2793; x_wconf 83' lang='lat'><strong>329.</strong></span> <span class='ocrx_word' id='word_1_264' title='bbox 1797 2737 1942 2806; x_wconf 84' lang='lat'><strong>383.]</strong></span> 
     </span>
    </p>

    <p class='ocr_par' dir='ltr' id='par_1_7' title="bbox 139 2803 2225 3037">
     <span class='ocr_line' id='line_1_32' title="bbox 265 2803 2225 2884; baseline 0.002 -19"><span class='ocrx_word' id='word_1_265' title='bbox 265 2803 368 2865; x_wconf 90' lang='grc'><em>58.</em></span> <span class='ocrx_word' id='word_1_266' title='bbox 412 2808 559 2866; x_wconf 91' lang='lat' dir='ltr'><em>Nam</em></span> <span class='ocrx_word' id='word_1_267' title='bbox 614 2826 802 2884; x_wconf 83' lang='lat' dir='ltr'><em>quum</em></span> <span class='ocrx_word' id='word_1_268' title='bbox 849 2808 1049 2870; x_wconf 89' lang='lat' dir='ltr'><em>omnis</em></span> <span class='ocrx_word' id='word_1_269' title='bbox 1101 2809 1371 2870; x_wconf 87' lang='lat' dir='ltr'><em>sollertia</em></span> <span class='ocrx_word' id='word_1_270' title='bbox 1412 2808 1773 2869; x_wconf 85' lang='lat' dir='ltr'><em>admiranda</em></span> <span class='ocrx_word' id='word_1_271' title='bbox 1817 2814 1915 2868; x_wconf 89' lang='lat' dir='ltr'><em>est</em></span> <span class='ocrx_word' id='word_1_272' title='bbox 1954 2815 2084 2869; x_wconf 91' lang='lat' dir='ltr'><em>tum</em></span> <span class='ocrx_word' id='word_1_273' title='bbox 2129 2824 2225 2881; x_wconf 87' lang='lat' dir='ltr'><em>ea,</em></span> 
     </span>
     <span class='ocr_line' id='line_1_33' title="bbox 139 2888 2224 3037; baseline 0.001 -90"><span class='ocrx_word' id='word_1_274' title='bbox 139 2904 301 3037; x_wconf 51' lang='lat' dir='ltr'>{³1}oe</span> <span class='ocrx_word' id='word_1_275' title='bbox 325 2888 540 3025; x_wconf 67' lang='lat' dir='ltr'><em>el&#39;iici2t8</em></span> <span class='ocrx_word' id='word_1_276' title='bbox 538 2898 605 2952; x_wconf 90' lang='lat' dir='ltr'><em>ut</em></span> <span class='ocrx_word' id='word_1_277' title='bbox 634 2891 899 2953; x_wconf 87' lang='lat' dir='ltr'><em>inanima</em></span> <span class='ocrx_word' id='word_1_278' title='bbox 926 2909 1085 2968; x_wconf 86' lang='lat' dir='ltr'><em>quae</em></span> <span class='ocrx_word' id='word_1_279' title='bbox 1117 2891 1238 2954; x_wconf 89' lang='lat' dir='ltr'><em>sint</em></span> <span class='ocrx_word' id='word_1_280' title='bbox 1274 2893 1482 2954; x_wconf 86' lang='lat' dir='ltr'><em>vivere</em></span> <span class='ocrx_word' id='word_1_281' title='bbox 1513 2898 1576 2953; x_wconf 88' lang='lat' dir='ltr'><em>et</em></span> <span class='ocrx_word' id='word_1_282' title='bbox 1610 2890 1845 2968; x_wconf 87' lang='lat' dir='ltr'><em>spirare</em></span> <span class='ocrx_word' id='word_1_283' title='bbox 1874 2891 2224 2953; x_wconf 89' lang='lat' dir='ltr'><em>videantur.</em></span> 
     </span>
    </p>

    <p class='ocr_par' dir='ltr' id='par_1_8' title="bbox 225 2974 585 3041">
     <span class='ocr_line' id='line_1_34' title="bbox 225 2974 585 3041; baseline 0.003 -21"><span class='ocrx_word' id='word_1_284' title='bbox 225 2986 304 3021; x_wconf 85' lang='lat' dir='ltr'><em>em</em></span> <span class='ocrx_word' id='word_1_285' title='bbox 339 2987 392 3037; x_wconf 90' lang='lat' dir='ltr'><em>p.</em></span> <span class='ocrx_word' id='word_1_286' title='bbox 438 2974 465 3024; x_wconf 85' lang='lat'>1</span> <span class='ocrx_word' id='word_1_287' title='bbox 545 2974 585 3041; x_wconf 90' lang='lat'><em>.]</em></span> 
     </span>
    </p>

    <p class='ocr_par' dir='ltr' id='par_1_9' title="bbox 138 3053 2226 3226">
     <span class='ocr_line' id='line_1_35' title="bbox 264 3053 2226 3136; baseline 0.002 -21"><span class='ocrx_word' id='word_1_288' title='bbox 264 3053 364 3116; x_wconf 86' lang='lat'><em>59.</em></span> <span class='ocrx_word' id='word_1_289' title='bbox 411 3090 487 3101; x_wconf 89' lang='lat'>—</span> <span class='ocrx_word' id='word_1_290' title='bbox 532 3058 864 3119; x_wconf 85' lang='lat' dir='ltr'><em>sollertiam</em></span> <span class='ocrx_word' id='word_1_291' title='bbox 909 3076 1075 3134; x_wconf 89' lang='lat' dir='ltr'><em>eam,</em></span> <span class='ocrx_word' id='word_1_292' title='bbox 1131 3076 1291 3136; x_wconf 88' lang='lat' dir='ltr'><em>quae</em></span> <span class='ocrx_word' id='word_1_293' title='bbox 1325 3066 1543 3136; x_wconf 88' lang='lat' dir='ltr'><em>posset</em></span> <span class='ocrx_word' id='word_1_294' title='bbox 1573 3061 1673 3120; x_wconf 90' lang='lat' dir='ltr'><em>vel</em></span> <span class='ocrx_word' id='word_1_295' title='bbox 1719 3058 1777 3119; x_wconf 91' lang='lat' dir='ltr'><em>iu</em></span> <span class='ocrx_word' id='word_1_296' title='bbox 1823 3057 2047 3133; x_wconf 84' lang='lat' dir='ltr'><em>tegulis</em></span> <span class='ocrx_word' id='word_1_297' title='bbox 2083 3075 2226 3134; x_wconf 89' lang='lat' dir='ltr'><em>pro-</em></span> 
     </span>
     <span class='ocr_line' id='line_1_36' title="bbox 138 3137 1257 3226; baseline 0.01 -31"><span class='ocrx_word' id='word_1_298' title='bbox 138 3137 442 3199; x_wconf 86' lang='lat' dir='ltr'><em>seminare</em></span> <span class='ocrx_word' id='word_1_299' title='bbox 474 3148 736 3202; x_wconf 83' lang='lat' dir='ltr'><em>ostreas.</em></span> <span class='ocrx_word' id='word_1_300' title='bbox 827 3157 985 3224; x_wconf 76' lang='lat' dir='ltr'><em>[idem</em></span> <span class='ocrx_word' id='word_1_301' title='bbox 1021 3174 1077 3226; x_wconf 87' lang='lat' dir='ltr'><em>p.</em></span> <span class='ocrx_word' id='word_1_302' title='bbox 1113 3157 1257 3225; x_wconf 80' lang='lat'><strong>216.]</strong></span> 
     </span>
    </p>

    <p class='ocr_par' dir='ltr' id='par_1_10' title="bbox 149 3222 2227 3391">
     <span class='ocr_line' id='line_1_37' title="bbox 265 3222 2227 3303; baseline 0.002 -21"><span class='ocrx_word' id='word_1_303' title='bbox 265 3222 364 3282; x_wconf 88' lang='lat'><em>60.</em></span> <span class='ocrx_word' id='word_1_304' title='bbox 407 3224 488 3285; x_wconf 87' lang='lat' dir='ltr'><em>Ut</em></span> <span class='ocrx_word' id='word_1_305' title='bbox 511 3225 669 3285; x_wconf 88' lang='lat' dir='ltr'><em>enim</em></span> <span class='ocrx_word' id='word_1_306' title='bbox 702 3233 949 3301; x_wconf 80' lang='lat' dir='ltr'><em>segetes</em></span> <span class='ocrx_word' id='word_1_307' title='bbox 974 3226 1280 3302; x_wconf 86' lang='lat' dir='ltr'><em>agricolae</em></span> <span class='ocrx_word' id='word_1_308' title='bbox 1303 3228 1595 3303; x_wconf 87' lang='lat' dir='ltr'><em>subigunt</em></span> <span class='ocrx_word' id='word_1_309' title='bbox 1625 3226 1841 3288; x_wconf 85' lang='lat' dir='ltr'><em>aratris</em></span> <span class='ocrx_word' id='word_1_310' title='bbox 1864 3228 2055 3287; x_wconf 89' lang='lat' dir='ltr'><em>multo</em></span> <span class='ocrx_word' id='word_1_311' title='bbox 2082 3234 2227 3286; x_wconf 86' lang='lat' dir='ltr'><em>ante</em></span> 
     </span>
     <span class='ocr_line' id='line_1_38' title="bbox 149 3315 1275 3391; baseline 0.006 -18"><span class='ocrx_word' id='word_1_312' title='bbox 149 3315 327 3373; x_wconf 80' lang='lat' dir='ltr'><em>quam</em></span> <span class='ocrx_word' id='word_1_313' title='bbox 360 3315 587 3367; x_wconf 80' lang='lat' dir='ltr'><em>serant.</em></span> <span class='ocrx_word' id='word_1_314' title='bbox 680 3322 842 3390; x_wconf 73' lang='lat' dir='ltr'>[mem</span> <span class='ocrx_word' id='word_1_315' title='bbox 877 3339 931 3389; x_wconf 83' lang='lat' dir='ltr'><em>p.</em></span> <span class='ocrx_word' id='word_1_316' title='bbox 969 3324 1090 3379; x_wconf 82' lang='lat'><strong>395.</strong></span> <span class='ocrx_word' id='word_1_317' title='bbox 1128 3324 1275 3391; x_wconf 83' lang='lat'><strong>401.]</strong></span> 
     </span>
    </p>

    <p class='ocr_par' dir='ltr' id='par_1_11' title="bbox 268 3382 2226 3473">
     <span class='ocr_line' id='line_1_39' title="bbox 268 3382 2226 3473; baseline 0.003 -24"><span class='ocrx_word' id='word_1_318' title='bbox 268 3382 368 3442; x_wconf 80' lang='lat'><em>61·</em></span> <span class='ocrx_word' id='word_1_319' title='bbox 395 3419 479 3430; x_wconf 88' lang='lat'>—</span> <span class='ocrx_word' id='word_1_320' title='bbox 508 3390 674 3464; x_wconf 88' lang='lat' dir='ltr'><em>quod</em></span> <span class='ocrx_word' id='word_1_321' title='bbox 713 3390 962 3453; x_wconf 84' lang='lat' dir='ltr'><em>alterius</em></span> <span class='ocrx_word' id='word_1_322' title='bbox 996 3393 1309 3469; x_wconf 83' lang='lat' dir='ltr'><em>ingenium</em></span> <span class='ocrx_word' id='word_1_323' title='bbox 1343 3392 1506 3456; x_wconf 87' lang='lat' dir='ltr'><em>sicut</em></span> <span class='ocrx_word' id='word_1_324' title='bbox 1549 3402 1786 3457; x_wconf 88' lang='lat' dir='ltr'><em>acetum</em></span> <span class='ocrx_word' id='word_1_325' title='bbox 1821 3390 2226 3473; x_wconf 81' lang='lat' dir='ltr'><em>Aegyptium,</em></span> 
     </span>
    </p>
   </div>
  </div>
 </body>
</html>
