<?xml version="1.0" encoding="UTF-8"?>
<!DOCTYPE html PUBLIC "-//W3C//DTD XHTML 1.0 Transitional//EN"
    "http://www.w3.org/TR/xhtml1/DTD/xhtml1-transitional.dtd">
<html xmlns="http://www.w3.org/1999/xhtml" xml:lang="en" lang="en">
 <head>
  <title>
</title>
<meta http-equiv="Content-Type" content="text/html;charset=utf-8" />
  <meta name='ocr-system' content='tesseract 3.04.00' />
  <meta name='ocr-capabilities' content='ocr_page ocr_carea ocr_par ocr_line ocrx_word'/>
</head>
<body>
  <div class='ocr_page' id='page_1' title='image "./scriptaquaemans01wesegoog_0224.png"; bbox 0 0 2381 3723; ppageno 0'>
   <div class='ocr_carea' id='block_1_1' title="bbox 155 145 2233 235">
    <p class='ocr_par' dir='ltr' id='par_1_1' title="bbox 155 145 2233 235">
     <span class='ocr_line' id='line_1_1' title="bbox 155 145 2233 235; baseline 0.009 -23"><span class='ocrx_word' id='word_1_1' title='bbox 155 167 280 235; x_wconf 78' lang='lat'><strong>202</strong></span> <span class='ocrx_word' id='word_1_2' title='bbox 941 145 1467 221; x_wconf 72' lang='lat' dir='ltr'><strong>FRAGMENTA:</strong></span> <span class='ocrx_word' id='word_1_3' title='bbox 2157 157 2233 230; x_wconf 56' lang='grc' dir='ltr'><strong>’ἡ</strong></span> 
     </span>
    </p>
   </div>
   <div class='ocr_carea' id='block_1_2' title="bbox 153 315 2228 3120">
    <p class='ocr_par' dir='ltr' id='par_1_2' title="bbox 153 315 2228 3120">
     <span class='ocr_line' id='line_1_2' title="bbox 158 315 2201 392; baseline -0.004 -17"><span class='ocrx_word' id='word_1_4' title='bbox 158 325 295 375; x_wconf 86' lang='lat' dir='ltr'><strong>enim</strong></span> <span class='ocrx_word' id='word_1_5' title='bbox 329 327 402 375; x_wconf 91' lang='lat' dir='ltr'><strong>rei</strong></span> <span class='ocrx_word' id='word_1_6' title='bbox 439 321 757 392; x_wconf 73' lang='lat' dir='ltr'><strong>postulantur</strong></span> <span class='ocrx_word' id='word_1_7' title='bbox 792 340 822 374; x_wconf 88' lang='lat' dir='ltr'><strong>a</strong></span> <span class='ocrx_word' id='word_1_8' title='bbox 855 325 1024 374; x_wconf 90' lang='lat' dir='ltr'><strong>Tullio</strong></span> <span class='ocrx_word' id='word_1_9' title='bbox 1060 324 1144 372; x_wconf 86' lang='lat' dir='ltr'><strong>vel</strong></span> <span class='ocrx_word' id='word_1_10' title='bbox 1182 323 1237 373; x_wconf 92' lang='lat' dir='ltr'><strong>C.</strong></span> <span class='ocrx_word' id='word_1_11' title='bbox 1274 320 1423 371; x_wconf 87' lang='lat' dir='ltr'><strong>Curio</strong></span> <span class='ocrx_word' id='word_1_12' title='bbox 1452 320 1534 370; x_wconf 88' lang='lat' dir='ltr'><strong>vel</strong></span> <span class='ocrx_word' id='word_1_13' title='bbox 1564 315 1625 369; x_wconf 88' lang='grc' dir='ltr'><strong>Ῥ.</strong></span> <span class='ocrx_word' id='word_1_14' title='bbox 1666 318 2033 392; x_wconf 22' lang='grc' dir='ltr'><strong>Οίοᾱίιιεῃεὲᾶ</strong></span> <span class='ocrx_word' id='word_1_15' title='bbox 2070 332 2201 392; x_wconf 83' lang='lat' dir='ltr'><strong>quon</strong></span> 
     </span>
     <span class='ocr_line' id='line_1_3' title="bbox 160 387 2226 458; baseline -0.004 -14"><span class='ocrx_word' id='word_1_16' title='bbox 160 398 263 446; x_wconf 87' lang='lat' dir='ltr'><strong>iam</strong></span> <span class='ocrx_word' id='word_1_17' title='bbox 297 394 576 445; x_wconf 77' lang='lat' dir='ltr'><strong>habuerant</strong></span> <span class='ocrx_word' id='word_1_18' title='bbox 622 396 674 444; x_wconf 92' lang='lat' dir='ltr'><strong>in</strong></span> <span class='ocrx_word' id='word_1_19' title='bbox 722 400 899 444; x_wconf 89' lang='lat' dir='ltr'><strong>senatu</strong></span> <span class='ocrx_word' id='word_1_20' title='bbox 946 391 1215 457; x_wconf 87' lang='lat' dir='ltr'><strong>quamdam</strong></span> <span class='ocrx_word' id='word_1_21' title='bbox 1260 391 1538 455; x_wconf 84' lang='lat' dir='ltr'><strong>iurgiosam</strong></span> <span class='ocrx_word' id='word_1_22' title='bbox 1584 387 2003 449; x_wconf 62' lang='lat' dir='ltr'><strong>decertationem,</strong></span> <span class='ocrx_word' id='word_1_23' title='bbox 2061 389 2226 458; x_wconf 83' lang='lat' dir='ltr'><strong>visum</strong></span> 
     </span>
     <span class='ocr_line' id='line_1_4' title="bbox 160 457 2226 524; baseline -0.004 -11"><span class='ocrx_word' id='word_1_24' title='bbox 160 463 390 514; x_wconf 89' lang='lat' dir='ltr'><strong>Ciceroni</strong></span> <span class='ocrx_word' id='word_1_25' title='bbox 424 471 501 513; x_wconf 91' lang='lat' dir='ltr'><strong>est</strong></span> <span class='ocrx_word' id='word_1_26' title='bbox 541 462 671 513; x_wconf 87' lang='lat' dir='ltr'><strong>hanc</strong></span> <span class='ocrx_word' id='word_1_27' title='bbox 718 464 994 513; x_wconf 87' lang='lat' dir='ltr'><strong>orationem</strong></span> <span class='ocrx_word' id='word_1_28' title='bbox 1031 459 1348 512; x_wconf 80' lang='lat' dir='ltr'><strong>conscribere</strong></span> <span class='ocrx_word' id='word_1_29' title='bbox 1383 459 1586 524; x_wconf 78' lang='lat' dir='ltr'><strong>plenam</strong></span> <span class='ocrx_word' id='word_1_30' title='bbox 1636 458 1745 506; x_wconf 84' lang='lat' dir='ltr'><strong>sine</strong></span> <span class='ocrx_word' id='word_1_31' title='bbox 1787 457 1940 507; x_wconf 86' lang='lat' dir='ltr'><strong>dubio</strong></span> <span class='ocrx_word' id='word_1_32' title='bbox 1986 465 2034 506; x_wconf 90' lang='lat' dir='ltr'><strong>et</strong></span> <span class='ocrx_word' id='word_1_33' title='bbox 2078 465 2226 522; x_wconf 88' lang='lat' dir='ltr'><strong>aspe-</strong></span> 
     </span>
     <span class='ocr_line' id='line_1_5' title="bbox 159 526 2226 594; baseline -0.004 -13"><span class='ocrx_word' id='word_1_34' title='bbox 159 533 324 583; x_wconf 88' lang='lat' dir='ltr'><strong>ritatis</strong></span> <span class='ocrx_word' id='word_1_35' title='bbox 363 538 412 580; x_wconf 88' lang='lat' dir='ltr'><strong>et</strong></span> <span class='ocrx_word' id='word_1_36' title='bbox 449 530 773 594; x_wconf 75' lang='lat' dir='ltr'><strong>facetiarum,</strong></span> <span class='ocrx_word' id='word_1_37' title='bbox 824 532 1008 593; x_wconf 88' lang='lat' dir='ltr'><strong>quibus</strong></span> <span class='ocrx_word' id='word_1_38' title='bbox 1043 543 1210 579; x_wconf 90' lang='lat' dir='ltr'><strong>mores</strong></span> <span class='ocrx_word' id='word_1_39' title='bbox 1250 529 1515 590; x_wconf 88' lang='lat' dir='ltr'><strong>utriusque</strong></span> <span class='ocrx_word' id='word_1_40' title='bbox 1548 526 1831 591; x_wconf 78' lang='lat' dir='ltr'><strong>proscindit</strong></span> <span class='ocrx_word' id='word_1_41' title='bbox 1876 534 1924 575; x_wconf 91' lang='lat' dir='ltr'><strong>et</strong></span> <span class='ocrx_word' id='word_1_42' title='bbox 1960 527 2022 580; x_wconf 88' lang='lat' dir='ltr'><strong>de</strong></span> <span class='ocrx_word' id='word_1_43' title='bbox 2052 526 2226 590; x_wconf 82' lang='lat' dir='ltr'><strong>singu-</strong></span> 
     </span>
     <span class='ocr_line' id='line_1_6' title="bbox 161 592 2227 664; baseline -0.003 -15"><span class='ocrx_word' id='word_1_44' title='bbox 161 601 324 650; x_wconf 83' lang='lat' dir='ltr'><strong>lorum</strong></span> <span class='ocrx_word' id='word_1_45' title='bbox 361 600 501 648; x_wconf 87' lang='lat' dir='ltr'><strong>vitiis</strong></span> <span class='ocrx_word' id='word_1_46' title='bbox 531 614 682 662; x_wconf 87' lang='lat' dir='ltr'><strong>quam</strong></span> <span class='ocrx_word' id='word_1_47' title='bbox 719 607 884 664; x_wconf 88' lang='lat' dir='ltr'><strong>potest</strong></span> <span class='ocrx_word' id='word_1_48' title='bbox 931 598 1260 649; x_wconf 82' lang='lat' dir='ltr'><strong>acerbissime</strong></span> <span class='ocrx_word' id='word_1_49' title='bbox 1297 596 1532 659; x_wconf 86' lang='lat' dir='ltr'><strong>loquitur.</strong></span> <span class='ocrx_word' id='word_1_50' title='bbox 1604 592 1706 644; x_wconf 86' lang='lat' dir='ltr'><strong>Sed</strong></span> <span class='ocrx_word' id='word_1_51' title='bbox 1750 596 1884 648; x_wconf 88' lang='lat' dir='ltr'><strong>enim</strong></span> <span class='ocrx_word' id='word_1_52' title='bbox 1919 593 2227 659; x_wconf 86' lang='lat' dir='ltr'><strong>principium</strong></span> 
     </span>
     <span class='ocr_line' id='line_1_7' title="bbox 161 652 2227 718; baseline -0.003 -1"><span class='ocrx_word' id='word_1_53' title='bbox 161 669 315 718; x_wconf 85' lang='lat' dir='ltr'><strong>huius</strong></span> <span class='ocrx_word' id='word_1_54' title='bbox 365 667 584 718; x_wconf 83' lang='lat' dir='ltr'><strong>offensae</strong></span> <span class='ocrx_word' id='word_1_55' title='bbox 629 670 784 717; x_wconf 80' lang='lat' dir='ltr'><strong>fertur</strong></span> <span class='ocrx_word' id='word_1_56' title='bbox 821 683 849 717; x_wconf 89' lang='lat' dir='ltr'><strong>a</strong></span> <span class='ocrx_word' id='word_1_57' title='bbox 890 668 945 716; x_wconf 90' lang='lat' dir='ltr'><strong>P.</strong></span> <span class='ocrx_word' id='word_1_58' title='bbox 994 666 1157 716; x_wconf 90' lang='lat' dir='ltr'><strong>Clodii</strong></span> <span class='ocrx_word' id='word_1_59' title='bbox 1195 665 1335 715; x_wconf 88' lang='lat' dir='ltr'><strong>reatu</strong></span> <span class='ocrx_word' id='word_1_60' title='bbox 1371 661 1721 715; x_wconf 71' lang='lat' dir='ltr'><strong>&#39;descendi‘88e.</strong></span> <span class='ocrx_word' id='word_1_61' title='bbox 1791 652 1919 712; x_wconf 79' lang='lat' dir='ltr'><strong>Nam</strong></span> <span class='ocrx_word' id='word_1_62' title='bbox 1965 664 2108 712; x_wconf 72' lang='lat' dir='ltr'><strong>‘visus</strong></span> <span class='ocrx_word' id='word_1_63' title='bbox 2151 670 2227 710; x_wconf 89' lang='lat' dir='ltr'><strong>est</strong></span> 
     </span>
     <span class='ocr_line' id='line_1_8' title="bbox 159 727 2226 801; baseline -0.003 -16"><span class='ocrx_word' id='word_1_64' title='bbox 159 740 214 785; x_wconf 86' lang='lat' dir='ltr'><strong>in</strong></span> <span class='ocrx_word' id='word_1_65' title='bbox 249 738 400 786; x_wconf 87' lang='lat' dir='ltr'><strong>domo</strong></span> <span class='ocrx_word' id='word_1_66' title='bbox 439 735 690 801; x_wconf 86' lang='lat' dir='ltr'><strong>pontificis</strong></span> <span class='ocrx_word' id='word_1_67' title='bbox 727 737 933 786; x_wconf 83' lang='lat' dir='ltr'><strong>maximi</strong></span> <span class='ocrx_word' id='word_1_68' title='bbox 970 735 1025 787; x_wconf 90' lang='lat' dir='ltr'><strong>C.</strong></span> <span class='ocrx_word' id='word_1_69' title='bbox 1065 734 1299 786; x_wconf 80' lang='lat' dir='ltr'><strong>Caesaris</strong></span> <span class='ocrx_word' id='word_1_70' title='bbox 1332 733 1659 795; x_wconf 87' lang='lat' dir='ltr'><strong>eiusdemque</strong></span> <span class='ocrx_word' id='word_1_71' title='bbox 1695 727 1943 797; x_wconf 74' lang='lat' dir='ltr'><strong>praetoris</strong></span> <span class='ocrx_word' id='word_1_72' title='bbox 1980 733 2226 781; x_wconf 72' lang='lat' dir='ltr'><strong>incestum</strong></span> 
     </span>
     <span class='ocr_line' id='line_1_9' title="bbox 162 799 2203 869; baseline -0.004 -14"><span class='ocrx_word' id='word_1_73' title='bbox 162 805 351 855; x_wconf 81' lang='lat' dir='ltr'><strong>fecisse</strong></span> <span class='ocrx_word' id='word_1_74' title='bbox 387 820 501 854; x_wconf 87' lang='lat' dir='ltr'><strong>cum</strong></span> <span class='ocrx_word' id='word_1_75' title='bbox 534 805 643 855; x_wconf 90' lang='lat' dir='ltr'><strong>eius</strong></span> <span class='ocrx_word' id='word_1_76' title='bbox 677 817 838 854; x_wconf 78' lang='lat' dir='ltr'><strong>uxore</strong></span> <span class='ocrx_word' id='word_1_77' title='bbox 856 804 1125 869; x_wconf 84' lang='lat' dir='ltr'><strong>Pompeia,</strong></span> <span class='ocrx_word' id='word_1_78' title='bbox 1161 817 1316 867; x_wconf 87' lang='lat' dir='ltr'><strong>quum</strong></span> <span class='ocrx_word' id='word_1_79' title='bbox 1345 809 1412 853; x_wconf 72' lang='lat' dir='ltr'><strong>‘eo</strong></span> <span class='ocrx_word' id='word_1_80' title='bbox 1448 807 1675 867; x_wconf 76' lang='lat' dir='ltr'><strong>tempore</strong></span> <span class='ocrx_word' id='word_1_81' title='bbox 1700 799 2047 864; x_wconf 66' lang='lat' dir='ltr'><strong>per&#39;Vestales</strong></span> <span class='ocrx_word' id='word_1_82' title='bbox 2072 799 2203 863; x_wconf 81' lang='lat' dir='ltr'><strong>virgi</strong></span> 
     </span>
     <span class='ocr_line' id='line_1_10' title="bbox 161 868 2226 937; baseline -0.003 -14"><span class='ocrx_word' id='word_1_83' title='bbox 161 888 252 923; x_wconf 89' lang='lat' dir='ltr'><strong>nes</strong></span> <span class='ocrx_word' id='word_1_84' title='bbox 281 882 331 923; x_wconf 83' lang='lat' dir='ltr'><strong>et</strong></span> <span class='ocrx_word' id='word_1_85' title='bbox 364 882 621 924; x_wconf 84' lang='lat' dir='ltr'><strong>matronas</strong></span> <span class='ocrx_word' id='word_1_86' title='bbox 658 873 1043 925; x_wconf 79' lang='lat' dir='ltr'><strong>honestissimas</strong></span> <span class='ocrx_word' id='word_1_87' title='bbox 1080 874 1133 921; x_wconf 88' lang='lat' dir='ltr'><strong>in</strong></span> <span class='ocrx_word' id='word_1_88' title='bbox 1169 879 1344 937; x_wconf 79' lang='lat' dir='ltr'><strong>operto</strong></span> <span class='ocrx_word' id='word_1_89' title='bbox 1382 871 1551 921; x_wconf 84' lang='lat' dir='ltr'><strong>Bonae</strong></span> <span class='ocrx_word' id='word_1_90' title='bbox 1594 870 1719 919; x_wconf 86' lang='lat' dir='ltr'><strong>deae</strong></span> <span class='ocrx_word' id='word_1_91' title='bbox 1753 868 2068 924; x_wconf 51' lang='lat' dir='ltr'><strong>*sacrificium</strong></span> <span class='ocrx_word' id='word_1_92' title='bbox 2102 868 2226 917; x_wconf 85' lang='lat' dir='ltr'><strong>viris</strong></span> 
     </span>
     <span class='ocr_line' id='line_1_11' title="bbox 160 936 2228 1009; baseline -0.003 -18"><span class='ocrx_word' id='word_1_93' title='bbox 160 941 398 993; x_wconf 86' lang='lat' dir='ltr'><strong>omnibus</strong></span> <span class='ocrx_word' id='word_1_94' title='bbox 424 943 740 993; x_wconf 87' lang='lat' dir='ltr'><strong>inaccessum</strong></span> <span class='ocrx_word' id='word_1_95' title='bbox 774 942 943 993; x_wconf 84' lang='lat' dir='ltr'><strong>fiebat.</strong></span> <span class='ocrx_word' id='word_1_96' title='bbox 1003 939 1148 992; x_wconf 86' lang='lat' dir='ltr'><strong>Unde</strong></span> <span class='ocrx_word' id='word_1_97' title='bbox 1185 940 1372 1009; x_wconf 38' lang='lat' dir='ltr'><strong>elapso·</strong></span> <span class='ocrx_word' id='word_1_98' title='bbox 1389 948 1563 991; x_wconf 79' lang='lat' dir='ltr'><strong>tamen</strong></span> <span class='ocrx_word' id='word_1_99' title='bbox 1598 936 1775 1006; x_wconf 82' lang='lat' dir='ltr'><strong>Clodio</strong></span> <span class='ocrx_word' id='word_1_100' title='bbox 1809 951 1997 1009; x_wconf 40' lang='lat' dir='ltr'><strong>magn-a</strong></span> <span class='ocrx_word' id='word_1_101' title='bbox 2032 936 2228 986; x_wconf 83' lang='lat' dir='ltr'><strong>invidia</strong></span> 
     </span>
     <span class='ocr_line' id='line_1_12' title="bbox 162 1003 2227 1075; baseline -0.003 -15"><span class='ocrx_word' id='word_1_102' title='bbox 162 1011 473 1075; x_wconf 84' lang='lat' dir='ltr'><strong>percrebruit</strong></span> <span class='ocrx_word' id='word_1_103' title='bbox 511 1019 558 1060; x_wconf 88' lang='lat' dir='ltr'><strong>et</strong></span> <span class='ocrx_word' id='word_1_104' title='bbox 593 1010 802 1061; x_wconf 78' lang='lat' dir='ltr'><strong>infamia</strong></span> <span class='ocrx_word' id='word_1_105' title='bbox 835 1010 1251 1060; x_wconf 79' lang='lat' dir='ltr'><strong>caerimoniarum</strong></span> <span class='ocrx_word' id='word_1_106' title='bbox 1270 1046 1284 1067; x_wconf 88' lang='lat'>‚</span> <span class='ocrx_word' id='word_1_107' title='bbox 1325 1004 1387 1057; x_wconf 65' lang='lat' dir='ltr'><strong>&#39;ut</strong></span> <span class='ocrx_word' id='word_1_108' title='bbox 1422 1003 1624 1057; x_wconf 84' lang='lat' dir='ltr'><strong>senatus</strong></span> <span class='ocrx_word' id='word_1_109' title='bbox 1659 1003 1926 1064; x_wconf 77' lang='lat' dir='ltr'><strong>decernere</strong></span> <span class='ocrx_word' id='word_1_110' title='bbox 1963 1003 2227 1069; x_wconf 80' lang='lat' dir='ltr'><strong>cogeretur</strong></span> 
     </span>
     <span class='ocr_line' id='line_1_13' title="bbox 158 1068 2227 1145; baseline -0.003 -16"><span class='ocrx_word' id='word_1_111' title='bbox 158 1081 298 1129; x_wconf 85' lang='lat' dir='ltr'><strong>o&#39;mni</strong></span> <span class='ocrx_word' id='word_1_112' title='bbox 333 1079 596 1145; x_wconf 85' lang='lat' dir='ltr'><strong>diligentia</strong></span> <span class='ocrx_word' id='word_1_113' title='bbox 625 1075 886 1129; x_wconf 82' lang='lat' dir='ltr'><strong>consulum</strong></span> <span class='ocrx_word' id='word_1_114' title='bbox 918 1077 1387 1144; x_wconf 82' lang='lat' dir='ltr'><strong>pervestigandum,</strong></span> <span class='ocrx_word' id='word_1_115' title='bbox 1436 1077 1482 1126; x_wconf 83' lang='lat' dir='ltr'><strong>si</strong></span> <span class='ocrx_word' id='word_1_116' title='bbox 1515 1077 1649 1138; x_wconf 88' lang='lat' dir='ltr'><strong>quod</strong></span> <span class='ocrx_word' id='word_1_117' title='bbox 1684 1079 1815 1130; x_wconf 83' lang='lat' dir='ltr'><strong>esset</strong></span> <span class='ocrx_word' id='word_1_118' title='bbox 1851 1068 2072 1138; x_wconf 82' lang='lat' dir='ltr'><strong>publicis</strong></span> <span class='ocrx_word' id='word_1_119' title='bbox 2109 1073 2227 1123; x_wconf 89' lang='lat' dir='ltr'><strong>reli·</strong></span> 
     </span>
     <span class='ocr_line' id='line_1_14' title="bbox 156 1142 2225 1213; baseline -0.001 -19"><span class='ocrx_word' id='word_1_120' title='bbox 156 1147 397 1211; x_wconf 81' lang='lat' dir='ltr'><strong>gionibus</strong></span> <span class='ocrx_word' id='word_1_121' title='bbox 433 1148 625 1196; x_wconf 89' lang='lat' dir='ltr'><strong>illatum</strong></span> <span class='ocrx_word' id='word_1_122' title='bbox 657 1147 926 1213; x_wconf 80' lang='lat' dir='ltr'><strong>flagitium.</strong></span> <span class='ocrx_word' id='word_1_123' title='bbox 999 1148 1285 1196; x_wconf 84' lang='lat' dir='ltr'><strong>Accedebat</strong></span> <span class='ocrx_word' id='word_1_124' title='bbox 1329 1145 1428 1194; x_wconf 88' lang='lat' dir='ltr'><strong>huc</strong></span> <span class='ocrx_word' id='word_1_125' title='bbox 1466 1145 1617 1193; x_wconf 88' lang='lat' dir='ltr'><strong>etiam</strong></span> <span class='ocrx_word' id='word_1_126' title='bbox 1657 1142 2027 1208; x_wconf 83' lang='lat' dir='ltr'><strong>praeiudicium</strong></span> <span class='ocrx_word' id='word_1_127' title='bbox 2063 1142 2225 1205; x_wconf 84' lang='lat' dir='ltr'><strong>quod-</strong></span> 
     </span>
     <span class='ocr_line' id='line_1_15' title="bbox 159 1211 2222 1282; baseline -0.003 -17"><span class='ocrx_word' id='word_1_128' title='bbox 159 1216 279 1265; x_wconf 73' lang='lat' dir='ltr'><strong>&lt;tam</strong></span> <span class='ocrx_word' id='word_1_129' title='bbox 316 1214 369 1266; x_wconf 94' lang='lat' dir='ltr'><strong>C.</strong></span> <span class='ocrx_word' id='word_1_130' title='bbox 408 1215 642 1266; x_wconf 79' lang='lat' dir='ltr'><strong>Caesaris</strong></span> <span class='ocrx_word' id='word_1_131' title='bbox 677 1216 843 1282; x_wconf 72' lang='lat' dir='ltr'><strong>ipsius</strong></span> <span class='ocrx_word' id='word_1_132' title='bbox 873 1215 1159 1281; x_wconf 78' lang='lat' dir='ltr'><strong>pontificis,</strong></span> <span class='ocrx_word' id='word_1_133' title='bbox 1206 1215 1293 1278; x_wconf 85' lang='lat' dir='ltr'><strong>qui</strong></span> <span class='ocrx_word' id='word_1_134' title='bbox 1318 1219 1530 1264; x_wconf 84' lang='lat' dir='ltr'><strong>uxorem</strong></span> <span class='ocrx_word' id='word_1_135' title='bbox 1566 1221 1711 1261; x_wconf 77' lang='lat' dir='ltr'><strong>suam</strong></span> <span class='ocrx_word' id='word_1_136' title='bbox 1747 1211 1882 1260; x_wconf 89' lang='lat' dir='ltr'><strong>illico</strong></span> <span class='ocrx_word' id='word_1_137' title='bbox 1920 1211 2222 1275; x_wconf 87' lang='lat' dir='ltr'><strong>repudiavit.</strong></span> 
     </span>
     <span class='ocr_line' id='line_1_16' title="bbox 160 1279 2222 1346; baseline -0.003 -13"><span class='ocrx_word' id='word_1_138' title='bbox 160 1285 282 1334; x_wconf 82' lang='lat' dir='ltr'><strong>Post</strong></span> <span class='ocrx_word' id='word_1_139' title='bbox 316 1285 451 1346; x_wconf 88' lang='lat' dir='ltr'><strong>quod</strong></span> <span class='ocrx_word' id='word_1_140' title='bbox 487 1299 604 1334; x_wconf 88' lang='lat' dir='ltr'><strong>reus</strong></span> <span class='ocrx_word' id='word_1_141' title='bbox 650 1284 714 1333; x_wconf 92' lang='lat' dir='ltr'><strong>de</strong></span> <span class='ocrx_word' id='word_1_142' title='bbox 761 1286 951 1335; x_wconf 89' lang='lat' dir='ltr'><strong>incesto</strong></span> <span class='ocrx_word' id='word_1_143' title='bbox 988 1284 1151 1334; x_wconf 84' lang='lat' dir='ltr'><strong>factus</strong></span> <span class='ocrx_word' id='word_1_144' title='bbox 1206 1291 1282 1333; x_wconf 89' lang='lat' dir='ltr'><strong>est</strong></span> <span class='ocrx_word' id='word_1_145' title='bbox 1316 1284 1371 1335; x_wconf 90' lang='lat' dir='ltr'><strong>P.</strong></span> <span class='ocrx_word' id='word_1_146' title='bbox 1421 1280 1626 1344; x_wconf 78' lang='lat' dir='ltr'><strong>Clodius</strong></span> <span class='ocrx_word' id='word_1_147' title='bbox 1675 1286 1940 1330; x_wconf 81' lang='lat' dir='ltr'><strong>accusante</strong></span> <span class='ocrx_word' id='word_1_148' title='bbox 1985 1279 2042 1327; x_wconf 90' lang='lat' dir='ltr'><strong>L.</strong></span> <span class='ocrx_word' id='word_1_149' title='bbox 2090 1279 2222 1329; x_wconf 89' lang='lat' dir='ltr'><strong>Len-</strong></span> 
     </span>
     <span class='ocr_line' id='line_1_17' title="bbox 158 1346 2225 1419; baseline -0.002 -17"><span class='ocrx_word' id='word_1_150' title='bbox 158 1352 296 1413; x_wconf 87' lang='lat' dir='ltr'><strong>·tulo,</strong></span> <span class='ocrx_word' id='word_1_151' title='bbox 334 1352 634 1403; x_wconf 80' lang='lat' dir='ltr'><strong>defendente</strong></span> <span class='ocrx_word' id='word_1_152' title='bbox 672 1352 728 1402; x_wconf 88' lang='lat' dir='ltr'><strong>C.</strong></span> <span class='ocrx_word' id='word_1_153' title='bbox 767 1352 981 1403; x_wconf 85' lang='lat' dir='ltr'><strong>Curione</strong></span> <span class='ocrx_word' id='word_1_154' title='bbox 1008 1360 1171 1419; x_wconf 83' lang='lat' dir='ltr'><strong>patre.</strong></span> <span class='ocrx_word' id='word_1_155' title='bbox 1243 1350 1369 1410; x_wconf 84' lang='lat' dir='ltr'><strong>Nam</strong></span> <span class='ocrx_word' id='word_1_156' title='bbox 1404 1357 1506 1400; x_wconf 90' lang='lat' dir='ltr'><strong>tres</strong></span> <span class='ocrx_word' id='word_1_157' title='bbox 1550 1348 1651 1399; x_wconf 88' lang='lat' dir='ltr'><strong>illis</strong></span> <span class='ocrx_word' id='word_1_158' title='bbox 1688 1348 1935 1413; x_wconf 80' lang='lat' dir='ltr'><strong>temporib</strong></span> <span class='ocrx_word' id='word_1_159' title='bbox 1948 1363 2008 1396; x_wconf 88' lang='lat' dir='ltr'><strong>us</strong></span> <span class='ocrx_word' id='word_1_160' title='bbox 2052 1346 2225 1397; x_wconf 85' lang='lat' dir='ltr'><strong>Curio-</strong></span> 
     </span>
     <span class='ocr_line' id='line_1_18' title="bbox 160 1415 2224 1483; baseline -0.001 -14"><span class='ocrx_word' id='word_1_161' title='bbox 160 1421 252 1470; x_wconf 79' lang='lat' dir='ltr'><strong>nes</strong></span> <span class='ocrx_word' id='word_1_162' title='bbox 287 1420 470 1470; x_wconf 84' lang='lat' dir='ltr'><strong>illustri</strong></span> <span class='ocrx_word' id='word_1_163' title='bbox 508 1422 710 1471; x_wconf 90' lang='lat' dir='ltr'><strong>nomine</strong></span> <span class='ocrx_word' id='word_1_164' title='bbox 746 1422 1042 1471; x_wconf 87' lang='lat' dir='ltr'><strong>exstiterunt</strong></span> <span class='ocrx_word' id='word_1_165' title='bbox 1076 1421 1225 1483; x_wconf 81' lang='lat' dir='ltr'><strong>atque</strong></span> <span class='ocrx_word' id='word_1_166' title='bbox 1255 1422 1326 1469; x_wconf 91' lang='lat' dir='ltr'><strong>ita</strong></span> <span class='ocrx_word' id='word_1_167' title='bbox 1341 1415 1397 1467; x_wconf 62' lang='lat' dir='ltr'><strong>&#39;in</strong></span> <span class='ocrx_word' id='word_1_168' title='bbox 1431 1417 1574 1468; x_wconf 88' lang='lat' dir='ltr'><strong>libris</strong></span> <span class='ocrx_word' id='word_1_169' title='bbox 1599 1416 1765 1467; x_wconf 78' lang='lat' dir='ltr'><strong>adh‘uc</strong></span> <span class='ocrx_word' id='word_1_170' title='bbox 1786 1419 2035 1467; x_wconf 82' lang='lat' dir='ltr'><strong>feruntur:</strong></span> <span class='ocrx_word' id='word_1_171' title='bbox 2076 1415 2224 1466; x_wconf 87' lang='lat' dir='ltr'><strong>Curio</strong></span> 
     </span>
     <span class='ocr_line' id='line_1_19' title="bbox 158 1481 2224 1551; baseline -0.001 -14"><span class='ocrx_word' id='word_1_172' title='bbox 158 1503 317 1551; x_wconf 88' lang='lat' dir='ltr'><strong>avus,</strong></span> <span class='ocrx_word' id='word_1_173' title='bbox 374 1490 459 1550; x_wconf 88' lang='lat' dir='ltr'><strong>qui</strong></span> <span class='ocrx_word' id='word_1_174' title='bbox 505 1487 734 1537; x_wconf 87' lang='lat' dir='ltr'><strong>Servium</strong></span> <span class='ocrx_word' id='word_1_175' title='bbox 777 1487 1008 1539; x_wconf 81' lang='lat' dir='ltr'><strong>Fulvium</strong></span> <span class='ocrx_word' id='word_1_176' title='bbox 1055 1489 1236 1538; x_wconf 87' lang='lat' dir='ltr'><strong>incesti</strong></span> <span class='ocrx_word' id='word_1_177' title='bbox 1276 1502 1417 1537; x_wconf 90' lang='lat' dir='ltr'><strong>reum</strong></span> <span class='ocrx_word' id='word_1_178' title='bbox 1464 1483 1714 1544; x_wconf 82' lang='lat' dir='ltr'><strong>defendit,</strong></span> <span class='ocrx_word' id='word_1_179' title='bbox 1755 1485 1813 1535; x_wconf 64' lang='lat' dir='ltr'><strong>*et</strong></span> <span class='ocrx_word' id='word_1_180' title='bbox 1855 1481 1939 1534; x_wconf 83' lang='lat' dir='ltr'><strong>hic</strong></span> <span class='ocrx_word' id='word_1_181' title='bbox 1976 1485 2032 1537; x_wconf 87' lang='lat' dir='ltr'><strong>C.</strong></span> <span class='ocrx_word' id='word_1_182' title='bbox 2075 1484 2224 1535; x_wconf 86' lang='lat' dir='ltr'><strong>Curio</strong></span> 
     </span>
     <span class='ocr_line' id='line_1_20' title="bbox 161 1553 2226 1621; baseline -0.001 -17"><span class='ocrx_word' id='word_1_183' title='bbox 161 1561 332 1621; x_wconf 68' lang='lat' dir='ltr'><strong>peter,</strong></span> <span class='ocrx_word' id='word_1_184' title='bbox 370 1557 454 1619; x_wconf 90' lang='lat' dir='ltr'><strong>qui</strong></span> <span class='ocrx_word' id='word_1_185' title='bbox 488 1555 545 1606; x_wconf 90' lang='grc' dir='ltr'><strong>Ρ.</strong></span> <span class='ocrx_word' id='word_1_186' title='bbox 582 1555 758 1606; x_wconf 84' lang='lat' dir='ltr'><strong>Clodio</strong></span> <span class='ocrx_word' id='word_1_187' title='bbox 794 1556 982 1616; x_wconf 77' lang='lat' dir='ltr'><strong>adfuit,</strong></span> <span class='ocrx_word' id='word_1_188' title='bbox 1022 1564 1071 1607; x_wconf 91' lang='lat' dir='ltr'><strong>et</strong></span> <span class='ocrx_word' id='word_1_189' title='bbox 1106 1557 1285 1605; x_wconf 84' lang='lat' dir='ltr'><strong>tertius</strong></span> <span class='ocrx_word' id='word_1_190' title='bbox 1319 1555 1409 1605; x_wconf 83' lang='lat' dir='ltr'><strong>ille</strong></span> <span class='ocrx_word' id='word_1_191' title='bbox 1440 1555 1595 1606; x_wconf 80' lang='lat' dir='ltr'><strong>&#39;Curio</strong></span> <span class='ocrx_word' id='word_1_192' title='bbox 1621 1555 1939 1614; x_wconf 81' lang='lat' dir='ltr'><strong>tribunicius,</strong></span> <span class='ocrx_word' id='word_1_193' title='bbox 1972 1553 2060 1616; x_wconf 81' lang='lat' dir='ltr'><strong>qui</strong></span> <span class='ocrx_word' id='word_1_194' title='bbox 2091 1554 2226 1603; x_wconf 87' lang='lat' dir='ltr'><strong>bello</strong></span> 
     </span>
     <span class='ocr_line' id='line_1_21' title="bbox 154 1621 2225 1691; baseline -0.001 -17"><span class='ocrx_word' id='word_1_195' title='bbox 154 1624 302 1674; x_wconf 75' lang='lat' dir='ltr'><strong>civili</strong></span> <span class='ocrx_word' id='word_1_196' title='bbox 334 1624 646 1689; x_wconf 84' lang='lat' dir='ltr'><strong>Pompeiano</strong></span> <span class='ocrx_word' id='word_1_197' title='bbox 694 1625 747 1673; x_wconf 83' lang='lat' dir='ltr'><strong>in</strong></span> <span class='ocrx_word' id='word_1_198' title='bbox 793 1624 968 1676; x_wconf 78' lang='lat' dir='ltr'><strong>Africa</strong></span> <span class='ocrx_word' id='word_1_199' title='bbox 1013 1625 1182 1691; x_wconf 85' lang='lat' dir='ltr'><strong>periit.</strong></span> <span class='ocrx_word' id='word_1_200' title='bbox 1254 1624 1346 1683; x_wconf 87' lang='lat' dir='ltr'><strong>Qui</strong></span> <span class='ocrx_word' id='word_1_201' title='bbox 1396 1638 1547 1687; x_wconf 86' lang='lat' dir='ltr'><strong>quum</strong></span> <span class='ocrx_word' id='word_1_202' title='bbox 1588 1630 1721 1674; x_wconf 80' lang='lat' dir='ltr'><strong>esset</strong></span> <span class='ocrx_word' id='word_1_203' title='bbox 1777 1622 1996 1687; x_wconf 84' lang='lat' dir='ltr'><strong>partium</strong></span> <span class='ocrx_word' id='word_1_204' title='bbox 2041 1621 2225 1674; x_wconf 76' lang='lat' dir='ltr'><strong>Gaesa-</strong></span> 
     </span>
     <span class='ocr_line' id='line_1_22' title="bbox 160 1689 2226 1758; baseline 0 -18"><span class='ocrx_word' id='word_1_205' title='bbox 160 1693 262 1754; x_wconf 88' lang='lat' dir='ltr'><strong>ris,</strong></span> <span class='ocrx_word' id='word_1_206' title='bbox 308 1706 584 1757; x_wconf 86' lang='lat' dir='ltr'><strong>oppressus</strong></span> <span class='ocrx_word' id='word_1_207' title='bbox 614 1700 689 1743; x_wconf 89' lang='lat' dir='ltr'><strong>est</strong></span> <span class='ocrx_word' id='word_1_208' title='bbox 725 1692 788 1742; x_wconf 86' lang='lat' dir='ltr'><strong>ab</strong></span> <span class='ocrx_word' id='word_1_209' title='bbox 827 1693 1081 1755; x_wconf 85' lang='lat' dir='ltr'><strong>equitibus</strong></span> <span class='ocrx_word' id='word_1_210' title='bbox 1116 1693 1273 1743; x_wconf 86' lang='lat' dir='ltr'><strong>Iubae</strong></span> <span class='ocrx_word' id='word_1_211' title='bbox 1309 1693 1465 1758; x_wconf 77' lang='lat' dir='ltr'><strong>regis.</strong></span> <span class='ocrx_word' id='word_1_212' title='bbox 1539 1690 1643 1741; x_wconf 90' lang='lat' dir='ltr'><strong>Sed</strong></span> <span class='ocrx_word' id='word_1_213' title='bbox 1677 1691 1919 1758; x_wconf 82' lang='lat' dir='ltr'><strong>hactenus</strong></span> <span class='ocrx_word' id='word_1_214' title='bbox 1956 1689 2020 1741; x_wconf 84' lang='lat' dir='ltr'><strong>de</strong></span> <span class='ocrx_word' id='word_1_215' title='bbox 2050 1690 2226 1741; x_wconf 88' lang='lat' dir='ltr'><strong>Curio-</strong></span> 
     </span>
     <span class='ocr_line' id='line_1_23' title="bbox 156 1757 2227 1825; baseline -0 -16"><span class='ocrx_word' id='word_1_216' title='bbox 156 1760 312 1812; x_wconf 85' lang='lat' dir='ltr'><strong>nibus</strong></span> <span class='ocrx_word' id='word_1_217' title='bbox 349 1762 537 1810; x_wconf 87' lang='lat' dir='ltr'><strong>dictum</strong></span> <span class='ocrx_word' id='word_1_218' title='bbox 575 1762 657 1812; x_wconf 89' lang='lat' dir='ltr'><strong>sit.</strong></span> <span class='ocrx_word' id='word_1_219' title='bbox 727 1760 937 1811; x_wconf 89' lang='lat' dir='ltr'><strong>Multum</strong></span> <span class='ocrx_word' id='word_1_220' title='bbox 983 1763 1171 1825; x_wconf 88' lang='lat' dir='ltr'><strong>diuque</strong></span> <span class='ocrx_word' id='word_1_221' title='bbox 1217 1758 1406 1811; x_wconf 83' lang='lat' dir='ltr'><strong>habitis</strong></span> <span class='ocrx_word' id='word_1_222' title='bbox 1452 1757 1905 1811; x_wconf 87' lang='lat' dir='ltr'><strong>concertationibus</strong></span> <span class='ocrx_word' id='word_1_223' title='bbox 1948 1767 2063 1809; x_wconf 86' lang='lat' dir='ltr'><strong>ante</strong></span> <span class='ocrx_word' id='word_1_224' title='bbox 2093 1759 2227 1809; x_wconf 89' lang='lat' dir='ltr'><strong>iudi·</strong></span> 
     </span>
     <span class='ocr_line' id='line_1_24' title="bbox 156 1825 2224 1893; baseline -0.001 -15"><span class='ocrx_word' id='word_1_225' title='bbox 156 1829 296 1879; x_wconf 89' lang='lat' dir='ltr'><strong>cium</strong></span> <span class='ocrx_word' id='word_1_226' title='bbox 348 1828 405 1878; x_wconf 87' lang='lat' dir='ltr'><strong>P.</strong></span> <span class='ocrx_word' id='word_1_227' title='bbox 444 1829 652 1881; x_wconf 85' lang='lat' dir='ltr'><strong>Clodius</strong></span> <span class='ocrx_word' id='word_1_228' title='bbox 694 1835 731 1880; x_wconf 75' lang='lat' dir='ltr'><strong>a</strong></span> <span class='ocrx_word' id='word_1_229' title='bbox 765 1831 1052 1882; x_wconf 86' lang='lat' dir='ltr'><strong>turbulenta</strong></span> <span class='ocrx_word' id='word_1_230' title='bbox 1095 1825 1442 1893; x_wconf 81' lang='lat' dir='ltr'><strong>multitudine,</strong></span> <span class='ocrx_word' id='word_1_231' title='bbox 1498 1843 1563 1880; x_wconf 94' lang='lat' dir='ltr'><strong>ne</strong></span> <span class='ocrx_word' id='word_1_232' title='bbox 1610 1827 2068 1888; x_wconf 83' lang='lat' dir='ltr'><strong>causam&#39;diceret,</strong></span> <span class='ocrx_word' id='word_1_233' title='bbox 2125 1842 2224 1878; x_wconf 91' lang='lat' dir='ltr'><strong>non</strong></span> 
     </span>
     <span class='ocr_line' id='line_1_25' title="bbox 153 1896 2220 1965; baseline -0 -17"><span class='ocrx_word' id='word_1_234' title='bbox 153 1899 272 1948; x_wconf 70' lang='lat' dir='ltr'><strong>sine</strong></span> <span class='ocrx_word' id='word_1_235' title='bbox 318 1900 510 1965; x_wconf 87' lang='lat' dir='ltr'><strong>impetu</strong></span> <span class='ocrx_word' id='word_1_236' title='bbox 553 1898 816 1950; x_wconf 89' lang='lat' dir='ltr'><strong>seditionis</strong></span> <span class='ocrx_word' id='word_1_237' title='bbox 870 1900 1072 1951; x_wconf 87' lang='lat' dir='ltr'><strong>adiutus</strong></span> <span class='ocrx_word' id='word_1_238' title='bbox 1119 1908 1223 1960; x_wconf 88' lang='lat' dir='ltr'><strong>est,</strong></span> <span class='ocrx_word' id='word_1_239' title='bbox 1286 1905 1488 1950; x_wconf 90' lang='lat' dir='ltr'><strong>auctore</strong></span> <span class='ocrx_word' id='word_1_240' title='bbox 1535 1898 1685 1948; x_wconf 87' lang='lat' dir='ltr'><strong>huius</strong></span> <span class='ocrx_word' id='word_1_241' title='bbox 1734 1897 2125 1962; x_wconf 86' lang='lat' dir='ltr'><strong>conspirationis</strong></span> <span class='ocrx_word' id='word_1_242' title='bbox 2160 1896 2220 1954; x_wconf 90' lang='lat' dir='ltr'><strong>Q.</strong></span> 
     </span>
     <span class='ocr_line' id='line_1_26' title="bbox 162 1962 2222 2033; baseline -0.001 -17"><span class='ocrx_word' id='word_1_243' title='bbox 162 1967 303 2017; x_wconf 75' lang='lat' dir='ltr'><strong>Fufio</strong></span> <span class='ocrx_word' id='word_1_244' title='bbox 348 1966 532 2016; x_wconf 76' lang='lat' dir='ltr'><strong>Caleno</strong></span> <span class='ocrx_word' id='word_1_245' title='bbox 582 1968 781 2019; x_wconf 84' lang='lat' dir='ltr'><strong>tribuno</strong></span> <span class='ocrx_word' id='word_1_246' title='bbox 834 1967 938 2033; x_wconf 89' lang='lat' dir='ltr'><strong>pl.,</strong></span> <span class='ocrx_word' id='word_1_247' title='bbox 992 1967 1136 2018; x_wconf 88' lang='lat' dir='ltr'><strong>cuius</strong></span> <span class='ocrx_word' id='word_1_248' title='bbox 1171 1969 1475 2019; x_wconf 82' lang='lat' dir='ltr'><strong>mentionem</strong></span> <span class='ocrx_word' id='word_1_249' title='bbox 1527 1962 1884 2017; x_wconf 83' lang='lat' dir='ltr'><strong>creberrimam</strong></span> <span class='ocrx_word' id='word_1_250' title='bbox 1927 1962 2125 2015; x_wconf 77' lang='lat' dir='ltr'><strong>Tullius</strong></span> <span class='ocrx_word' id='word_1_251' title='bbox 2172 1966 2222 2014; x_wconf 90' lang='lat' dir='ltr'><strong>in</strong></span> 
     </span>
     <span class='ocr_line' id='line_1_27' title="bbox 162 2035 2223 2101; baseline -0.001 -17"><span class='ocrx_word' id='word_1_252' title='bbox 162 2035 461 2101; x_wconf 83' lang='lat' dir='ltr'><strong>Philippicis</strong></span> <span class='ocrx_word' id='word_1_253' title='bbox 479 2037 790 2088; x_wconf 83' lang='lat' dir='ltr'><strong>orationibus</strong></span> <span class='ocrx_word' id='word_1_254' title='bbox 821 2037 957 2086; x_wconf 79' lang='lat' dir='ltr'><strong>facit.</strong></span> <span class='ocrx_word' id='word_1_255' title='bbox 1028 2035 1269 2087; x_wconf 82' lang='lat' dir='ltr'><strong>Obstante</strong></span> <span class='ocrx_word' id='word_1_256' title='bbox 1294 2051 1414 2086; x_wconf 83' lang='lat' dir='ltr'><strong>vero</strong></span> <span class='ocrx_word' id='word_1_257' title='bbox 1444 2050 1608 2100; x_wconf 83' lang='lat' dir='ltr'><strong>paene</strong></span> <span class='ocrx_word' id='word_1_258' title='bbox 1644 2036 1882 2086; x_wconf 86' lang='lat' dir='ltr'><strong>universo</strong></span> <span class='ocrx_word' id='word_1_259' title='bbox 1916 2042 2094 2085; x_wconf 82' lang='lat' dir='ltr'><strong>senatu</strong></span> <span class='ocrx_word' id='word_1_260' title='bbox 2130 2047 2223 2099; x_wconf 84' lang='lat' dir='ltr'><strong>pro</strong></span> 
     </span>
     <span class='ocr_line' id='line_1_28' title="bbox 154 2103 2224 2170; baseline -0 -17"><span class='ocrx_word' id='word_1_261' title='bbox 154 2105 494 2154; x_wconf 80' lang='lat' dir='ltr'><strong>sanctimonia</strong></span> <span class='ocrx_word' id='word_1_262' title='bbox 536 2104 838 2170; x_wconf 80' lang='lat' dir='ltr'><strong>religionum</strong></span> <span class='ocrx_word' id='word_1_263' title='bbox 896 2103 1142 2156; x_wconf 83' lang='lat' dir='ltr'><strong>adversus</strong></span> <span class='ocrx_word' id='word_1_264' title='bbox 1187 2106 1377 2156; x_wconf 87' lang='lat' dir='ltr'><strong>crimen</strong></span> <span class='ocrx_word' id='word_1_265' title='bbox 1432 2104 1628 2164; x_wconf 89' lang='lat' dir='ltr'><strong>incesti,</strong></span> <span class='ocrx_word' id='word_1_266' title='bbox 1700 2103 1896 2153; x_wconf 87' lang='lat' dir='ltr'><strong>iudices</strong></span> <span class='ocrx_word' id='word_1_267' title='bbox 1943 2112 2110 2153; x_wconf 88' lang='lat' dir='ltr'><strong>tamen</strong></span> <span class='ocrx_word' id='word_1_268' title='bbox 2157 2103 2224 2152; x_wconf 87' lang='lat' dir='ltr'><strong>ad</strong></span> 
     </span>
     <span class='ocr_line' id='line_1_29' title="bbox 156 2168 2226 2239; baseline -0.001 -17"><span class='ocrx_word' id='word_1_269' title='bbox 156 2180 441 2222; x_wconf 82' lang='lat' dir='ltr'><strong>extremum</strong></span> <span class='ocrx_word' id='word_1_270' title='bbox 483 2172 587 2222; x_wconf 88' lang='lat' dir='ltr'><strong>dati</strong></span> <span class='ocrx_word' id='word_1_271' title='bbox 629 2181 758 2223; x_wconf 90' lang='lat' dir='ltr'><strong>sunt.</strong></span> <span class='ocrx_word' id='word_1_272' title='bbox 833 2174 895 2224; x_wconf 87' lang='lat' dir='ltr'><strong>Et</strong></span> <span class='ocrx_word' id='word_1_273' title='bbox 935 2172 1101 2239; x_wconf 88' lang='lat' dir='ltr'><strong>primo</strong></span> <span class='ocrx_word' id='word_1_274' title='bbox 1143 2174 1347 2238; x_wconf 84' lang='lat' dir='ltr'><strong>quidem</strong></span> <span class='ocrx_word' id='word_1_275' title='bbox 1402 2168 1463 2221; x_wconf 84' lang='lat' dir='ltr'><strong>ab</strong></span> <span class='ocrx_word' id='word_1_276' title='bbox 1510 2180 1687 2222; x_wconf 86' lang='lat' dir='ltr'><strong>senatu</strong></span> <span class='ocrx_word' id='word_1_277' title='bbox 1731 2172 2043 2236; x_wconf 87' lang='lat' dir='ltr'><strong>praesidium</strong></span> <span class='ocrx_word' id='word_1_278' title='bbox 2091 2168 2226 2236; x_wconf 72' lang='lat' dir='ltr'><strong>‘p‘eti-</strong></span> 
     </span>
     <span class='ocr_line' id='line_1_30' title="bbox 161 2236 2223 2305; baseline 0 -17"><span class='ocrx_word' id='word_1_279' title='bbox 161 2247 365 2299; x_wconf 83' lang='lat' dir='ltr'><strong>verant,</strong></span> <span class='ocrx_word' id='word_1_280' title='bbox 403 2247 458 2288; x_wconf 72' lang='grc' dir='ltr'><strong>ιιι</strong></span> <span class='ocrx_word' id='word_1_281' title='bbox 490 2239 555 2288; x_wconf 91' lang='lat' dir='ltr'><strong>de</strong></span> <span class='ocrx_word' id='word_1_282' title='bbox 579 2239 754 2291; x_wconf 87' lang='lat' dir='ltr'><strong>Clodio</strong></span> <span class='ocrx_word' id='word_1_283' title='bbox 786 2243 1134 2305; x_wconf 87' lang='lat' dir='ltr'><strong>potentissimo</strong></span> <span class='ocrx_word' id='word_1_284' title='bbox 1159 2242 1363 2294; x_wconf 88' lang='lat' dir='ltr'><strong>homine</strong></span> <span class='ocrx_word' id='word_1_285' title='bbox 1399 2236 1605 2291; x_wconf 76' lang='lat' dir='ltr'><strong>liberius</strong></span> <span class='ocrx_word' id='word_1_286' title='bbox 1639 2238 1961 2296; x_wconf 82' lang='lat' dir='ltr'><strong>iudicaretur.</strong></span> <span class='ocrx_word' id='word_1_287' title='bbox 2034 2238 2223 2290; x_wconf 84' lang='lat' dir='ltr'><strong>Verum</strong></span> 
     </span>
     <span class='ocr_line' id='line_1_31' title="bbox 158 2308 2225 2375; baseline 0 -19"><span class='ocrx_word' id='word_1_288' title='bbox 158 2309 233 2357; x_wconf 82' lang='lat' dir='ltr'><strong>ita</strong></span> <span class='ocrx_word' id='word_1_289' title='bbox 267 2321 349 2357; x_wconf 88' lang='lat' dir='ltr'><strong>res</strong></span> <span class='ocrx_word' id='word_1_290' title='bbox 386 2308 595 2366; x_wconf 83' lang='lat' dir='ltr'><strong>cecidit,</strong></span> <span class='ocrx_word' id='word_1_291' title='bbox 642 2315 697 2356; x_wconf 89' lang='lat' dir='ltr'><strong>ut</strong></span> <span class='ocrx_word' id='word_1_292' title='bbox 731 2309 782 2357; x_wconf 91' lang='lat' dir='ltr'><strong>in</strong></span> <span class='ocrx_word' id='word_1_293' title='bbox 818 2310 933 2358; x_wconf 80' lang='lat' dir='ltr'><strong>eum</strong></span> <span class='ocrx_word' id='word_1_294' title='bbox 970 2310 1114 2360; x_wconf 87' lang='lat' dir='ltr'><strong>multi</strong></span> <span class='ocrx_word' id='word_1_295' title='bbox 1155 2324 1311 2375; x_wconf 77' lang='lat' dir='ltr'><strong>grave</strong></span> <span class='ocrx_word' id='word_1_296' title='bbox 1345 2309 1686 2359; x_wconf 77' lang='lat' dir='ltr'><strong>testimonium</strong></span> <span class='ocrx_word' id='word_1_297' title='bbox 1720 2309 1972 2369; x_wconf 84' lang='lat' dir='ltr'><strong>dicerent,</strong></span> <span class='ocrx_word' id='word_1_298' title='bbox 2011 2324 2225 2373; x_wconf 88' lang='lat' dir='ltr'><strong>quorum</strong></span> 
     </span>
     <span class='ocr_line' id='line_1_32' title="bbox 160 2374 2225 2443; baseline 0.001 -19"><span class='ocrx_word' id='word_1_299' title='bbox 160 2377 214 2424; x_wconf 82' lang='lat' dir='ltr'><strong>in</strong></span> <span class='ocrx_word' id='word_1_300' title='bbox 251 2388 457 2424; x_wconf 86' lang='lat' dir='ltr'><strong>numero</strong></span> <span class='ocrx_word' id='word_1_301' title='bbox 501 2374 567 2424; x_wconf 87' lang='grc' dir='ltr'><strong>Μ.</strong></span> <span class='ocrx_word' id='word_1_302' title='bbox 606 2375 717 2438; x_wconf 83' lang='lat' dir='ltr'><strong>ipse</strong></span> <span class='ocrx_word' id='word_1_303' title='bbox 750 2375 949 2427; x_wconf 79' lang='lat' dir='ltr'><strong>Tullius</strong></span> <span class='ocrx_word' id='word_1_304' title='bbox 998 2380 1334 2443; x_wconf 81' lang='lat' dir='ltr'><strong>interrogatus</strong></span> <span class='ocrx_word' id='word_1_305' title='bbox 1379 2379 1450 2427; x_wconf 89' lang='lat' dir='ltr'><strong>ait</strong></span> <span class='ocrx_word' id='word_1_306' title='bbox 1495 2378 1561 2427; x_wconf 89' lang='lat' dir='ltr'><strong>ad</strong></span> <span class='ocrx_word' id='word_1_307' title='bbox 1613 2393 1668 2427; x_wconf 89' lang='lat' dir='ltr'><strong>se</strong></span> <span class='ocrx_word' id='word_1_308' title='bbox 1713 2379 1981 2431; x_wconf 87' lang='lat' dir='ltr'><strong>salutatum</strong></span> <span class='ocrx_word' id='word_1_309' title='bbox 2019 2376 2225 2428; x_wconf 77' lang='lat' dir='ltr'><strong>venisse</strong></span> 
     </span>
     <span class='ocr_line' id='line_1_33' title="bbox 163 2441 2226 2507; baseline 0.002 -15"><span class='ocrx_word' id='word_1_310' title='bbox 163 2443 277 2505; x_wconf 85' lang='lat' dir='ltr'><strong>ipsa</strong></span> <span class='ocrx_word' id='word_1_311' title='bbox 311 2443 396 2492; x_wconf 91' lang='lat' dir='ltr'><strong>die</strong></span> <span class='ocrx_word' id='word_1_312' title='bbox 432 2441 691 2504; x_wconf 82' lang='lat' dir='ltr'><strong>Clodium,</strong></span> <span class='ocrx_word' id='word_1_313' title='bbox 739 2459 838 2507; x_wconf 87' lang='lat' dir='ltr'><strong>qua</strong></span> <span class='ocrx_word' id='word_1_314' title='bbox 883 2461 941 2496; x_wconf 93' lang='lat' dir='ltr'><strong>se</strong></span> <span class='ocrx_word' id='word_1_315' title='bbox 990 2446 1077 2496; x_wconf 83' lang='lat' dir='ltr'><strong>ille</strong></span> <span class='ocrx_word' id='word_1_316' title='bbox 1106 2447 1431 2498; x_wconf 85' lang='lat' dir='ltr'><strong>contenderat</strong></span> <span class='ocrx_word' id='word_1_317' title='bbox 1465 2442 1777 2497; x_wconf 82' lang='lat' dir='ltr'><strong>Interamnae</strong></span> <span class='ocrx_word' id='word_1_318' title='bbox 1820 2442 1981 2497; x_wconf 72' lang='lat' dir='ltr'><strong>misse</strong></span> <span class='ocrx_word' id='word_1_319' title='bbox 2015 2446 2226 2497; x_wconf 84' lang='lat' dir='ltr'><strong>milibus</strong></span> 
     </span>
     <span class='ocr_line' id='line_1_34' title="bbox 158 2511 2227 2578; baseline 0.003 -20"><span class='ocrx_word' id='word_1_320' title='bbox 158 2525 402 2575; x_wconf 82' lang='lat' dir='ltr'><strong>passuum</strong></span> <span class='ocrx_word' id='word_1_321' title='bbox 433 2511 591 2560; x_wconf 82' lang='lat' dir='ltr'><strong>ferme</strong></span> <span class='ocrx_word' id='word_1_322' title='bbox 617 2511 851 2563; x_wconf 82' lang='lat' dir='ltr'>Lxxxx</span> <span class='ocrx_word' id='word_1_323' title='bbox 878 2515 940 2563; x_wconf 89' lang='lat' dir='ltr'><strong>ab</strong></span> <span class='ocrx_word' id='word_1_324' title='bbox 965 2515 1090 2564; x_wconf 91' lang='lat' dir='ltr'><strong>urbe</strong></span> <span class='ocrx_word' id='word_1_325' title='bbox 1115 2515 1446 2571; x_wconf 84' lang='lat' dir='ltr'><strong>disiunctum:</strong></span> <span class='ocrx_word' id='word_1_326' title='bbox 1487 2530 1586 2578; x_wconf 88' lang='lat' dir='ltr'><strong>quo</strong></span> <span class='ocrx_word' id='word_1_327' title='bbox 1614 2515 1810 2564; x_wconf 88' lang='lat' dir='ltr'><strong>scilicet</strong></span> <span class='ocrx_word' id='word_1_328' title='bbox 1842 2515 2003 2573; x_wconf 86' lang='lat' dir='ltr'><strong>videri</strong></span> <span class='ocrx_word' id='word_1_329' title='bbox 2023 2513 2227 2565; x_wconf 86' lang='lat' dir='ltr'><strong>volebat</strong></span> 
     </span>
     <span class='ocr_line' id='line_1_35' title="bbox 160 2573 2224 2649; baseline 0.003 -23"><span class='ocrx_word' id='word_1_330' title='bbox 160 2579 337 2627; x_wconf 86' lang='lat' dir='ltr'><strong>incesti</strong></span> <span class='ocrx_word' id='word_1_331' title='bbox 380 2578 568 2631; x_wconf 87' lang='lat' dir='ltr'><strong>Romae</strong></span> <span class='ocrx_word' id='word_1_332' title='bbox 603 2582 944 2632; x_wconf 84' lang='lat' dir='ltr'><strong>committendi</strong></span> <span class='ocrx_word' id='word_1_333' title='bbox 972 2580 1258 2633; x_wconf 72' lang='lat' dir='ltr'><strong>facultatem</strong></span> <span class='ocrx_word' id='word_1_334' title='bbox 1283 2584 1383 2649; x_wconf 81' lang='lat' dir='ltr'><strong>non</strong></span> <span class='ocrx_word' id='word_1_335' title='bbox 1417 2573 1673 2633; x_wconf 80' lang='lat' dir='ltr'><strong>babuisse.</strong></span> <span class='ocrx_word' id='word_1_336' title='bbox 1743 2580 1806 2632; x_wconf 84' lang='lat' dir='ltr'><strong>Et</strong></span> <span class='ocrx_word' id='word_1_337' title='bbox 1840 2586 1958 2649; x_wconf 85' lang='lat' dir='ltr'><strong>post</strong></span> <span class='ocrx_word' id='word_1_338' title='bbox 1993 2583 2120 2632; x_wconf 86' lang='lat' dir='ltr'><strong>haec</strong></span> <span class='ocrx_word' id='word_1_339' title='bbox 2158 2584 2224 2632; x_wconf 77' lang='lat' dir='ltr'><strong>ab</strong></span> 
     </span>
     <span class='ocr_line' id='line_1_36' title="bbox 153 2646 2226 2701; baseline 0.002 -6"><span class='ocrx_word' id='word_1_340' title='bbox 153 2646 412 2698; x_wconf 78' lang='lat' dir='ltr'><strong>&#39;iudicibus</strong></span> <span class='ocrx_word' id='word_1_341' title='bbox 435 2646 581 2699; x_wconf 86' lang='lat' dir='ltr'><strong>XXV</strong></span> <span class='ocrx_word' id='word_1_342' title='bbox 618 2649 884 2699; x_wconf 83' lang='lat' dir='ltr'><strong>damnatus</strong></span> <span class='ocrx_word' id='word_1_343' title='bbox 905 2652 996 2700; x_wconf 85' lang='lat' dir='ltr'><strong>est.</strong></span> <span class='ocrx_word' id='word_1_344' title='bbox 1065 2648 1353 2700; x_wconf 84' lang='lat' dir='ltr'><strong>Praevaluit</strong></span> <span class='ocrx_word' id='word_1_345' title='bbox 1380 2658 1548 2701; x_wconf 88' lang='lat' dir='ltr'><strong>tamen</strong></span> <span class='ocrx_word' id='word_1_346' title='bbox 1566 2646 1632 2701; x_wconf 86' lang='lat' dir='ltr'><strong>ad</strong></span> <span class='ocrx_word' id='word_1_347' title='bbox 1652 2652 1760 2701; x_wconf 89' lang='lat' dir='ltr'><strong>eius</strong></span> <span class='ocrx_word' id='word_1_348' title='bbox 1777 2646 2040 2701; x_wconf 77' lang='lat' dir='ltr'><strong>victoriam</strong></span> <span class='ocrx_word' id='word_1_349' title='bbox 2061 2648 2226 2700; x_wconf 80' lang='lat' dir='ltr'><strong>maior</strong></span> 
     </span>
     <span class='ocr_line' id='line_1_37' title="bbox 157 2719 2225 2786; baseline 0.001 -21"><span class='ocrx_word' id='word_1_350' title='bbox 157 2722 333 2766; x_wconf 78' lang='lat' dir='ltr'><strong>eorum</strong></span> <span class='ocrx_word' id='word_1_351' title='bbox 369 2721 631 2778; x_wconf 79' lang='lat' dir='ltr'><strong>numerus,</strong></span> <span class='ocrx_word' id='word_1_352' title='bbox 685 2721 769 2780; x_wconf 80' lang='lat' dir='ltr'><strong>qul</strong></span> <span class='ocrx_word' id='word_1_353' title='bbox 806 2719 1144 2768; x_wconf 79' lang='lat' dir='ltr'><strong>absolverunt.</strong></span> <span class='ocrx_word' id='word_1_354' title='bbox 1220 2719 1344 2769; x_wconf 82' lang='lat' dir='ltr'><strong>Nam</strong></span> <span class='ocrx_word' id='word_1_355' title='bbox 1380 2719 1525 2768; x_wconf 79' lang='lat' dir='ltr'><strong>XXX</strong></span> <span class='ocrx_word' id='word_1_356' title='bbox 1560 2727 1609 2768; x_wconf 84' lang='lat' dir='ltr'><strong>et</strong></span> <span class='ocrx_word' id='word_1_357' title='bbox 1637 2726 1747 2769; x_wconf 74' lang='lat' dir='ltr'><strong>una</strong></span> <span class='ocrx_word' id='word_1_358' title='bbox 1783 2730 1875 2786; x_wconf 82' lang='lat' dir='ltr'><strong>pru</strong></span> <span class='ocrx_word' id='word_1_359' title='bbox 1921 2728 1984 2770; x_wconf 76' lang='lat' dir='ltr'><strong>eo</strong></span> <span class='ocrx_word' id='word_1_360' title='bbox 2020 2722 2225 2771; x_wconf 78' lang='lat' dir='ltr'><strong>senten-</strong></span> 
     </span>
     <span class='ocr_line' id='line_1_38' title="bbox 153 2785 2225 2854; baseline 0.002 -22"><span class='ocrx_word' id='word_1_361' title='bbox 153 2785 259 2833; x_wconf 87' lang='lat' dir='ltr'><strong>tiae</strong></span> <span class='ocrx_word' id='word_1_362' title='bbox 304 2785 434 2836; x_wconf 83' lang='lat' dir='ltr'><strong>latae</strong></span> <span class='ocrx_word' id='word_1_363' title='bbox 478 2793 611 2839; x_wconf 87' lang='lat' dir='ltr'><strong>sunt.</strong></span> <span class='ocrx_word' id='word_1_364' title='bbox 684 2787 805 2837; x_wconf 90' lang='lat' dir='ltr'><strong>Inde</strong></span> <span class='ocrx_word' id='word_1_365' title='bbox 850 2788 1007 2852; x_wconf 81' lang='lat' dir='ltr'><strong>igitur</strong></span> <span class='ocrx_word' id='word_1_366' title='bbox 1051 2788 1282 2854; x_wconf 83' lang='lat' dir='ltr'><strong>capitalis</strong></span> <span class='ocrx_word' id='word_1_367' title='bbox 1319 2789 1553 2838; x_wconf 81' lang='lat' dir='ltr'><strong>inimicus</strong></span> <span class='ocrx_word' id='word_1_368' title='bbox 1592 2788 1643 2837; x_wconf 90' lang='lat' dir='ltr'><strong>in</strong></span> <span class='ocrx_word' id='word_1_369' title='bbox 1689 2787 1757 2839; x_wconf 81' lang='lat' dir='ltr'><strong>M.</strong></span> <span class='ocrx_word' id='word_1_370' title='bbox 1795 2788 2018 2839; x_wconf 86' lang='lat' dir='ltr'><strong>Tullium</strong></span> <span class='ocrx_word' id='word_1_371' title='bbox 2054 2789 2225 2852; x_wconf 83' lang='lat' dir='ltr'><strong>coepit</strong></span> 
     </span>
     <span class='ocr_line' id='line_1_39' title="bbox 153 2851 2225 2922; baseline 0.003 -23"><span class='ocrx_word' id='word_1_372' title='bbox 153 2851 354 2912; x_wconf 83' lang='lat' dir='ltr'><strong>efferri,</strong></span> <span class='ocrx_word' id='word_1_373' title='bbox 393 2861 471 2912; x_wconf 89' lang='lat' dir='ltr'><strong>et,</strong></span> <span class='ocrx_word' id='word_1_374' title='bbox 510 2870 665 2916; x_wconf 90' lang='lat' dir='ltr'><strong>quum</strong></span> <span class='ocrx_word' id='word_1_375' title='bbox 698 2854 786 2905; x_wconf 88' lang='lat' dir='ltr'><strong>illo</strong></span> <span class='ocrx_word' id='word_1_376' title='bbox 819 2870 949 2905; x_wconf 88' lang='lat' dir='ltr'><strong>anno</strong></span> <span class='ocrx_word' id='word_1_377' title='bbox 980 2863 1231 2918; x_wconf 83' lang='lat' dir='ltr'><strong>potestate</strong></span> <span class='ocrx_word' id='word_1_378' title='bbox 1262 2858 1549 2919; x_wconf 87' lang='lat' dir='ltr'><strong>quaestoria</strong></span> <span class='ocrx_word' id='word_1_379' title='bbox 1581 2857 1905 2922; x_wconf 80' lang='lat' dir='ltr'><strong>fungeretur,</strong></span> <span class='ocrx_word' id='word_1_380' title='bbox 1959 2858 2098 2922; x_wconf 82' lang='lat' dir='ltr'><strong>apud</strong></span> <span class='ocrx_word' id='word_1_381' title='bbox 2128 2871 2225 2922; x_wconf 82' lang='lat' dir='ltr'><strong>po·</strong></span> 
     </span>
     <span class='ocr_line' id='line_1_40' title="bbox 158 2919 2221 2988; baseline 0.003 -21"><span class='ocrx_word' id='word_1_382' title='bbox 158 2919 335 2983; x_wconf 89' lang='lat' dir='ltr'><strong>pulum</strong></span> <span class='ocrx_word' id='word_1_383' title='bbox 381 2922 696 2973; x_wconf 89' lang='lat' dir='ltr'><strong>creberrimis</strong></span> <span class='ocrx_word' id='word_1_384' title='bbox 751 2939 865 2974; x_wconf 90' lang='lat' dir='ltr'><strong>eum</strong></span> <span class='ocrx_word' id='word_1_385' title='bbox 919 2925 1237 2974; x_wconf 89' lang='lat' dir='ltr'><strong>contionibus</strong></span> <span class='ocrx_word' id='word_1_386' title='bbox 1292 2924 1597 2976; x_wconf 82' lang='lat' dir='ltr'><strong>lacessebat:</strong></span> <span class='ocrx_word' id='word_1_387' title='bbox 1667 2926 1831 2976; x_wconf 87' lang='lat' dir='ltr'><strong>minas</strong></span> <span class='ocrx_word' id='word_1_388' title='bbox 1888 2920 2009 2988; x_wconf 85' lang='lat' dir='ltr'><strong>quin</strong></span> <span class='ocrx_word' id='word_1_389' title='bbox 2064 2927 2221 2974; x_wconf 90' lang='lat' dir='ltr'><strong>immo</strong></span> 
     </span>
     <span class='ocr_line' id='line_1_41' title="bbox 157 2989 2217 3057; baseline 0.005 -22"><span class='ocrx_word' id='word_1_390' title='bbox 157 2989 519 3052; x_wconf 89' lang='lat' dir='ltr'><strong>praetendens,</strong></span> <span class='ocrx_word' id='word_1_391' title='bbox 575 2991 642 3040; x_wconf 87' lang='lat' dir='ltr'><strong>ad</strong></span> <span class='ocrx_word' id='word_1_392' title='bbox 686 2991 933 3042; x_wconf 74' lang='lat' dir='ltr'><strong>familiam</strong></span> <span class='ocrx_word' id='word_1_393' title='bbox 971 3008 1027 3042; x_wconf 89' lang='lat' dir='ltr'><strong>se</strong></span> <span class='ocrx_word' id='word_1_394' title='bbox 1070 2992 1324 3057; x_wconf 85' lang='lat' dir='ltr'><strong>plebeiam</strong></span> <span class='ocrx_word' id='word_1_395' title='bbox 1370 2994 1725 3052; x_wconf 89' lang='lat' dir='ltr'><strong>transiturum,</strong></span> <span class='ocrx_word' id='word_1_396' title='bbox 1779 3001 1835 3042; x_wconf 89' lang='lat' dir='ltr'><strong>ut</strong></span> <span class='ocrx_word' id='word_1_397' title='bbox 1878 2994 2109 3044; x_wconf 85' lang='lat' dir='ltr'><strong>tribunus</strong></span> <span class='ocrx_word' id='word_1_398' title='bbox 2140 2992 2217 3057; x_wconf 89' lang='lat' dir='ltr'><strong>pl.</strong></span> 
     </span>
     <span class='ocr_line' id='line_1_42' title="bbox 156 3054 2225 3120; baseline 0.003 -18"><span class='ocrx_word' id='word_1_399' title='bbox 156 3054 324 3115; x_wconf 86' lang='lat' dir='ltr'><strong>fieret,</strong></span> <span class='ocrx_word' id='word_1_400' title='bbox 376 3056 727 3109; x_wconf 84' lang='lat' dir='ltr'><strong>denunciabat.</strong></span> <span class='ocrx_word' id='word_1_401' title='bbox 800 3060 991 3120; x_wconf 87' lang='lat' dir='ltr'><strong>Quibus</strong></span> <span class='ocrx_word' id='word_1_402' title='bbox 1045 3061 1406 3112; x_wconf 88' lang='lat' dir='ltr'><strong>minacissimis</strong></span> <span class='ocrx_word' id='word_1_403' title='bbox 1454 3062 1593 3112; x_wconf 88' lang='lat' dir='ltr'><strong>illius</strong></span> <span class='ocrx_word' id='word_1_404' title='bbox 1640 3062 1849 3113; x_wconf 87' lang='lat' dir='ltr'><strong>vocibus</strong></span> <span class='ocrx_word' id='word_1_405' title='bbox 1900 3061 2225 3113; x_wconf 84' lang='lat' dir='ltr'><strong>vehementer</strong></span> 
     </span>
    </p>
   </div>
   <div class='ocr_carea' id='block_1_3' title="bbox 150 3125 2222 3249">
    <p class='ocr_par' dir='ltr' id='par_1_3' title="bbox 150 3125 2222 3249">
     <span class='ocr_line' id='line_1_43' title="bbox 150 3125 2222 3242; baseline 0.004 -70"><span class='ocrx_word' id='word_1_406' title='bbox 150 3131 205 3172; x_wconf 85' lang='lat' dir='ltr'><strong>et</strong></span> <span class='ocrx_word' id='word_1_407' title='bbox 241 3125 482 3242; x_wconf 57' lang='lat' dir='ltr'><strong>&#39;³⁰⁶¹‘ng</strong></span> <span class='ocrx_word' id='word_1_408' title='bbox 509 3127 690 3206; x_wconf 82' lang='lat' dir='ltr'><strong>spiritu</strong></span> <span class='ocrx_word' id='word_1_409' title='bbox 722 3125 820 3178; x_wconf 83' lang='lat' dir='ltr'><strong>hac</strong></span> <span class='ocrx_word' id='word_1_410' title='bbox 852 3131 1074 3180; x_wconf 88' lang='lat' dir='ltr'><strong>oratione</strong></span> <span class='ocrx_word' id='word_1_411' title='bbox 1119 3130 1292 3181; x_wconf 88' lang='lat' dir='ltr'><strong>Cicero</strong></span> <span class='ocrx_word' id='word_1_412' title='bbox 1328 3130 1591 3197; x_wconf 84' lang='lat' dir='ltr'><strong>respondit</strong></span> <span class='ocrx_word' id='word_1_413' title='bbox 1639 3131 1883 3189; x_wconf 90' lang='lat' dir='ltr'><strong>duorum,</strong></span> <span class='ocrx_word' id='word_1_414' title='bbox 1919 3137 2022 3179; x_wconf 86' lang='lat' dir='ltr'><strong>tam</strong></span> <span class='ocrx_word' id='word_1_415' title='bbox 2054 3130 2222 3195; x_wconf 80' lang='lat' dir='ltr'><strong>ipsius</strong></span> 
     </span>
     <span class='ocr_line' id='line_1_44' title="bbox 156 3205 596 3249; baseline 0.014 -13"><span class='ocrx_word' id='word_1_416' title='bbox 156 3205 306 3249; x_wconf 84' lang='lat' dir='ltr'><strong>quam</strong></span> <span class='ocrx_word' id='word_1_417' title='bbox 385 3208 596 3243; x_wconf 76' lang='lat' dir='ltr'><strong>urioms.</strong></span> 
     </span>
    </p>
   </div>
   <div class='ocr_carea' id='block_1_4' title="bbox 149 3333 2224 3479">
    <p class='ocr_par' dir='ltr' id='par_1_4' title="bbox 149 3333 2224 3479">
     <span class='ocr_line' id='line_1_45' title="bbox 277 3333 2224 3414; baseline 0.006 -28"><span class='ocrx_word' id='word_1_418' title='bbox 277 3333 430 3414; x_wconf 38' lang='grc' dir='ltr'><strong>,[Ηοο</strong></span> <span class='ocrx_word' id='word_1_419' title='bbox 470 3343 655 3391; x_wconf 73' lang='lat' dir='ltr'><strong>veteris</strong></span> <span class='ocrx_word' id='word_1_420' title='bbox 699 3341 999 3394; x_wconf 70' lang='lat' dir='ltr'><strong>scholiastae</strong></span> <span class='ocrx_word' id='word_1_421' title='bbox 1046 3346 1376 3411; x_wconf 67' lang='lat' dir='ltr'><strong>argumentum</strong></span> <span class='ocrx_word' id='word_1_422' title='bbox 1430 3355 1479 3397; x_wconf 76' lang='lat' dir='ltr'><strong>et</strong></span> <span class='ocrx_word' id='word_1_423' title='bbox 1524 3358 1651 3413; x_wconf 79' lang='lat' dir='ltr'><strong>quae</strong></span> <span class='ocrx_word' id='word_1_424' title='bbox 1680 3347 1791 3398; x_wconf 71' lang='lat' dir='ltr'><strong>huic</strong></span> <span class='ocrx_word' id='word_1_425' title='bbox 1828 3343 2051 3398; x_wconf 69' lang='lat' dir='ltr'><strong>subiecta</strong></span> <span class='ocrx_word' id='word_1_426' title='bbox 2102 3356 2224 3397; x_wconf 75' lang='lat' dir='ltr'><strong>sunt</strong></span> 
     </span>
     <span class='ocr_line' id='line_1_46' title="bbox 149 3405 2216 3479; baseline -0.001 -11"><span class='ocrx_word' id='word_1_427' title='bbox 149 3405 394 3452; x_wconf 36' lang='lat' dir='ltr'><strong><em>mamm?</em></strong></span> <span class='ocrx_word' id='word_1_428' title='bbox 424 3407 737 3472; x_wconf 58' lang='lat' dir='ltr'><strong>staffst‘ntn,</strong></span> <span class='ocrx_word' id='word_1_429' title='bbox 789 3413 1005 3473; x_wconf 71' lang='lat' dir='ltr'><strong>praeter</strong></span> <span class='ocrx_word' id='word_1_430' title='bbox 1046 3413 1283 3479; x_wconf 59' lang='grc' dir='ltr'><em>Μάιον</em></span> <span class='ocrx_word' id='word_1_431' title='bbox 1323 3431 1351 3465; x_wconf 90' lang='lat' dir='ltr'><strong>e</strong></span> <span class='ocrx_word' id='word_1_432' title='bbox 1404 3414 1730 3476; x_wconf 71' lang='lat' dir='ltr'><strong>cht‘n&#39;ctile’ano</strong></span> <span class='ocrx_word' id='word_1_433' title='bbox 1745 3452 1759 3478; x_wconf 88' lang='lat'><strong>,</strong></span> <span class='ocrx_word' id='word_1_434' title='bbox 1821 3417 1919 3466; x_wconf 80' lang='lat' dir='ltr'><strong>duo</strong></span> <span class='ocrx_word' id='word_1_435' title='bbox 1964 3433 1992 3467; x_wconf 86' lang='lat' dir='ltr'><strong>e</strong></span> <span class='ocrx_word' id='word_1_436' title='bbox 2036 3410 2216 3479; x_wconf 65' lang='lat' dir='ltr'><strong>Nouia,</strong></span> 
     </span>
    </p>
   </div>
   <div class='ocr_carea' id='block_1_5' title="bbox 58 3608 219 3628">
    <p class='ocr_par' dir='ltr' id='par_1_5' title="bbox 58 3608 219 3628">
     <span class='ocr_line' id='line_1_47' title="bbox 58 3608 219 3628; baseline 0.006 -1"><span class='ocrx_word' id='word_1_437' title='bbox 58 3622 63 3627; x_wconf 90' lang='lat'><strong>.</strong></span> <span class='ocrx_word' id='word_1_438' title='bbox 151 3608 219 3628; x_wconf 57' lang='lat'><strong>.-</strong></span> 
     </span>
    </p>
   </div>
  </div>
 </body>
</html>
