<?xml version="1.0" encoding="UTF-8"?>
<!DOCTYPE html PUBLIC "-//W3C//DTD XHTML 1.0 Transitional//EN"
    "http://www.w3.org/TR/xhtml1/DTD/xhtml1-transitional.dtd">
<html xmlns="http://www.w3.org/1999/xhtml" xml:lang="en" lang="en">
 <head>
  <title>
</title>
<meta http-equiv="Content-Type" content="text/html;charset=utf-8" />
  <meta name='ocr-system' content='tesseract 3.04.00' />
  <meta name='ocr-capabilities' content='ocr_page ocr_carea ocr_par ocr_line ocrx_word'/>
</head>
<body>
  <div class='ocr_page' id='page_1' title='image "./scriptaquaemans01wesegoog_0058.png"; bbox 0 0 2381 3723; ppageno 0'>
   <div class='ocr_carea' id='block_1_1' title="bbox 129 96 1395 191">
    <p class='ocr_par' dir='ltr' id='par_1_1' title="bbox 129 96 1395 191">
     <span class='ocr_line' id='line_1_1' title="bbox 129 96 1395 191; baseline -0.009 -11"><span class='ocrx_word' id='word_1_1' title='bbox 129 118 214 180; x_wconf 75' lang='lat'><strong>³6</strong></span> <span class='ocrx_word' id='word_1_2' title='bbox 526 172 537 191; x_wconf 67' lang='grc'><strong>,,</strong></span> <span class='ocrx_word' id='word_1_3' title='bbox 943 113 1043 172; x_wconf 79' lang='lat' dir='ltr'><strong>DE</strong></span> <span class='ocrx_word' id='word_1_4' title='bbox 1077 96 1395 172; x_wconf 74' lang='lat' dir='ltr'><strong>Ochns&#39;</strong></span> 
     </span>
    </p>
   </div>
   <div class='ocr_carea' id='block_1_2' title="bbox 133 260 2232 3437">
    <p class='ocr_par' dir='ltr' id='par_1_2' title="bbox 133 260 2232 3437">
     <span class='ocr_line' id='line_1_2' title="bbox 134 260 2210 337; baseline -0.004 -7"><span class='ocrx_word' id='word_1_5' title='bbox 134 274 361 332; x_wconf 85' lang='lat' dir='ltr'><strong>nostro·</strong></span> <span class='ocrx_word' id='word_1_6' title='bbox 400 265 965 327; x_wconf 82' lang='lat' dir='ltr'><strong>accommodamus.</strong></span> <span class='ocrx_word' id='word_1_7' title='bbox 1051 265 1203 323; x_wconf 85' lang='lat' dir='ltr'><strong>Nam</strong></span> <span class='ocrx_word' id='word_1_8' title='bbox 1236 279 1445 337; x_wconf 86' lang='lat' dir='ltr'><strong>regna,</strong></span> <span class='ocrx_word' id='word_1_9' title='bbox 1499 260 1786 336; x_wconf 85' lang='lat' dir='ltr'><strong>imperia,</strong></span> <span class='ocrx_word' id='word_1_10' title='bbox 1837 260 2210 333; x_wconf 78' lang='lat' dir='ltr'><strong>nobilitates,</strong></span> 
     </span>
     <span class='ocr_line' id='line_1_3' title="bbox 133 343 2212 424; baseline -0.003 -11"><span class='ocrx_word' id='word_1_11' title='bbox 133 355 432 421; x_wconf 88' lang='lat' dir='ltr'><strong>honores,</strong></span> <span class='ocrx_word' id='word_1_12' title='bbox 486 347 764 422; x_wconf 88' lang='lat' dir='ltr'><strong>divitiae,</strong></span> <span class='ocrx_word' id='word_1_13' title='bbox 806 365 960 424; x_wconf 90' lang='lat' dir='ltr'><strong>opes</strong></span> <span class='ocrx_word' id='word_1_14' title='bbox 989 362 1219 422; x_wconf 85' lang='lat' dir='ltr'><strong>eaque,</strong></span> <span class='ocrx_word' id='word_1_15' title='bbox 1263 361 1424 421; x_wconf 87' lang='lat' dir='ltr'><strong>quae</strong></span> <span class='ocrx_word' id='word_1_16' title='bbox 1454 351 1600 406; x_wconf 88' lang='lat' dir='ltr'><strong>suut</strong></span> <span class='ocrx_word' id='word_1_17' title='bbox 1628 343 1723 405; x_wconf 90' lang='lat' dir='ltr'><strong>his</strong></span> <span class='ocrx_word' id='word_1_18' title='bbox 1762 345 2101 416; x_wconf 83' lang='lat' dir='ltr'><strong>contraria,</strong></span> <span class='ocrx_word' id='word_1_19' title='bbox 2150 345 2212 406; x_wconf 88' lang='lat' dir='ltr'><strong>in</strong></span> 
     </span>
     <span class='ocr_line' id='line_1_4' title="bbox 135 426 2213 509; baseline -0.004 -13"><span class='ocrx_word' id='word_1_20' title='bbox 135 453 286 498; x_wconf 86' lang='lat' dir='ltr'><strong>casu</strong></span> <span class='ocrx_word' id='word_1_21' title='bbox 315 433 431 495; x_wconf 88' lang='lat' dir='ltr'><strong>sita</strong></span> <span class='ocrx_word' id='word_1_22' title='bbox 462 431 846 509; x_wconf 77' lang='lat' dir='ltr'><strong>temporibus</strong></span> <span class='ocrx_word' id='word_1_23' title='bbox 875 431 1311 508; x_wconf 75' lang='lat' dir='ltr'><strong>gubernantur.</strong></span> <span class='ocrx_word' id='word_1_24' title='bbox 1386 426 1511 503; x_wconf 88' lang='lat' dir='ltr'><strong>Ipsi</strong></span> <span class='ocrx_word' id='word_1_25' title='bbox 1540 434 1742 488; x_wconf 83' lang='lat' dir='ltr'><strong>autem</strong></span> <span class='ocrx_word' id='word_1_26' title='bbox 1769 444 1987 503; x_wconf 78' lang='lat' dir='ltr'>gerere</span> <span class='ocrx_word' id='word_1_27' title='bbox 2023 444 2213 504; x_wconf 86' lang='lat' dir='ltr'><strong>quam</strong></span> 
     </span>
     <span class='ocr_line' id='line_1_5' title="bbox 138 511 2215 596; baseline -0.004 -16"><span class='ocrx_word' id='word_1_28' title='bbox 138 534 464 596; x_wconf 79' lang='lat' dir='ltr'><strong>personam</strong></span> <span class='ocrx_word' id='word_1_29' title='bbox 499 515 759 577; x_wconf 87' lang='lat' dir='ltr'><strong>velimus</strong></span> <span class='ocrx_word' id='word_1_30' title='bbox 800 531 836 575; x_wconf 91' lang='lat' dir='ltr'><strong>a</strong></span> <span class='ocrx_word' id='word_1_31' title='bbox 877 523 1095 575; x_wconf 82' lang='lat' dir='ltr'><strong>nostra</strong></span> <span class='ocrx_word' id='word_1_32' title='bbox 1136 516 1451 574; x_wconf 87' lang='lat' dir='ltr'><strong>voluntate</strong></span> <span class='ocrx_word' id='word_1_33' title='bbox 1488 511 1921 588; x_wconf 77' lang='lat' dir='ltr'><strong>proficiscitur.</strong></span> <span class='ocrx_word' id='word_1_34' title='bbox 1992 513 2215 586; x_wconf 88' lang='lat' dir='ltr'><strong>Itaque</strong></span> 
     </span>
     <span class='ocr_line' id='line_1_6' title="bbox 136 594 2215 675; baseline -0.005 -10"><span class='ocrx_word' id='word_1_35' title='bbox 136 620 208 665; x_wconf 84' lang='lat' dir='ltr'><strong>se</strong></span> <span class='ocrx_word' id='word_1_36' title='bbox 237 600 335 662; x_wconf 82' lang='lat' dir='ltr'><strong>alii</strong></span> <span class='ocrx_word' id='word_1_37' title='bbox 367 601 447 661; x_wconf 88' lang='lat' dir='ltr'><strong>ad</strong></span> <span class='ocrx_word' id='word_1_38' title='bbox 491 597 976 675; x_wconf 75' lang='lat' dir='ltr'><strong>philosophiam,</strong></span> <span class='ocrx_word' id='word_1_39' title='bbox 1030 595 1133 658; x_wconf 89' lang='lat' dir='ltr'><strong>alii</strong></span> <span class='ocrx_word' id='word_1_40' title='bbox 1163 597 1246 657; x_wconf 90' lang='lat' dir='ltr'><strong>ad</strong></span> <span class='ocrx_word' id='word_1_41' title='bbox 1274 596 1371 658; x_wconf 87' lang='lat' dir='ltr'><strong>ius</strong></span> <span class='ocrx_word' id='word_1_42' title='bbox 1414 594 1619 669; x_wconf 89' lang='lat' dir='ltr'><strong>civile,</strong></span> <span class='ocrx_word' id='word_1_43' title='bbox 1670 594 1770 656; x_wconf 84' lang='lat' dir='ltr'><strong>alii</strong></span> <span class='ocrx_word' id='word_1_44' title='bbox 1801 595 1882 654; x_wconf 91' lang='lat' dir='ltr'><strong>ad</strong></span> <span class='ocrx_word' id='word_1_45' title='bbox 1916 596 2215 670; x_wconf 87' lang='lat' dir='ltr'><strong>eloquen-</strong></span> 
     </span>
     <span class='ocr_line' id='line_1_7' title="bbox 137 677 2217 760; baseline -0.004 -14"><span class='ocrx_word' id='word_1_46' title='bbox 137 687 282 746; x_wconf 85' lang='lat' dir='ltr'><strong>tiam</strong></span> <span class='ocrx_word' id='word_1_47' title='bbox 329 684 668 760; x_wconf 83' lang='lat' dir='ltr'><strong>applicant,</strong></span> <span class='ocrx_word' id='word_1_48' title='bbox 721 682 1124 758; x_wconf 84' lang='lat' dir='ltr'><strong>ipsarumque</strong></span> <span class='ocrx_word' id='word_1_49' title='bbox 1163 679 1452 741; x_wconf 83' lang='lat' dir='ltr'><strong>virtutum</strong></span> <span class='ocrx_word' id='word_1_50' title='bbox 1506 679 1568 739; x_wconf 90' lang='lat' dir='ltr'><strong>in</strong></span> <span class='ocrx_word' id='word_1_51' title='bbox 1608 678 1726 739; x_wconf 90' lang='lat' dir='ltr'><strong>alia</strong></span> <span class='ocrx_word' id='word_1_52' title='bbox 1773 677 1928 740; x_wconf 87' lang='lat' dir='ltr'><strong>alius</strong></span> <span class='ocrx_word' id='word_1_53' title='bbox 1980 681 2217 740; x_wconf 87' lang='lat' dir='ltr'><strong>mavult</strong></span> 
     </span>
     <span class='ocr_line' id='line_1_8' title="bbox 138 760 2218 841; baseline -0.004 -11"><span class='ocrx_word' id='word_1_54' title='bbox 138 768 461 830; x_wconf 81' lang='lat' dir='ltr'><strong>excellere.</strong></span> <span class='ocrx_word' id='word_1_55' title='bbox 553 766 690 828; x_wconf 89' lang='grc'><strong>116.</strong></span> <span class='ocrx_word' id='word_1_56' title='bbox 736 766 1006 841; x_wconf 77' lang='lat' dir='ltr'><strong>Quorum</strong></span> <span class='ocrx_word' id='word_1_57' title='bbox 1069 780 1219 825; x_wconf 89' lang='lat' dir='ltr'><strong>vero</strong></span> <span class='ocrx_word' id='word_1_58' title='bbox 1277 770 1483 839; x_wconf 86' lang='lat' dir='ltr'><strong>patres</strong></span> <span class='ocrx_word' id='word_1_59' title='bbox 1535 768 1641 824; x_wconf 87' lang='lat' dir='ltr'><strong>aut</strong></span> <span class='ocrx_word' id='word_1_60' title='bbox 1690 760 1956 824; x_wconf 88' lang='lat' dir='ltr'><strong>maiores</strong></span> <span class='ocrx_word' id='word_1_61' title='bbox 2007 762 2218 838; x_wconf 87' lang='lat' dir='ltr'><strong>aliqua</strong></span> 
     </span>
     <span class='ocr_line' id='line_1_9' title="bbox 137 845 2218 929; baseline -0.002 -17"><span class='ocrx_word' id='word_1_62' title='bbox 137 851 332 929; x_wconf 80' lang='lat' dir='ltr'><strong>gloria</strong></span> <span class='ocrx_word' id='word_1_63' title='bbox 362 849 825 926; x_wconf 83' lang='lat' dir='ltr'><strong>praestiterunt,</strong></span> <span class='ocrx_word' id='word_1_64' title='bbox 871 849 911 910; x_wconf 90' lang='lat' dir='ltr'><strong>ii</strong></span> <span class='ocrx_word' id='word_1_65' title='bbox 951 849 1204 910; x_wconf 85' lang='lat' dir='ltr'><strong>student</strong></span> <span class='ocrx_word' id='word_1_66' title='bbox 1229 849 1593 922; x_wconf 84' lang='lat' dir='ltr'><strong>plerumque</strong></span> <span class='ocrx_word' id='word_1_67' title='bbox 1636 845 1859 907; x_wconf 91' lang='lat' dir='ltr'><strong>eodem</strong></span> <span class='ocrx_word' id='word_1_68' title='bbox 1888 845 1949 906; x_wconf 91' lang='lat' dir='ltr'><strong>in</strong></span> <span class='ocrx_word' id='word_1_69' title='bbox 1983 863 2218 923; x_wconf 82' lang='lat' dir='ltr'><strong>genere</strong></span> 
     </span>
     <span class='ocr_line' id='line_1_10' title="bbox 138 927 2220 1008; baseline -0.003 -12"><span class='ocrx_word' id='word_1_70' title='bbox 138 934 341 998; x_wconf 82' lang='lat' dir='ltr'><strong>laudis</strong></span> <span class='ocrx_word' id='word_1_71' title='bbox 389 935 721 1008; x_wconf 84' lang='lat' dir='ltr'><strong>excellere,</strong></span> <span class='ocrx_word' id='word_1_72' title='bbox 779 940 849 996; x_wconf 87' lang='lat' dir='ltr'><strong>ut</strong></span> <span class='ocrx_word' id='word_1_73' title='bbox 893 934 961 1008; x_wconf 79' lang='lat' dir='ltr'><strong>Q.</strong></span> <span class='ocrx_word' id='word_1_74' title='bbox 1000 932 1237 993; x_wconf 86' lang='lat' dir='ltr'><strong>Mucius</strong></span> <span class='ocrx_word' id='word_1_75' title='bbox 1282 931 1349 991; x_wconf 92' lang='lat' dir='ltr'><strong>P.</strong></span> <span class='ocrx_word' id='word_1_76' title='bbox 1393 931 1459 990; x_wconf 89' lang='lat' dir='ltr'><strong>F.</strong></span> <span class='ocrx_word' id='word_1_77' title='bbox 1501 927 1563 989; x_wconf 91' lang='lat' dir='ltr'><strong>in</strong></span> <span class='ocrx_word' id='word_1_78' title='bbox 1604 928 1738 991; x_wconf 88' lang='lat' dir='ltr'><strong>iure</strong></span> <span class='ocrx_word' id='word_1_79' title='bbox 1781 929 1971 1003; x_wconf 89' lang='lat' dir='ltr'><strong>civili,</strong></span> <span class='ocrx_word' id='word_1_80' title='bbox 2023 929 2220 991; x_wconf 82' lang='lat' dir='ltr'><strong>Paulli</strong></span> 
     </span>
     <span class='ocr_line' id='line_1_11' title="bbox 139 1015 2216 1091; baseline -0.003 -11"><span class='ocrx_word' id='word_1_81' title='bbox 139 1020 301 1082; x_wconf 84' lang='lat' dir='ltr'><strong>filius</strong></span> <span class='ocrx_word' id='word_1_82' title='bbox 332 1018 663 1079; x_wconf 77' lang='lat' dir='ltr'><strong>Africanus</strong></span> <span class='ocrx_word' id='word_1_83' title='bbox 688 1017 749 1079; x_wconf 89' lang='lat' dir='ltr'><strong>in</strong></span> <span class='ocrx_word' id='word_1_84' title='bbox 785 1034 853 1078; x_wconf 89' lang='lat' dir='ltr'><strong>re</strong></span> <span class='ocrx_word' id='word_1_85' title='bbox 883 1015 1138 1078; x_wconf 88' lang='lat' dir='ltr'><strong>militari.</strong></span> <span class='ocrx_word' id='word_1_86' title='bbox 1209 1015 1466 1091; x_wconf 82' lang='lat' dir='ltr'><strong>Quidam</strong></span> <span class='ocrx_word' id='word_1_87' title='bbox 1490 1020 1691 1074; x_wconf 87' lang='lat' dir='ltr'><strong>autem</strong></span> <span class='ocrx_word' id='word_1_88' title='bbox 1726 1015 1803 1074; x_wconf 91' lang='lat' dir='ltr'><strong>ad</strong></span> <span class='ocrx_word' id='word_1_89' title='bbox 1835 1031 1944 1076; x_wconf 90' lang='lat' dir='ltr'><strong>eas</strong></span> <span class='ocrx_word' id='word_1_90' title='bbox 1975 1016 2216 1081; x_wconf 81' lang='lat' dir='ltr'><strong>laudes.</strong></span> 
     </span>
     <span class='ocr_line' id='line_1_12' title="bbox 142 1097 2221 1180; baseline -0.003 -15"><span class='ocrx_word' id='word_1_91' title='bbox 142 1119 296 1180; x_wconf 85' lang='lat' dir='ltr'><strong>quas</strong></span> <span class='ocrx_word' id='word_1_92' title='bbox 332 1119 372 1163; x_wconf 85' lang='lat' dir='ltr'><strong>a</strong></span> <span class='ocrx_word' id='word_1_93' title='bbox 411 1101 687 1178; x_wconf 89' lang='lat' dir='ltr'><strong>patribus</strong></span> <span class='ocrx_word' id='word_1_94' title='bbox 728 1108 1126 1178; x_wconf 84' lang='lat' dir='ltr'><strong>acceperunt,</strong></span> <span class='ocrx_word' id='word_1_95' title='bbox 1179 1099 1415 1160; x_wconf 87' lang='lat' dir='ltr'><strong>addunt</strong></span> <span class='ocrx_word' id='word_1_96' title='bbox 1454 1097 1719 1173; x_wconf 82' lang='lat' dir='ltr'><strong>aliquam</strong></span> <span class='ocrx_word' id='word_1_97' title='bbox 1759 1115 1965 1174; x_wconf 88' lang='lat' dir='ltr'><strong>suam,</strong></span> <span class='ocrx_word' id='word_1_98' title='bbox 2024 1106 2091 1159; x_wconf 89' lang='lat' dir='ltr'><strong>ut</strong></span> <span class='ocrx_word' id='word_1_99' title='bbox 2121 1098 2221 1158; x_wconf 88' lang='lat' dir='ltr'><strong>hic</strong></span> 
     </span>
     <span class='ocr_line' id='line_1_13' title="bbox 143 1180 2220 1263; baseline -0.003 -16"><span class='ocrx_word' id='word_1_100' title='bbox 143 1187 305 1249; x_wconf 86' lang='lat' dir='ltr'><strong>idem</strong></span> <span class='ocrx_word' id='word_1_101' title='bbox 332 1185 661 1248; x_wconf 72' lang='lat' dir='ltr'><strong>Africanus</strong></span> <span class='ocrx_word' id='word_1_102' title='bbox 691 1184 1043 1263; x_wconf 81' lang='lat' dir='ltr'><strong>eloquentia</strong></span> <span class='ocrx_word' id='word_1_103' title='bbox 1074 1181 1409 1246; x_wconf 82' lang='lat' dir='ltr'><strong>cumulavit</strong></span> <span class='ocrx_word' id='word_1_104' title='bbox 1433 1180 1716 1244; x_wconf 91' lang='lat' dir='ltr'><strong>bellicam</strong></span> <span class='ocrx_word' id='word_1_105' title='bbox 1738 1181 2011 1258; x_wconf 83' lang='lat' dir='ltr'><strong>gloriam,</strong></span> <span class='ocrx_word' id='word_1_106' title='bbox 2048 1183 2220 1259; x_wconf 92' lang='lat' dir='ltr'><strong>quod</strong></span> 
     </span>
     <span class='ocr_line' id='line_1_14' title="bbox 143 1264 2221 1342; baseline -0.003 -11"><span class='ocrx_word' id='word_1_107' title='bbox 143 1271 304 1333; x_wconf 88' lang='lat' dir='ltr'><strong>idem</strong></span> <span class='ocrx_word' id='word_1_108' title='bbox 349 1270 491 1332; x_wconf 78' lang='lat' dir='ltr'><strong>fecit</strong></span> <span class='ocrx_word' id='word_1_109' title='bbox 518 1270 872 1331; x_wconf 84' lang='lat' dir='ltr'><strong>Timotheus</strong></span> <span class='ocrx_word' id='word_1_110' title='bbox 914 1267 1184 1331; x_wconf 79' lang='lat' dir='ltr'><strong>Cononis</strong></span> <span class='ocrx_word' id='word_1_111' title='bbox 1219 1266 1411 1341; x_wconf 61' lang='lat' dir='ltr'><strong>filim,</strong></span> <span class='ocrx_word' id='word_1_112' title='bbox 1469 1264 1575 1341; x_wconf 91' lang='lat' dir='ltr'><strong>qui</strong></span> <span class='ocrx_word' id='word_1_113' title='bbox 1606 1283 1794 1342; x_wconf 90' lang='lat' dir='ltr'><strong>quum</strong></span> <span class='ocrx_word' id='word_1_114' title='bbox 1835 1265 1979 1327; x_wconf 89' lang='lat' dir='ltr'><strong>belli</strong></span> <span class='ocrx_word' id='word_1_115' title='bbox 2035 1266 2221 1327; x_wconf 89' lang='lat' dir='ltr'><strong>laude</strong></span> 
     </span>
     <span class='ocr_line' id='line_1_15' title="bbox 143 1348 2224 1429; baseline -0.004 -13"><span class='ocrx_word' id='word_1_116' title='bbox 143 1372 266 1417; x_wconf 90' lang='lat' dir='ltr'><strong>non</strong></span> <span class='ocrx_word' id='word_1_117' title='bbox 297 1354 551 1415; x_wconf 75' lang='lat' dir='ltr'><strong>inferior</strong></span> <span class='ocrx_word' id='word_1_118' title='bbox 580 1352 800 1414; x_wconf 80' lang='lat' dir='ltr'><strong>fuisset</strong></span> <span class='ocrx_word' id='word_1_119' title='bbox 827 1370 1005 1429; x_wconf 82' lang='lat' dir='ltr'><strong>quarn</strong></span> <span class='ocrx_word' id='word_1_120' title='bbox 1036 1359 1232 1428; x_wconf 85' lang='lat' dir='ltr'><strong>pater,</strong></span> <span class='ocrx_word' id='word_1_121' title='bbox 1264 1351 1344 1411; x_wconf 89' lang='lat' dir='ltr'><strong>ad</strong></span> <span class='ocrx_word' id='word_1_122' title='bbox 1372 1367 1509 1412; x_wconf 90' lang='lat' dir='ltr'><strong>eam</strong></span> <span class='ocrx_word' id='word_1_123' title='bbox 1539 1351 1781 1411; x_wconf 87' lang='lat' dir='ltr'><strong>laudem</strong></span> <span class='ocrx_word' id='word_1_124' title='bbox 1811 1348 2133 1411; x_wconf 87' lang='lat' dir='ltr'><strong>doctrinae</strong></span> <span class='ocrx_word' id='word_1_125' title='bbox 2163 1356 2224 1409; x_wconf 91' lang='lat' dir='ltr'><strong>et</strong></span> 
     </span>
     <span class='ocr_line' id='line_1_16' title="bbox 145 1433 2226 1514; baseline -0.003 -16"><span class='ocrx_word' id='word_1_126' title='bbox 145 1437 370 1514; x_wconf 72' lang='lat' dir='ltr'><strong>ingenii</strong></span> <span class='ocrx_word' id='word_1_127' title='bbox 417 1436 673 1513; x_wconf 82' lang='lat' dir='ltr'><strong>gloriam</strong></span> <span class='ocrx_word' id='word_1_128' title='bbox 723 1435 969 1497; x_wconf 82' lang='lat' dir='ltr'><strong>adiecit.</strong></span> <span class='ocrx_word' id='word_1_129' title='bbox 1040 1436 1136 1497; x_wconf 87' lang='lat' dir='ltr'><strong>Fit</strong></span> <span class='ocrx_word' id='word_1_130' title='bbox 1182 1444 1385 1497; x_wconf 88' lang='lat' dir='ltr'><strong>autem</strong></span> <span class='ocrx_word' id='word_1_131' title='bbox 1438 1434 1744 1495; x_wconf 90' lang='lat' dir='ltr'><strong>interdum</strong></span> <span class='ocrx_word' id='word_1_132' title='bbox 1786 1440 1857 1495; x_wconf 90' lang='lat' dir='ltr'><strong>ut</strong></span> <span class='ocrx_word' id='word_1_133' title='bbox 1903 1451 2027 1495; x_wconf 87' lang='lat' dir='ltr'><strong>non</strong></span> <span class='ocrx_word' id='word_1_134' title='bbox 2075 1433 2226 1495; x_wconf 90' lang='lat' dir='ltr'><strong>nulli</strong></span> 
     </span>
     <span class='ocr_line' id='line_1_17' title="bbox 146 1516 2232 1596; baseline -0.002 -15"><span class='ocrx_word' id='word_1_135' title='bbox 146 1521 375 1583; x_wconf 89' lang='lat' dir='ltr'><strong>omissa</strong></span> <span class='ocrx_word' id='word_1_136' title='bbox 400 1519 734 1580; x_wconf 87' lang='lat' dir='ltr'><strong>imitatione</strong></span> <span class='ocrx_word' id='word_1_137' title='bbox 759 1520 1055 1582; x_wconf 78' lang='lat' dir='ltr'><strong>maiorum</strong></span> <span class='ocrx_word' id='word_1_138' title='bbox 1081 1537 1262 1581; x_wconf 87' lang='lat' dir='ltr'><strong>suum</strong></span> <span class='ocrx_word' id='word_1_139' title='bbox 1296 1519 1606 1596; x_wconf 85' lang='lat' dir='ltr'><strong>quoddam</strong></span> <span class='ocrx_word' id='word_1_140' title='bbox 1639 1516 1980 1580; x_wconf 89' lang='lat' dir='ltr'><strong>institutum</strong></span> <span class='ocrx_word' id='word_1_141' title='bbox 2004 1533 2232 1579; x_wconf 51' lang='lat' dir='ltr'><strong>conse-¹</strong></span> 
     </span>
     <span class='ocr_line' id='line_1_18' title="bbox 148 1600 2223 1681; baseline -0.002 -16"><span class='ocrx_word' id='word_1_142' title='bbox 148 1612 429 1680; x_wconf 87' lang='lat' dir='ltr'><strong>quantur,</strong></span> <span class='ocrx_word' id='word_1_143' title='bbox 479 1602 739 1664; x_wconf 84' lang='lat' dir='ltr'><strong>maxime</strong></span> <span class='ocrx_word' id='word_1_144' title='bbox 781 1603 841 1664; x_wconf 90' lang='lat' dir='ltr'><strong>in</strong></span> <span class='ocrx_word' id='word_1_145' title='bbox 886 1621 961 1664; x_wconf 92' lang='lat' dir='ltr'><strong>eo</strong></span> <span class='ocrx_word' id='word_1_146' title='bbox 996 1607 1363 1681; x_wconf 86' lang='lat' dir='ltr'><strong>plerumque</strong></span> <span class='ocrx_word' id='word_1_147' title='bbox 1393 1601 1807 1675; x_wconf 63' lang='lat' dir='ltr'><strong>elaborantii,</strong></span> <span class='ocrx_word' id='word_1_148' title='bbox 1858 1600 1963 1677; x_wconf 91' lang='lat' dir='ltr'><strong>qui</strong></span> <span class='ocrx_word' id='word_1_149' title='bbox 2002 1616 2223 1676; x_wconf 86' lang='lat' dir='ltr'><strong>magna</strong></span> 
     </span>
     <span class='ocr_line' id='line_1_19' title="bbox 147 1684 2227 1765; baseline -0.002 -17"><span class='ocrx_word' id='word_1_150' title='bbox 147 1687 261 1748; x_wconf 88' lang='lat' dir='ltr'><strong>sibi</strong></span> <span class='ocrx_word' id='word_1_151' title='bbox 299 1694 657 1765; x_wconf 84' lang='lat' dir='ltr'><strong>proponunt</strong></span> <span class='ocrx_word' id='word_1_152' title='bbox 695 1687 978 1749; x_wconf 80' lang='lat' dir='ltr'><strong>obscuris</strong></span> <span class='ocrx_word' id='word_1_153' title='bbox 1023 1687 1138 1749; x_wconf 90' lang='lat' dir='ltr'><strong>orti</strong></span> <span class='ocrx_word' id='word_1_154' title='bbox 1179 1686 1536 1748; x_wconf 88' lang='lat' dir='ltr'><strong>maioribus.</strong></span> <span class='ocrx_word' id='word_1_155' title='bbox 1629 1686 1770 1746; x_wconf 88' lang='lat'><strong>117.</strong></span> <span class='ocrx_word' id='word_1_156' title='bbox 1828 1685 1997 1746; x_wconf 85' lang='lat' dir='ltr'><strong>Haec</strong></span> <span class='ocrx_word' id='word_1_157' title='bbox 2040 1684 2227 1760; x_wconf 75' lang='lat' dir='ltr'><strong>igitur</strong></span> 
     </span>
     <span class='ocr_line' id='line_1_20' title="bbox 149 1767 2229 1847; baseline -0.002 -15"><span class='ocrx_word' id='word_1_158' title='bbox 149 1771 379 1846; x_wconf 86' lang='lat' dir='ltr'><strong>omnia,</strong></span> <span class='ocrx_word' id='word_1_159' title='bbox 433 1788 619 1846; x_wconf 90' lang='lat' dir='ltr'><strong>quum</strong></span> <span class='ocrx_word' id='word_1_160' title='bbox 665 1769 1016 1847; x_wconf 83' lang='lat' dir='ltr'><strong>quaerimus</strong></span> <span class='ocrx_word' id='word_1_161' title='bbox 1060 1772 1208 1847; x_wconf 91' lang='lat' dir='ltr'><strong>quid</strong></span> <span class='ocrx_word' id='word_1_162' title='bbox 1255 1771 1501 1843; x_wconf 85' lang='lat' dir='ltr'><strong>deceat,</strong></span> <span class='ocrx_word' id='word_1_163' title='bbox 1558 1767 1887 1845; x_wconf 85' lang='lat' dir='ltr'><strong>complecti</strong></span> <span class='ocrx_word' id='word_1_164' title='bbox 1925 1767 2129 1830; x_wconf 90' lang='lat' dir='ltr'><strong>animo</strong></span> <span class='ocrx_word' id='word_1_165' title='bbox 2163 1775 2229 1827; x_wconf 87' lang='lat' dir='ltr'><strong>et</strong></span> 
     </span>
     <span class='ocr_line' id='line_1_21' title="bbox 148 1852 2229 1933; baseline -0.003 -15"><span class='ocrx_word' id='word_1_166' title='bbox 148 1853 520 1933; x_wconf 86' lang='lat' dir='ltr'><strong>cogitatione</strong></span> <span class='ocrx_word' id='word_1_167' title='bbox 570 1855 885 1917; x_wconf 81' lang='lat' dir='ltr'><strong>debemuS.</strong></span> <span class='ocrx_word' id='word_1_168' title='bbox 962 1858 1028 1916; x_wconf 92' lang='lat' dir='ltr'><strong>In</strong></span> <span class='ocrx_word' id='word_1_169' title='bbox 1069 1853 1282 1931; x_wconf 88' lang='lat' dir='ltr'><strong>primis</strong></span> <span class='ocrx_word' id='word_1_170' title='bbox 1332 1861 1536 1916; x_wconf 88' lang='lat' dir='ltr'><strong>autem</strong></span> <span class='ocrx_word' id='word_1_171' title='bbox 1586 1852 2084 1916; x_wconf 88' lang='lat' dir='ltr'><strong>constituendum</strong></span> <span class='ocrx_word' id='word_1_172' title='bbox 2128 1857 2229 1913; x_wconf 91' lang='lat' dir='ltr'><strong>est</strong></span> 
     </span>
     <span class='ocr_line' id='line_1_22' title="bbox 152 1935 2225 2017; baseline -0.002 -15"><span class='ocrx_word' id='word_1_173' title='bbox 152 1958 307 2016; x_wconf 89' lang='lat' dir='ltr'><strong>quos</strong></span> <span class='ocrx_word' id='word_1_174' title='bbox 360 1958 478 2003; x_wconf 90' lang='lat' dir='ltr'><strong>nos</strong></span> <span class='ocrx_word' id='word_1_175' title='bbox 526 1947 588 2001; x_wconf 91' lang='lat' dir='ltr'><strong>et</strong></span> <span class='ocrx_word' id='word_1_176' title='bbox 635 1942 850 2017; x_wconf 85' lang='lat' dir='ltr'><strong>quales</strong></span> <span class='ocrx_word' id='word_1_177' title='bbox 894 1956 1040 2001; x_wconf 90' lang='lat' dir='ltr'><strong>esse</strong></span> <span class='ocrx_word' id='word_1_178' title='bbox 1066 1938 1328 2000; x_wconf 90' lang='lat' dir='ltr'><strong>velimus</strong></span> <span class='ocrx_word' id='word_1_179' title='bbox 1378 1946 1440 1999; x_wconf 89' lang='lat' dir='ltr'><strong>et</strong></span> <span class='ocrx_word' id='word_1_180' title='bbox 1483 1937 1544 1999; x_wconf 92' lang='lat' dir='ltr'><strong>in</strong></span> <span class='ocrx_word' id='word_1_181' title='bbox 1599 1956 1722 2014; x_wconf 90' lang='lat' dir='ltr'><strong>quo</strong></span> <span class='ocrx_word' id='word_1_182' title='bbox 1766 1954 1996 2013; x_wconf 87' lang='lat' dir='ltr'><strong>genere</strong></span> <span class='ocrx_word' id='word_1_183' title='bbox 2039 1935 2225 2008; x_wconf 89' lang='lat' dir='ltr'><strong>vitae,</strong></span> 
     </span>
     <span class='ocr_line' id='line_1_23' title="bbox 151 2019 2229 2101; baseline -0.002 -15"><span class='ocrx_word' id='word_1_184' title='bbox 151 2042 310 2101; x_wconf 88' lang='lat' dir='ltr'><strong>quae</strong></span> <span class='ocrx_word' id='word_1_185' title='bbox 347 2023 705 2087; x_wconf 84' lang='lat' dir='ltr'><strong>deliberatio</strong></span> <span class='ocrx_word' id='word_1_186' title='bbox 739 2033 838 2085; x_wconf 85' lang='lat' dir='ltr'><strong>est</strong></span> <span class='ocrx_word' id='word_1_187' title='bbox 866 2023 1132 2085; x_wconf 90' lang='lat' dir='ltr'><strong>omnium</strong></span> <span class='ocrx_word' id='word_1_188' title='bbox 1164 2019 1537 2083; x_wconf 87' lang='lat' dir='ltr'><strong>difficillima.</strong></span> <span class='ocrx_word' id='word_1_189' title='bbox 1612 2024 1865 2083; x_wconf 86' lang='lat' dir='ltr'><strong>Ineunte</strong></span> <span class='ocrx_word' id='word_1_190' title='bbox 1888 2020 2044 2082; x_wconf 88' lang='lat' dir='ltr'><strong>enim</strong></span> <span class='ocrx_word' id='word_1_191' title='bbox 2077 2021 2229 2082; x_wconf 87' lang='lat' dir='ltr'><strong>ado-</strong></span> 
     </span>
     <span class='ocr_line' id='line_1_24' title="bbox 149 2104 2226 2184; baseline -0.002 -15"><span class='ocrx_word' id='word_1_192' title='bbox 149 2109 474 2182; x_wconf 85' lang='lat' dir='ltr'><strong>lescentia,</strong></span> <span class='ocrx_word' id='word_1_193' title='bbox 532 2126 719 2184; x_wconf 91' lang='lat' dir='ltr'><strong>quum</strong></span> <span class='ocrx_word' id='word_1_194' title='bbox 751 2117 850 2169; x_wconf 85' lang='lat' dir='ltr'><strong>est</strong></span> <span class='ocrx_word' id='word_1_195' title='bbox 897 2107 1161 2170; x_wconf 86' lang='lat' dir='ltr'><strong>maxima</strong></span> <span class='ocrx_word' id='word_1_196' title='bbox 1213 2106 1591 2167; x_wconf 88' lang='lat' dir='ltr'><strong>imbecillitas</strong></span> <span class='ocrx_word' id='word_1_197' title='bbox 1652 2104 1919 2179; x_wconf 89' lang='lat' dir='ltr'><strong>consilii,</strong></span> <span class='ocrx_word' id='word_1_198' title='bbox 1978 2114 2107 2166; x_wconf 90' lang='lat' dir='ltr'><strong>tum</strong></span> <span class='ocrx_word' id='word_1_199' title='bbox 2163 2104 2226 2164; x_wconf 92' lang='lat' dir='ltr'><strong>id</strong></span> 
     </span>
     <span class='ocr_line' id='line_1_25' title="bbox 150 2187 2230 2267; baseline -0.002 -16"><span class='ocrx_word' id='word_1_200' title='bbox 150 2191 267 2251; x_wconf 88' lang='lat' dir='ltr'><strong>sibi</strong></span> <span class='ocrx_word' id='word_1_201' title='bbox 293 2191 558 2266; x_wconf 90' lang='lat' dir='ltr'><strong>quisque</strong></span> <span class='ocrx_word' id='word_1_202' title='bbox 585 2208 784 2265; x_wconf 86' lang='lat' dir='ltr'><strong>genus</strong></span> <span class='ocrx_word' id='word_1_203' title='bbox 807 2191 1026 2255; x_wconf 81' lang='lat' dir='ltr'><strong>aetatis</strong></span> <span class='ocrx_word' id='word_1_204' title='bbox 1049 2191 1369 2267; x_wconf 84' lang='lat' dir='ltr'><strong>degendae</strong></span> <span class='ocrx_word' id='word_1_205' title='bbox 1401 2188 1733 2264; x_wconf 87' lang='lat' dir='ltr'><strong>constituit,</strong></span> <span class='ocrx_word' id='word_1_206' title='bbox 1768 2190 1937 2265; x_wconf 91' lang='lat' dir='ltr'><strong>quod</strong></span> <span class='ocrx_word' id='word_1_207' title='bbox 1964 2187 2230 2249; x_wconf 85' lang='lat' dir='ltr'><strong>maxime</strong></span> 
     </span>
     <span class='ocr_line' id='line_1_26' title="bbox 150 2273 2229 2352; baseline -0 -19"><span class='ocrx_word' id='word_1_208' title='bbox 150 2273 474 2335; x_wconf 87' lang='lat' dir='ltr'><strong>adamavit.</strong></span> <span class='ocrx_word' id='word_1_209' title='bbox 548 2274 760 2350; x_wconf 89' lang='lat' dir='ltr'><strong>Itaque</strong></span> <span class='ocrx_word' id='word_1_210' title='bbox 791 2281 932 2335; x_wconf 90' lang='lat' dir='ltr'><strong>ante</strong></span> <span class='ocrx_word' id='word_1_211' title='bbox 961 2273 1308 2352; x_wconf 88' lang='lat' dir='ltr'><strong>implicatur</strong></span> <span class='ocrx_word' id='word_1_212' title='bbox 1329 2274 1536 2350; x_wconf 89' lang='lat' dir='ltr'><strong>aliquo</strong></span> <span class='ocrx_word' id='word_1_213' title='bbox 1569 2282 1736 2335; x_wconf 84' lang='lat' dir='ltr'><strong>certo</strong></span> <span class='ocrx_word' id='word_1_214' title='bbox 1760 2289 1989 2349; x_wconf 86' lang='lat' dir='ltr'><strong>genere</strong></span> <span class='ocrx_word' id='word_1_215' title='bbox 2013 2289 2229 2334; x_wconf 88' lang='lat' dir='ltr'><strong>cursu·</strong></span> 
     </span>
     <span class='ocr_line' id='line_1_27' title="bbox 153 2354 2228 2435; baseline -0.002 -17"><span class='ocrx_word' id='word_1_216' title='bbox 153 2374 275 2433; x_wconf 90' lang='lat' dir='ltr'><strong>que</strong></span> <span class='ocrx_word' id='word_1_217' title='bbox 329 2357 576 2417; x_wconf 79' lang='lat' dir='ltr'><strong>vivendi</strong></span> <span class='ocrx_word' id='word_1_218' title='bbox 641 2374 824 2434; x_wconf 80' lang='lat' dir='ltr'><strong>quam</strong></span> <span class='ocrx_word' id='word_1_219' title='bbox 874 2359 1078 2433; x_wconf 83' lang='lat' dir='ltr'><strong>potuit</strong></span> <span class='ocrx_word' id='word_1_220' title='bbox 1127 2360 1297 2434; x_wconf 91' lang='lat' dir='ltr'><strong>quod</strong></span> <span class='ocrx_word' id='word_1_221' title='bbox 1349 2356 1644 2435; x_wconf 89' lang='lat' dir='ltr'><strong>optimum</strong></span> <span class='ocrx_word' id='word_1_222' title='bbox 1702 2364 1874 2418; x_wconf 89' lang='lat' dir='ltr'><strong>esset</strong></span> <span class='ocrx_word' id='word_1_223' title='bbox 1933 2354 2228 2417; x_wconf 88' lang='lat' dir='ltr'><strong>iudicare.</strong></span> 
     </span>
     <span class='ocr_line' id='line_1_28' title="bbox 155 2439 2228 2516; baseline 0 -18"><span class='ocrx_word' id='word_1_224' title='bbox 155 2439 293 2504; x_wconf 85' lang='lat'><strong>118.</strong></span> <span class='ocrx_word' id='word_1_225' title='bbox 347 2440 498 2501; x_wconf 87' lang='lat' dir='ltr'><strong>Nam</strong></span> <span class='ocrx_word' id='word_1_226' title='bbox 543 2442 710 2516; x_wconf 91' lang='lat' dir='ltr'><strong>quod</strong></span> <span class='ocrx_word' id='word_1_227' title='bbox 753 2440 1080 2502; x_wconf 88' lang='lat' dir='ltr'><strong>Herculem</strong></span> <span class='ocrx_word' id='word_1_228' title='bbox 1122 2440 1472 2503; x_wconf 87' lang='lat' dir='ltr'><strong>Prodicium</strong></span> <span class='ocrx_word' id='word_1_229' title='bbox 1522 2441 1762 2515; x_wconf 89' lang='lat' dir='ltr'><strong>dicunt,</strong></span> <span class='ocrx_word' id='word_1_230' title='bbox 1810 2449 1880 2503; x_wconf 91' lang='lat' dir='ltr'><strong>ut</strong></span> <span class='ocrx_word' id='word_1_231' title='bbox 1918 2448 2013 2502; x_wconf 88' lang='lat' dir='ltr'><strong>est</strong></span> <span class='ocrx_word' id='word_1_232' title='bbox 2058 2440 2228 2515; x_wconf 88' lang='lat' dir='ltr'><strong>apud</strong></span> 
     </span>
     <span class='ocr_line' id='line_1_29' title="bbox 149 2523 2229 2603; baseline -0 -20"><span class='ocrx_word' id='word_1_233' title='bbox 149 2523 652 2600; x_wconf 87' lang='lat' dir='ltr'><strong>Xenophontem,</strong></span> <span class='ocrx_word' id='word_1_234' title='bbox 707 2542 894 2599; x_wconf 90' lang='lat' dir='ltr'><strong>quum</strong></span> <span class='ocrx_word' id='word_1_235' title='bbox 932 2525 1192 2603; x_wconf 90' lang='lat' dir='ltr'><strong>primum</strong></span> <span class='ocrx_word' id='word_1_236' title='bbox 1242 2526 1643 2601; x_wconf 88' lang='lat' dir='ltr'><strong>pubesceret,</strong></span> <span class='ocrx_word' id='word_1_237' title='bbox 1691 2525 1860 2599; x_wconf 88' lang='lat' dir='ltr'><strong>quod</strong></span> <span class='ocrx_word' id='word_1_238' title='bbox 1899 2531 2147 2602; x_wconf 88' lang='lat' dir='ltr'><strong>tempus</strong></span> <span class='ocrx_word' id='word_1_239' title='bbox 2192 2538 2229 2582; x_wconf 92' lang='lat' dir='ltr'><strong>a</strong></span> 
     </span>
     <span class='ocr_line' id='line_1_30' title="bbox 150 2607 2230 2686; baseline -0 -18"><span class='ocrx_word' id='word_1_240' title='bbox 150 2614 367 2668; x_wconf 88' lang='lat' dir='ltr'><strong>natura</strong></span> <span class='ocrx_word' id='word_1_241' title='bbox 412 2608 491 2669; x_wconf 89' lang='lat' dir='ltr'><strong>ad</strong></span> <span class='ocrx_word' id='word_1_242' title='bbox 537 2609 927 2686; x_wconf 85' lang='lat' dir='ltr'><strong>deligendum</strong></span> <span class='ocrx_word' id='word_1_243' title='bbox 971 2626 1154 2685; x_wconf 90' lang='lat' dir='ltr'><strong>quam</strong></span> <span class='ocrx_word' id='word_1_244' title='bbox 1207 2609 1472 2686; x_wconf 89' lang='lat' dir='ltr'><strong>quisque</strong></span> <span class='ocrx_word' id='word_1_245' title='bbox 1520 2608 1681 2669; x_wconf 87' lang='lat' dir='ltr'><strong>viam</strong></span> <span class='ocrx_word' id='word_1_246' title='bbox 1725 2608 1976 2669; x_wconf 87' lang='lat' dir='ltr'><strong>vivendi</strong></span> <span class='ocrx_word' id='word_1_247' title='bbox 2014 2608 2096 2670; x_wconf 89' lang='lat' dir='ltr'><strong>sit</strong></span> <span class='ocrx_word' id='word_1_248' title='bbox 2144 2607 2230 2668; x_wconf 91' lang='lat' dir='ltr'><strong>in-</strong></span> 
     </span>
     <span class='ocr_line' id='line_1_31' title="bbox 150 2692 2231 2768; baseline 0 -17"><span class='ocrx_word' id='word_1_249' title='bbox 150 2708 482 2767; x_wconf 84' lang='lat' dir='ltr'><strong>gressurus</strong></span> <span class='ocrx_word' id='word_1_250' title='bbox 521 2694 724 2755; x_wconf 86' lang='lat' dir='ltr'><strong>datum</strong></span> <span class='ocrx_word' id='word_1_251' title='bbox 760 2700 887 2767; x_wconf 91' lang='lat' dir='ltr'><strong>est,</strong></span> <span class='ocrx_word' id='word_1_252' title='bbox 920 2694 1129 2755; x_wconf 86' lang='lat' dir='ltr'><strong>exisse</strong></span> <span class='ocrx_word' id='word_1_253' title='bbox 1161 2692 1223 2754; x_wconf 92' lang='lat' dir='ltr'><strong>in</strong></span> <span class='ocrx_word' id='word_1_254' title='bbox 1258 2692 1648 2755; x_wconf 89' lang='lat' dir='ltr'><strong>solitudinem</strong></span> <span class='ocrx_word' id='word_1_255' title='bbox 1681 2699 1869 2768; x_wconf 91' lang='lat' dir='ltr'><strong>atque</strong></span> <span class='ocrx_word' id='word_1_256' title='bbox 1898 2692 1982 2753; x_wconf 93' lang='lat' dir='ltr'><strong>ibi</strong></span> <span class='ocrx_word' id='word_1_257' title='bbox 2005 2693 2231 2754; x_wconf 90' lang='lat' dir='ltr'><strong>seden-</strong></span> 
     </span>
     <span class='ocr_line' id='line_1_32' title="bbox 148 2774 2232 2853; baseline 0 -20"><span class='ocrx_word' id='word_1_258' title='bbox 148 2782 271 2833; x_wconf 83' lang='lat' dir='ltr'><strong>tem</strong></span> <span class='ocrx_word' id='word_1_259' title='bbox 313 2774 417 2837; x_wconf 93' lang='lat' dir='ltr'><strong>diu</strong></span> <span class='ocrx_word' id='word_1_260' title='bbox 448 2793 662 2839; x_wconf 87' lang='lat' dir='ltr'><strong>secum</strong></span> <span class='ocrx_word' id='word_1_261' title='bbox 706 2779 1084 2853; x_wconf 88' lang='lat' dir='ltr'><strong>multumque</strong></span> <span class='ocrx_word' id='word_1_262' title='bbox 1128 2776 1478 2850; x_wconf 87' lang='lat' dir='ltr'><strong>dubitasse,</strong></span> <span class='ocrx_word' id='word_1_263' title='bbox 1534 2794 1720 2852; x_wconf 91' lang='lat' dir='ltr'><strong>quum</strong></span> <span class='ocrx_word' id='word_1_264' title='bbox 1762 2777 1918 2838; x_wconf 88' lang='lat' dir='ltr'><strong>duas</strong></span> <span class='ocrx_word' id='word_1_265' title='bbox 1951 2779 2232 2837; x_wconf 86' lang='lat' dir='ltr'><strong>cerneret</strong></span> 
     </span>
     <span class='ocr_line' id='line_1_33' title="bbox 152 2857 2230 2937; baseline 0.001 -21"><span class='ocrx_word' id='word_1_266' title='bbox 152 2857 283 2917; x_wconf 89' lang='lat' dir='ltr'><strong>vias</strong></span> <span class='ocrx_word' id='word_1_267' title='bbox 302 2904 318 2930; x_wconf 92' lang='lat'><strong>,</strong></span> <span class='ocrx_word' id='word_1_268' title='bbox 349 2876 528 2920; x_wconf 87' lang='lat' dir='ltr'><strong>unam</strong></span> <span class='ocrx_word' id='word_1_269' title='bbox 561 2860 942 2937; x_wconf 87' lang='lat' dir='ltr'><strong>Voluptatis,</strong></span> <span class='ocrx_word' id='word_1_270' title='bbox 985 2862 1241 2923; x_wconf 90' lang='lat' dir='ltr'><strong>alteram</strong></span> <span class='ocrx_word' id='word_1_271' title='bbox 1273 2860 1559 2934; x_wconf 88' lang='lat' dir='ltr'><strong>Virtutis,</strong></span> <span class='ocrx_word' id='word_1_272' title='bbox 1604 2868 1803 2921; x_wconf 88' lang='lat' dir='ltr'><strong>utram</strong></span> <span class='ocrx_word' id='word_1_273' title='bbox 1833 2858 2073 2936; x_wconf 90' lang='lat' dir='ltr'><strong>ingredi</strong></span> <span class='ocrx_word' id='word_1_274' title='bbox 2107 2875 2230 2919; x_wconf 90' lang='lat' dir='ltr'><strong>me-</strong></span> 
     </span>
     <span class='ocr_line' id='line_1_34' title="bbox 150 2940 2228 3020; baseline 0.001 -20"><span class='ocrx_word' id='word_1_275' title='bbox 150 2940 266 3003; x_wconf 91' lang='lat' dir='ltr'><strong>lius</strong></span> <span class='ocrx_word' id='word_1_276' title='bbox 300 2949 498 3016; x_wconf 88' lang='lat' dir='ltr'><strong>esset,</strong></span> <span class='ocrx_word' id='word_1_277' title='bbox 542 2943 663 3005; x_wconf 92' lang='lat' dir='ltr'><strong>hoc</strong></span> <span class='ocrx_word' id='word_1_278' title='bbox 691 2943 938 3006; x_wconf 88' lang='lat' dir='ltr'><strong>Herculi</strong></span> <span class='ocrx_word' id='word_1_279' title='bbox 966 2942 1134 3006; x_wconf 89' lang='lat' dir='ltr'><strong>Iovis</strong></span> <span class='ocrx_word' id='word_1_280' title='bbox 1174 2952 1313 3005; x_wconf 90' lang='lat' dir='ltr'><strong>satu</strong></span> <span class='ocrx_word' id='word_1_281' title='bbox 1344 2945 1510 3005; x_wconf 90' lang='lat' dir='ltr'><strong>edito</strong></span> <span class='ocrx_word' id='word_1_282' title='bbox 1543 2943 1742 3020; x_wconf 88' lang='lat' dir='ltr'><strong>potuit</strong></span> <span class='ocrx_word' id='word_1_283' title='bbox 1774 2946 2044 3005; x_wconf 78' lang='lat' dir='ltr'><strong>sortasse</strong></span> <span class='ocrx_word' id='word_1_284' title='bbox 2084 2960 2228 3004; x_wconf 91' lang='lat' dir='ltr'><strong>con-</strong></span> 
     </span>
     <span class='ocr_line' id='line_1_35' title="bbox 149 3025 2228 3104; baseline 0.001 -21"><span class='ocrx_word' id='word_1_285' title='bbox 149 3025 417 3101; x_wconf 85' lang='lat' dir='ltr'><strong>tingere,</strong></span> <span class='ocrx_word' id='word_1_286' title='bbox 448 3026 627 3088; x_wconf 90' lang='lat' dir='ltr'><strong>nobis</strong></span> <span class='ocrx_word' id='word_1_287' title='bbox 661 3044 786 3089; x_wconf 91' lang='lat' dir='ltr'><strong>non</strong></span> <span class='ocrx_word' id='word_1_288' title='bbox 829 3027 1003 3103; x_wconf 90' lang='lat' dir='ltr'><strong>item,</strong></span> <span class='ocrx_word' id='word_1_289' title='bbox 1060 3027 1166 3104; x_wconf 91' lang='lat' dir='ltr'><strong>qui</strong></span> <span class='ocrx_word' id='word_1_290' title='bbox 1204 3026 1510 3090; x_wconf 89' lang='lat' dir='ltr'><strong>imitamur</strong></span> <span class='ocrx_word' id='word_1_291' title='bbox 1552 3044 1713 3104; x_wconf 88' lang='lat' dir='ltr'><strong>quos</strong></span> <span class='ocrx_word' id='word_1_292' title='bbox 1758 3027 1981 3104; x_wconf 90' lang='lat' dir='ltr'><strong>cuique</strong></span> <span class='ocrx_word' id='word_1_293' title='bbox 2028 3027 2228 3088; x_wconf 89' lang='lat' dir='ltr'><strong>visum</strong></span> 
     </span>
     <span class='ocr_line' id='line_1_36' title="bbox 151 3110 2227 3189; baseline 0.002 -21"><span class='ocrx_word' id='word_1_294' title='bbox 151 3115 250 3170; x_wconf 87' lang='lat' dir='ltr'><strong>est</strong></span> <span class='ocrx_word' id='word_1_295' title='bbox 277 3116 463 3186; x_wconf 90' lang='lat' dir='ltr'><strong>atque</strong></span> <span class='ocrx_word' id='word_1_296' title='bbox 496 3111 576 3169; x_wconf 91' lang='lat' dir='ltr'><strong>ad</strong></span> <span class='ocrx_word' id='word_1_297' title='bbox 605 3127 819 3172; x_wconf 91' lang='lat' dir='ltr'><strong>eorum</strong></span> <span class='ocrx_word' id='word_1_298' title='bbox 851 3110 1054 3173; x_wconf 90' lang='lat' dir='ltr'><strong>studia</strong></span> <span class='ocrx_word' id='word_1_299' title='bbox 1096 3111 1496 3189; x_wconf 87' lang='lat' dir='ltr'><strong>institutaque</strong></span> <span class='ocrx_word' id='word_1_300' title='bbox 1525 3110 1916 3188; x_wconf 89' lang='lat' dir='ltr'><strong>impellimur,</strong></span> <span class='ocrx_word' id='word_1_301' title='bbox 1964 3114 2227 3188; x_wconf 88' lang='lat' dir='ltr'><strong>plerum-</strong></span> 
     </span>
     <span class='ocr_line' id='line_1_37' title="bbox 154 3192 2226 3272; baseline 0.002 -22"><span class='ocrx_word' id='word_1_302' title='bbox 154 3208 277 3264; x_wconf 90' lang='lat' dir='ltr'><strong>que</strong></span> <span class='ocrx_word' id='word_1_303' title='bbox 302 3200 505 3254; x_wconf 87' lang='lat' dir='ltr'><strong>autem</strong></span> <span class='ocrx_word' id='word_1_304' title='bbox 538 3192 881 3267; x_wconf 85' lang='lat' dir='ltr'><strong>parentium</strong></span> <span class='ocrx_word' id='word_1_305' title='bbox 911 3194 1261 3272; x_wconf 88' lang='lat' dir='ltr'><strong>praeceptis</strong></span> <span class='ocrx_word' id='word_1_306' title='bbox 1289 3195 1502 3257; x_wconf 89' lang='lat' dir='ltr'><strong>imbuti</strong></span> <span class='ocrx_word' id='word_1_307' title='bbox 1533 3196 1612 3255; x_wconf 91' lang='lat' dir='ltr'><strong>ad</strong></span> <span class='ocrx_word' id='word_1_308' title='bbox 1647 3210 1863 3256; x_wconf 87' lang='lat' dir='ltr'><strong>eorum</strong></span> <span class='ocrx_word' id='word_1_309' title='bbox 1896 3203 2226 3257; x_wconf 86' lang='lat' dir='ltr'><strong>consuetu-</strong></span> 
     </span>
     <span class='ocr_line' id='line_1_38' title="bbox 154 3273 2226 3351; baseline 0.002 -19"><span class='ocrx_word' id='word_1_310' title='bbox 154 3273 357 3333; x_wconf 88' lang='lat' dir='ltr'><strong>dinem</strong></span> <span class='ocrx_word' id='word_1_311' title='bbox 380 3292 740 3351; x_wconf 89' lang='lat' dir='ltr'><strong>moremque</strong></span> <span class='ocrx_word' id='word_1_312' title='bbox 762 3276 1142 3339; x_wconf 87' lang='lat' dir='ltr'><strong>deducimur.</strong></span> <span class='ocrx_word' id='word_1_313' title='bbox 1205 3278 1327 3338; x_wconf 88' lang='lat' dir='ltr'><strong>Alii</strong></span> <span class='ocrx_word' id='word_1_314' title='bbox 1350 3276 1747 3340; x_wconf 82' lang='lat' dir='ltr'><strong>multitudinis</strong></span> <span class='ocrx_word' id='word_1_315' title='bbox 1771 3277 2010 3340; x_wconf 89' lang='lat' dir='ltr'><strong>iudicio·</strong></span> <span class='ocrx_word' id='word_1_316' title='bbox 2025 3280 2226 3338; x_wconf 85' lang='lat' dir='ltr'><strong>serun-</strong></span> 
     </span>
     <span class='ocr_line' id='line_1_39' title="bbox 157 3356 2229 3437; baseline 0.003 -22"><span class='ocrx_word' id='word_1_317' title='bbox 157 3364 255 3416; x_wconf 89' lang='lat' dir='ltr'><strong>tur</strong></span> <span class='ocrx_word' id='word_1_318' title='bbox 284 3372 567 3430; x_wconf 84' lang='lat' dir='ltr'><strong>quaeque</strong></span> <span class='ocrx_word' id='word_1_319' title='bbox 599 3356 815 3419; x_wconf 88' lang='lat' dir='ltr'><strong>maiori</strong></span> <span class='ocrx_word' id='word_1_320' title='bbox 857 3361 1014 3433; x_wconf 88' lang='lat' dir='ltr'><strong>parti</strong></span> <span class='ocrx_word' id='word_1_321' title='bbox 1045 3362 1452 3437; x_wconf 84' lang='lat' dir='ltr'><strong>pulcherrima</strong></span> <span class='ocrx_word' id='word_1_322' title='bbox 1487 3362 1802 3436; x_wconf 87' lang='lat' dir='ltr'><strong>videntur,</strong></span> <span class='ocrx_word' id='word_1_323' title='bbox 1857 3378 1933 3421; x_wconf 89' lang='lat' dir='ltr'><strong>ea</strong></span> <span class='ocrx_word' id='word_1_324' title='bbox 1962 3360 2229 3424; x_wconf 81' lang='lat' dir='ltr'><strong>maxime</strong></span> 
     </span>
    </p>
   </div>
  </div>
 </body>
</html>
