2381 3723
86 91 166 153 72
744 164 753 171 ‚
899 88 997 148 ms:
1032 85 1350 148 ondens

83 239 310 301 invitus
346 240 660 311 offendas,
702 255 1087 315 quacumque
1115 238 1358 314 possis,
1404 254 1526 312 qua
1564 253 1632 297 re
1661 235 1754 311 id,
1800 237 1964 312 quod
1999 239 2149 298 sece-

87 324 198 397 τίς,
251 339 511 384 necesse
558 321 736 383 fuerit
782 339 896 383 nec
939 322 1111 382 aliter
1153 323 1356 383 facere
1401 320 1707 397 potueris,
1769 321 2160 396 caeterisque

88 406 293 485 operls
326 413 387 466 et
417 405 634 467 officiis
662 407 775 466 erit
803 404 892 478 id,
928 406 1095 481 quod
1128 403 1416 466 violatum
1448 412 1571 478 est,
1605 405 2156 479 compensandum.

208 491 337 551 XX.
387 489 485 551 69.
576 489 700 550 Sed
747 507 933 565 quum
981 489 1040 549 in
1088 487 1432 550 hominibus
1474 486 1757 549 iuvandis
1800 494 1906 548 aut
1948 504 2183 549 mores*

87 571 353 650 spectari
379 580 489 633 aut
512 574 752 634 fortuna
783 574 1011 647 soleat,
1044 572 1210 633 dictu
1242 569 1489 648 quidem
1518 578 1615 632 est
1644 570 1917 648 proclive
1947 570 2158 647 itaque

85 658 272 732 vulgo
320 657 683 731 loquuntur,
734 672 804 717 se
845 654 905 716 in
941 657 1256 717 beneficiis
1303 655 1679 716 collocandis
1708 671 1923 737 ⁴mores
1962 653 2156 716 homi·

87 758 260 812 num,
321 757 456 800 non>
485 742 788 800 fortunam
831 739 1027 815 sequi.
1099 741 1376 801 Honesta
1420 737 1614 799 oratio
1659 746 1771 799 est.
1853 737 1978 798 Sed
2016 737 2157 813 quis

87 830 183 885 est
213 823 457 884 tandem
490 823 592 899 qui
632 823 833 899 inopis
868 831 929 884 et
971 823 1180 898 optimi
1226 822 1337 883 viri
1379 838 1607 883 causae
1650 839 1772 883 non
1818 828 2158 897 anteponat

86 907 145 968 in
178 923 370 984 opera
406 907 611 968 danda
639 907 892 982 gratiam
934 906 1219 968 fortunati
1265 914 1326 967 et
1361 905 1672 983 potentis?
1736 906 1794 966 A
1838 921 1960 981 quo
1993 904 2157 965 enim

89 989 533 1067 expeditior-et
562 991 821 1052 celerior
848 990 1254 1052 remuneratio
1294 993 1424 1051 fore
1459 989 1725 1063 videtur,
1765 987 1825 1048 in
1856 1005 1993 1049 eum
2029 991 2157 1050 sere

89 1081 185 1135 est
214 1076 499 1135 voluntas
541 1083 755 1135 nostra
802 1073 1188 1151 propensior.
1258 1073 1383 1135 Sed
1423 1072 2030 1139 animadvertendum
2059 1078 2158 1132 est

89 1158 435 1234 diligentius
470 1176 629 1236 quae
665 1166 881 1220 natura
911 1176 1113 1219 rerum
1144 1158 1242 1219 sit.
1313 1156 1600 1217 Nimirum
1630 1157 1786 1217 enim
1817 1156 2000 1232 inops
2033 1155 2156 1228 ille,

88 1243 140 1302 si
169 1244 372 1304 bonus
405 1250 501 1307 est
530 1242 647 1314 vir,
680 1242 858 1303 etiam
891 1242 944 1303 si
967 1244 1198 1303 referre
1223 1241 1476 1318 gratiam
1506 1259 1628 1302 non
1663 1247 1896 1318 potest,
1928 1240 2156 1299 habere

89 1334 253 1386 certe
315 1334 540 1402 potest.
645 1326 979 1387 Commode
1044 1333 1246 1385 autem
1300 1326 1670 1400 quicumque
1716 1323 1868 1384 dixit
1936 1327 2154 1399 ‘pecu-

87 1408 247 1469 niam
283 1410 385 1484 qui
418 1410 641 1469 habeat
671 1425 793 1470 non
813 1409 1188 1481 reddidisse,
1246 1410 1348 1484 qui
1374 1407 1708 1471 reddiderit
1749 1423 1869 1468 non
1905 1407 2146 1481 habere,

86 1492 340 1567 gratiam
386 1499 589 1552 autem
621 1503 683 1552 et
729 1492 831 1566 qui
873 1492 1170 1553 rettulerit
1210 1493 1434 1553 habere
1476 1498 1539 1552 et
1581 1491 1686 1567 qui
1721 1492 1941 1553 habeat
1970 1496 2142 1551 rettu-

88 1576 280 1636 lisse.’
357 1580 468 1648 At,
506 1574 608 1650 qui
654 1591 725 1635 se
757 1577 1128 1652 locupleteS,
1178 1576 1546 1650 honoratoS,
1581 1577 1797 1636 beatos
1830 1580 2071 1651 putant,
2115 1572 2159 1633 ii

88 1676 166 1719 ne
204 1657 455 1733 obligari
492 1657 734 1734 quidem
764 1659 1065 1721 beneficio
1100 1662 1346 1721 volunt:
1395 1658 1540 1734 quin
1576 1658 1754 1720 etiam
1787 1658 2158 1718 beneficium

90 1759 159 1803 se
183 1739 436 1802 dedisse
447 1740 1033 1818 arbitrantur-„quum
1053 1742 1173 1820 ipsi
1192 1743 1473 1819 quamvis
1493 1759 1777 1817 magnum
1797 1741 2046 1816 aliquod
2059 1757 2159 1800 ac·

90 1823 381 1902 ceperint,
412 1833 598 1902 atque
623 1825 801 1887 etiam
825 1843 861 1887 a
885 1844 955 1889 se
978 1833 1083 1888 aut
1107 1825 1401 1903 postulari
1429 1835 1533 1889 aut
1555 1824 1898 1904 exspectari
1928 1825 2155 1901 aliquid

90 1908 510 1986 suspicantur,
561 1910 901 1986 patrocinio
951 1928 1096 1972 vero
1139 1928 1209 1973 se
1246 1928 1397 1972 usos
1444 1919 1547 1973 aut
1583 1908 1833 1972 clientes
1862 1907 2159 1986 appellari

89 1993 302 2055 mortis
331 1995 524 2056 instar
566 2003 801 2070 putant.
890 1996 991 2056 70.
1036 1997 1121 2055 At
1153 2011 1299 2056 vero
1345 1993 1443 2055 ille
1483 1994 1677 2068 tenui,
1722 2010 1940 2069 quum,
1985 1992 2159 2068 quid-

92 2077 235 2152 quid
277 2079 498 2139 sactum
551 2078 662 2151 sit,
711 2085 1198 2156 sespectatum,
1252 2095 1375 2139 non
1423 2080 1725 2140 fortunam
1779 2084 1977 2154 putat,
2031 2092 2162 2137 non

89 2163 275 2222 modo
323 2161 433 2233 illi,
490 2161 593 2236 qui
642 2168 739 2222 est
786 2162 1068 2234 merituS,
1120 2163 1234 2224 sed
1266 2161 1448 2223 etiam
1492 2161 1639 2235 illis,
1701 2178 1739 2221 a
1788 2160 2008 2237 quibus
2053 2176 2158 2221 ex·

89 2250 330 2320 spectat
358 2276 443 2322 ε
478 2250 618 2318 eget
656 2243 813 2304 enim
862 2244 1063 2307 multis
1098 2280 1213 2319 —,
1275 2252 1513 2321 gratum
1566 2261 1636 2306 se
1676 2243 1870 2305 videri
1919 2244 2159 2305 studet}

92 2343 294 2401 neque
326 2343 473 2386 vero
505 2326 709 2387 verbis
739 2336 923 2404 auget
953 2344 1129 2389 suum
1163 2346 1416 2402 munuS,
1450 2328 1503 2388 si
1533 2345 1656 2405 quo
1689 2331 1846 2389 sorte
1872 2326 2159 2402 fungitur,
2260 2322 2264 2326 ’

91 2411 204 2470 sed
236 2408 417 2469 etiam
454 2417 763 2471 extenuat.
807 2410 1311 2487 xVidendumque
1341 2411 1488 2473 illud
1531 2419 1657 2486 est,
1696 2411 1892 2488 quod,
1924 2409 1979 2472 si
2007 2425 2161 2484 opu·

93 2496 316 2554 lentum
348 2493 842 2569 fortunatumque
875 2494 1257 2569 defenderiS,
1314 2495 1374 2556 in
1404 2513 1527 2557 uno
1563 2495 1662 2557 illo
1699 2502 1832 2569 aut,
1890 2494 1944 2555 si
1978 2494 2160 2568 forte,

89 2576 146 2637 ln
185 2576 387 2638 liberis
420 2576 555 2637 eius
588 2586 790 2638 manet
817 2578 1042 2654 gratia:
1083 2577 1177 2639 sin
1221 2586 1423 2639 autem
1459 2579 1737 2655 inopem,
1777 2579 2040 2656 probum
2075 2584 2160 2636 ta-

91 2678 227 2721 men
252 2669 314 2722 et
339 2662 715 2734 modestum,
754 2679 969 2724 omnes
1002 2679 1126 2723 non
1149 2662 1412 2739 improbi
1434 2662 1724 2737 humileS,
1758 2678 1916 2738 quae
1939 2677 2162 2737 magna

86 2744 145 2803 in
194 2747 426 2820 populo
470 2745 792 2807 multitudo
836 2753 960 2818 est,
1022 2745 1391 2821 praesidium
1441 2746 1556 2807 sibi
1597 2752 1878 2822 paratum
1928 2744 2158 2804 vident.

90 2830 188 2887 71.
244 2829 433 2902 Quam
481 2829 559 2888 ob
603 2846 731 2890 rem
768 2829 983 2890 melius
1017 2830 1182 2906 apud
1217 2831 1420 2901 bonos
1466 2846 1645 2906 quam
1688 2830 1852 2906 apud
1891 2830 2158 2889 fortuna-

89 2919 189 2971 tos
220 2910 584 2971 beneficium
630 2912 920 2973 collocari
962 2919 1128 2989 puto.
1195 2914 1412 2974 Danda
1455 2912 1704 2974 omnino
1738 2929 1930 2989 opera
1960 2919 2054 2971 est
2091 2914 2155 2972 ut

90 2992 255 3054 omni
286 2994 495 3072 generi
529 2994 680 3056 satis
712 2997 915 3057 facere
949 2995 1290 3071 possimuS,
1329 2997 1472 3070 sed,
1518 2996 1571 3058 si
1595 3014 1697 3057 res
1729 2996 1787 3055 in
1823 2993 2133 3056 contentio

90 3094 229 3138 nem
264 3077 500 3152 veniet,
553 3077 829 3140 nimirum
872 3078 1316 3141 Themistocles
1359 3087 1456 3141 est
1495 3087 1712 3141 auctor
1754 3079 2135 3139 adhibendus

93 3160 195 3233 qui
239 3178 427 3235 quum
462 3164 888 3222 consuleretur
917 3170 1116 3222 utrum
1156 3164 1320 3226 bono
1351 3164 1485 3225 viro
1532 3162 1789 3239 pauperi
1839 3179 1916 3222 an
1960 3160 2161 3222 minus

92 3244 352 3317 probato
397 3242 565 3304 diviti
604 3242 785 3303 filiam
832 3247 1192 3307 collocaret:
1268 3249 1432 3322 ‘Ego
1476 3249 1661 3308 vero’
1709 3244 1906 3320 inquit
1960 3244 2157 3304 ‘malo

90 3325 286 3385 virum
323 3323 425 3398 qui
461 3327 721 3401 pecunia
767 3332 946 3396 egeat
991 3345 1171 3401 quam
1214 3329 1534 3406 pecuniam
1578 3346 1735 3407 quae
1778 3327 1956 3390 viro.’
2034 3325 2154 3389 Sed

298 3581 348 3603 ι
