2381 3723
174 144 246 202 57
399 179 404 183 .
474 135 573 196 111.
621 133 787 194 cAP.
818 144 867 196 1.
893 142 946 195 2.
993 105 1314 202 §.204-26.
1361 132 1675 194 rv„cAP.
1703 145 1756 197 1.
1800 144 1965 206 §.27.
2140 137 2266 202 183-

178 293 415 348 cantur.
500 285 781 346 Violatur
836 284 891 345 is
948 284 1049 359 qui
1105 283 1483 360 procreavit,
1554 286 1607 346 is
1662 289 1766 362 qui
1815 286 1991 362 aluit,
2049 287 2103 350 is
2158 290 2263 366 qui

176 370 474 443 erudivit,
524 369 578 431 is
623 368 727 444 qui
759 367 819 430 in
854 369 1007 432 sede
1040 385 1113 430 ac
1155 369 1341 429 domo
1375 374 1563 443 atque
1593 368 1651 428 in
1693 387 1761 429 re
1802 370 2045 446 publica
2079 374 2263 434 collo-

177 453 359 515 cavit.
431 451 815 515 Multitudine
843 459 1245 529 peccatorum
1271 459 1546 529 praestat
1575 469 1780 530 eoque
1807 471 2007 531 poena
2031 454 2261 516 maiore

176 538 400 613 dignus
457 544 570 599 est.
665 536 792 598 Sed
854 553 972 598 nos
1023 536 1084 597 in
1133 536 1261 597 vita
1318 553 1444 597 non
1512 552 1672 611 quae
1726 540 1947 615 cuique
2000 547 2258 615 peccato

170 637 384 699 poena
424 621 533 695 sit,
590 587 705 682 sed
751 629 1044 696 quantum
1090 620 1315 697 cuique
1358 619 1540 681 liceat
1596 628 1881 697 spectare
1929 623 2258 685 debemus:

176 703 482 781 quidquid
514 722 645 765 non
681 710 930 779 oportet
958 706 1166 766 scelus
1200 720 1373 777 esse,
1424 702 1720 781 quidquid
1751 724 1874 767 non
1909 706 2050 767 licet
2085 708 2258 767 nefas

176 796 396 866 putare
429 790 746 850 debemus.
816 789 1143 849 Etiamne
1124 805 1187 849 1n
1214 787 1474 849 minimis
1506 790 1733 851 rebus?
1802 790 2014 864 Etiam,
2055 789 2107 851 si
2133 790 2252 866 qui

174 874 319 933 dem
364 890 570 935 rerum
599 874 851 935 modum
883 872 1118 949 fingere
1159 888 1284 934 non
1323 888 1697 948 possumus,
1751 872 2094 936 animorum
2129 891 2254 935 mo

175 957 325 1017 dum
379 964 587 1017 tenere
639 973 998 1033 possumus.
1087 956 1189 1017 26.
1249 955 1480 1018 Histrio
1523 956 1577 1017 si
1626 959 1897 1033 paullum
1941 976 2016 1020 se
2063 957 2263 1019 movit

175 1046 353 1100 extra
394 1057 716 1101 numerum
753 1046 858 1102 aut
901 1040 954 1101 si
993 1056 1212 1101 versus
1247 1040 1689 1117 pronunciatus
1721 1050 1818 1103 est
1858 1043 2098 1120 syllaba
2138 1058 2261 1102 una

175 1122 428 1185 brevior
477 1131 584 1185 aut
621 1123 893 1200 longior,
951 1123 1314 1185 exsibilatur
1356 1133 1417 1185 et
1469 1125 1847 1199 exploditur:
1906 1126 1965 1186 in
2008 1125 2133 1186 vita
2175 1133 2258 1198 tu,

178 1223 342 1282 quae
372 1208 538 1271 omni
567 1215 749 1285 gestu
775 1207 1182 1279 moderatior,
1221 1207 1385 1269 omni
1412 1226 1601 1270 versu
1631 1207 1832 1285 aptior
1875 1226 2018 1270 esse
2056 1209 2259 1283 debet,

177 1297 248 1351 ut
286 1290 344 1351 in
376 1292 617 1369 syllaba
660 1300 722 1351 te
772 1308 1073 1368 peccasse
1104 1290 1316 1352 dicos?
1386 1293 1636 1353 Poetam
1679 1310 1803 1353 non
1836 1293 2019 1354 audio
2058 1292 2118 1353 in
2151 1303 2258 1353 nu·

175 1374 305 1449 gis:
351 1376 411 1435 in
452 1376 617 1437 vitae
657 1374 956 1437 societate
1008 1375 1250 1436 audiam
1297 1374 1491 1436 civem
1535 1375 1738 1452 digitis
1778 1384 2034 1453 peccata
2074 1376 2259 1438 dime-

176 1457 424 1519 tientem
449 1461 606 1521 sua?
674 1460 842 1535 Quae
862 1459 912 1522 si
941 1458 1077 1520 visa
1107 1467 1252 1521 sunt
1278 1458 1593 1534 breviora,
1631 1460 1865 1523 leviora
1890 1460 1995 1537 qui
2015 1459 2262 1538 possint

175 1540 414 1604 videri?
460 1561 649 1619 quum
694 1542 993 1619 quidquid
1023 1550 1319 1619 peccatur
1347 1544 1811 1621 perturbatione
1840 1552 2136 1622 peccetur
2162 1560 2258 1604 ra·

174 1624 363 1687 tionis
395 1634 582 1704 atque
614 1625 878 1700 ordinis,
927 1628 1284 1703 perturbata
1318 1635 1519 1689 autem
1551 1631 1743 1692 semel
1780 1629 2016 1692 ratione
2060 1636 2121 1691 et
2163 1646 2255 1690 or·

173 1708 319 1770 dine
350 1709 493 1771 nihil
523 1711 727 1788 possit
751 1710 927 1786 addi,
961 1728 1084 1787 quo
1121 1710 1316 1786 magis
1348 1712 1595 1787 peccari
1627 1730 1820 1789 posse
1850 1709 2150 1775 videatur.

852 1918 1426 1980 PARADOXON
1474 1920 1574 1978 IV.

349 2002 474 2073 ‘On
505 2013 632 2087 πᾶς
661 2005 903 2094 ἄφρων
931 2015 1254 2095 μαίνεται.

346 2097 610 2175 [Omnem
637 2103 873 2160 stultum
901 2103 1213 2180 insanire]

298 2205 365 2265 I.v
390 2205 491 2265 27.
578 2208 708 2283 Ego
751 2226 902 2270 vero
948 2218 1010 2270 te
1039 2227 1163 2271 non
1196 2212 1475 2285 stultum,
1518 2219 1587 2273 ut
1616 2227 1834 2288 saepe,
1877 2228 1999 2272 non
2034 2210 2258 2289 impro-

176 2289 354 2362 bum,
405 2299 474 2352 ut
502 2307 780 2367 semper,
834 2295 946 2354 sed
990 2295 1338 2356 dementem
1369 2301 1432 2356 et
1466 2289 1747 2357 insa'num
1791 2294 2015 2356 iudico.
2093 2303 2131 2368 ‹1-
2158 2295 2255 2369 [Si

177 2370 326 2448 quid
361 2371 418 2432 in
461 2375 651 2437 rebus
693 2377 774 2437 ad
811 2377 1036 2439 victum
1080 2373 1451 2451 necessariis
1494 2395 1636 2441 esse
1678 2378 1969 2440 invictum
2002 2385 2257 2456 potest.}

175 2456 487 2533 Sapientis
555 2459 794 2522 animus
861 2462 1281 2539 magnitudine
1323 2462 1607 2538 consilii,
1668 2463 1989 2525 tolerantia
2053 2480 2255 2524 rerum

175 2540 608 2617 humanarum,
681 2547 1142 2622 contemptione
1214 2549 1526 2620 fortunae,
1596 2545 1921 2608 virtutibus
1993 2547 2257 2623 denique
2370 2536 2381 2553 ¹

174 2623 461 2687 omnibus
514 2639 585 2688 ut
636 2629 964 2691 moenibus
1024 2637 1278 2706 saeptus
1342 2629 1622 2691 vincetur
1670 2637 1731 2691 et
1790 2630 2258 2705 expugnabitur,

176 2708 285 2782 qui
330 2726 410 2770 ne
462 2709 706 2772 civitate
755 2712 1004 2788 quidem
1038 2715 1181 2790 pelli
1221 2715 1470 2789 potest?
1555 2713 1724 2788 Quae
1766 2720 1861 2773 est
1903 2711 2060 2772 enim
2117 2711 2257 2772 civi-

174 2792 314 2852 tas?
403 2792 696 2857 Omnisne
756 2804 1099 2859 conventus
1157 2797 1338 2858 etiam
1400 2799 1670 2858 ferorum
1738 2803 1801 2857 et
1869 2793 2260 2856 immanium?

174 2874 459 2938 omnisne
500 2878 683 2940 etiam
730 2879 1118 2956 fugitivorum
1165 2898 1239 2942 ac
1290 2883 1595 2943 latronum
1649 2888 2022 2978 congregata
2070 2895 2257 2942 unum

173 2957 233 3017 in
291 2960 496 3022 locum
543 2962 906 3026 multitudo?
981 2968 1158 3026 Certe
1211 2965 1489 3041 negabis.
1562 2967 1695 3027 Non
1749 2965 1930 3041 igitur
1980 2972 2110 3025 erat
2159 2963 2259 3023 illa

174 3050 300 3102 tum
333 3041 579 3120 civitaS,
631 3065 819 3122 quum
860 3050 1032 3124 leges
1072 3049 1133 3108 in
1165 3066 1243 3110 ea
1266 3048 1411 3109 nihil
1452 3050 1768 3125 valebant,
1825 3066 2008 3125 quum
2037 3045 2256 3109 iudicia

172 3124 487 3202 iacebant,
544 3147 731 3206 quum
776 3149 911 3193 mos
956 3132 1192 3223 patrius
1240 3132 1581 3207 occiderat,
1635 3150 1820 3209 quum
1865 3134 2025 3192 ferro
2062 3128 2258 3206 pulsis

174 3209 632 3285 magistratibus
670 3223 922 3277 senatus
967 3218 1192 3278 nomen
1225 3215 1288 3277 in
1329 3233 1396 3277 re
1428 3181 1674 3292 publ’ica
1706 3232 1830 3276 non
1863 3221 2011 3275 erat.
2080 3214 2257 3273 Prae-

174 3292 408 3355 donum
443 3295 545 3356 ille
576 3313 918 3360 concursus
965 3308 1027 3360 et
1059 3309 1114 3361 te
1147 3301 1306 3361 duce
1337 3297 1765 3361 latrocinium
1750 3316 1808 3358 1n
1850 3299 1985 3359 foro
2031 3295 2256 3359 consti-

175 3381 372 3438 tutum
418 3388 482 3441 et
519 3379 815 3457 reliquiae
858 3382 1296 3445 coniurationis
1342 3402 1378 3444 a
1423 3383 1710 3444 Catilinae
1753 3380 1923 3441 furiis
1966 3381 2043 3440 ad
2084 3388 2254 3441 tuum

175 3462 381 3523 scelus
427 3465 827 3542 furoremque
857 3482 1202 3529 conversae
1245 3483 1366 3527 non
1406 3465 1617 3526 civitas
1662 3470 1809 3524 erat.
1897 3461 1997 3523 28.
2042 3465 2259 3534 Itaque

2207 3612 2267 3640 A
