2381 3723
181 112 307 175 320
970 111 1450 171 FRAGMENTA

184 263 509 337 Exaequat
539 263 806 337 spatium
836 262 991 322 lucis
1027 278 1162 321 cum
1195 269 1474 336 tempore
1504 263 1725 321 noctis.

182 348 360 408 Hunc
389 344 658 406 retinens
690 346 867 407 Aries
900 346 1183 406 sublucet
1212 361 1479 420 corpore
1505 351 1692 415 totuS‚

181 432 388 505 Atque
413 445 575 505 genu
607 428 772 490 flexo
807 431 1041 489 Taurus
1072 426 1403 488 connititur
1435 428 1682 503 ingens:

183 514 368 573 Orion
404 514 569 573 claro
605 514 968 588 contingens
1004 528 1269 586 corpore
1304 513 1523 571 fertur:

184 598 396 672 Hydra
425 605 592 656 tenet
621 595 818 669 flexu,
862 596 1142 656 Craterra
1168 602 1231 655 et
1254 596 1490 655 Corvus
1521 595 1841 655 adhaeret:

182 679 258 738 Et
289 695 527 754 paucae
555 696 591 739 e
622 680 821 741 Chelis
852 681 1098 750 stellae,
1139 677 1320 739 simul
1350 678 1821 754 Anguitenentis

183 761 341 822 Sunt
367 778 569 838 genua
597 771 661 823 et
691 763 911 823 summi
948 762 1113 823 Iovis
1141 763 1293 821 Ales
1325 762 1586 822 nuncius
1616 760 1832 823 instat:

181 845 440 920 Propter
465 845 679 922 Equus
712 845 914 922 capite
948 853 1010 907 et
1043 843 1351 905 cervicum
1385 845 1610 905 lumine
1645 847 1856 921 tangit.

308 930 518 990 Hosce
551 946 752 1005 aequo
785 928 984 1006 spatio
1017 929 1338 989 devinctos
1374 927 1638 989 sustinet
1666 929 1817 1000 axis,

181 1014 297 1072 Per
324 1012 563 1073 medios
596 1030 836 1075 summo
869 1013 1020 1074 caeli
1055 1013 1134 1072 de
1165 1010 1398 1073 vertice
1419 1018 1696 1073 tranans.

181 1097 287 1156 ille
318 1104 519 1157 autem
555 1098 720 1158 claro
752 1104 1004 1174 quartus
1037 1112 1174 1157 cum
1211 1094 1435 1157 lumine
1465 1095 1666 1156 circus

180 1181 460 1241 Partibus
492 1181 783 1241 extremis
812 1188 1124 1241 extremos
1155 1178 1429 1241 continet
1456 1181 1660 1251 orbeS,

181 1263 259 1324 Et
293 1263 472 1324 simul
511 1280 547 1322 a
578 1263 782 1325 medio
815 1264 1016 1325 media
1049 1263 1126 1323 de
1155 1270 1331 1341 parte
1360 1272 1625 1334 secatur,

178 1353 388 1422 Atque
421 1346 708 1422 obliquus
740 1348 799 1407 in
828 1347 924 1409 his
956 1346 1157 1408 nitens
1192 1363 1328 1406 cum
1353 1346 1580 1406 lumine
1608 1347 1825 1420 fertur,

179 1430 260 1490 Ut
289 1447 469 1491 nemo
488 1478 502 1503 ,
550 1431 650 1492 cui
680 1439 894 1491 sancta
928 1448 1111 1491 manu
1142 1429 1501 1491 doctissima
1530 1430 1727 1491 Pallas

178 1513 504 1573 Sollertem
535 1512 674 1589 ipsa
704 1515 874 1574 dedit
901 1514 1171 1575 fabricae
1201 1513 1543 1575 rationibus
1574 1522 1784 1587 artem,

178 1595 324 1655 Tam
356 1604 605 1657 tornare
639 1603 773 1656 cate
809 1603 1131 1657 contortos
1163 1596 1406 1673 possiet
1434 1597 1640 1670 orbeS,

179 1680 371 1752 Quam
403 1687 546 1740 sunt
572 1679 633 1738 in
670 1682 840 1740 caelo
877 1678 1085 1767 divino
1120 1681 1367 1741 numine
1396 1680 1562 1752 flexi,

185 1762 425 1822 I'erram
457 1762 805 1839 cingenteS,
854 1771 1144 1824 ornantes
1176 1765 1403 1825 lumine
1433 1765 1744 1838 mundum,

183 1846 455 1908 Culmine
488 1853 814 1910 tansverso
848 1847 1181 1910 retinentes
1212 1849 1418 1910 sidera
1446 1850 1617 1909 fulta.

182 1932 478 2006 Quattuor
511 1930 573 1991 hi
605 1938 775 1993 motu
810 1932 1010 1993 cuncti
1043 1933 1373 1993 volvuntur
1401 1933 1643 1993 eodem.

181 2014 304 2075 Sed
343 2022 567 2075 tantum
599 2032 828 2091 supera
854 2024 1052 2076 terras
1087 2032 1333 2091 semper
1362 2023 1531 2077 tenet
1564 2015 1662 2075 ille

182 2098 585 2171 Curriculum‚
639 2098 888 2175 oblique
919 2098 1184 2160 inflexus
1224 2100 1418 2160 tribus
1452 2098 1915 2173 orbibus-unus,

181 2182 419 2256 Quanto
452 2190 549 2243 est
585 2181 820 2243 divisus
857 2185 1089 2243 Cancer
1118 2182 1319 2259 spatio
1351 2199 1389 2243 a
1419 2182 1823 2258 Capricorno:

177 2269 263 2325 At
291 2265 504 2326 subter
533 2273 726 2325 terras
759 2265 1023 2339 spatium
1053 2283 1165 2341 par
1192 2282 1336 2327 esse
1366 2282 1630 2327 necesse
1664 2273 1790 2327 est:

176 2348 254 2407 Et
284 2357 547 2423 quantos
580 2347 787 2409 radios
823 2347 1076 2409 iacimus
1109 2350 1188 2409 de
1216 2348 1443 2410 lumine
1478 2359 1723 2421 nostr0‚

178 2431 324 2503 Quis
354 2432 516 2492 hunc
547 2447 892 2493 convexum
923 2430 1077 2493 caeli
1105 2431 1513 2508 contingimus
1551 2434 1780 2504 orbem,

177 2516 304 2573 Sex
336 2521 538 2574 tantae
570 2523 866 2591 poterunt
894 2517 1010 2577 sub
1042 2533 1182 2578 cum
1214 2517 1554 2579 succedere
1582 2524 1807 2591 partes,

175 2597 327 2658 Bina
357 2598 488 2673 pari
517 2598 717 2675 spatio
752 2600 1041 2661 caelestia
1072 2600 1247 2676 signa
1278 2608 1576 2662 tenentes.

175 2683 506 2743 zodiacum
536 2683 700 2744 hunc
733 2683 947 2744 Graeci
976 2682 1250 2745 vocitant
1280 2684 1597 2759 nostrique
1631 2680 1825 2743 Latini

177 2765 397 2827 Orbem
435 2766 784 2843 signiferum
819 2766 1225 2843 perhibebunt
1251 2767 1498 2829 nomine
1530 2784 1710 2828 vero:

175 2851 322 2909 Nam
354 2849 511 2924 gerit
543 2850 639 2910 hic
668 2853 929 2912 volvens
958 2851 1054 2913 bis
1084 2868 1195 2913 sex
1230 2851 1507 2913 ardentia
1536 2850 1731 2925 signa.

174 2930 443 2993 Aestifer
474 2941 570 2994 est
602 2936 881 3008 pandens
914 2934 1214 2996 ferventia
1242 2934 1447 2997 sidera
1478 2936 1726 2995 Cancer.

171 3017 351 3078 Hunc
380 3017 596 3078 subter
625 3017 867 3094 fulgens
902 3016 1067 3080 cedit
1091 3020 1189 3079 vis
1218 3026 1398 3080 torva
1428 3018 1671 3089 LeoniS,

174 3101 364 3174 Quem
395 3100 575 3161 rutilo
609 3101 889 3176 sequitur
922 3104 1240 3163 collucens
1272 3118 1536 3177 corpore
1567 3102 1782 3177 Virgo.

171 3183 326 3242 Exin
360 3184 673 3259 proiectae
706 3187 871 3246 claro
911 3202 1049 3246 cum
1080 3186 1304 3247 lumine
1337 3187 1572 3257 Chelae,

172 3265 442 3338 Ipsaque
475 3269 876 3344 consequitur
906 3272 1117 3331 lucens
1151 3270 1244 3330 vis
1275 3285 1497 3345 magna
1526 3270 1743 3345 Nepai‘.
1861 3333 1868 3339 ,

171 3345 320 3405 Inde
355 3346 794 3424 Sagittipotens
828 3350 1044 3411 dextra
1074 3354 1304 3415 flexum
1338 3360 1505 3414 tenet
1533 3368 1775 3413 arcum:

2156 1614 2261 1664 550

2099 1688 2256 1758 (3⁰5)

2157 2029 2255 2082 555

2103 2106 2255 2171 (310)

2103 2520 2247 2588 1315)

2095 2938 2240 3004 (320)

2144 3272 2245 3328 5⁷0

2099 3355 2243 3423 (325)
