2381 3723
153 135 272 199 158
628 129 960 192 LAELIUS
1001 131 1101 191 DE
1133 130 1487 227 ΑΜΙΟΙΤΙᾼ
1522 130 1751 189 LIBER
2032 181 2037 186 .
2158 140 2229 190 42

152 292 298 350 Nam
328 287 449 347 hoc
483 284 729 361 quidem
762 283 823 343 in
860 283 1078 343 talibus
1108 280 1257 343 viris
1298 281 1444 357 quid
1473 279 1685 343 attiaet
1716 281 1953 354 dicere,
2000 279 2053 341 si
2084 297 2228 341 con·

154 370 482 443 tendisset,
538 368 1002 445 impetraturum
1044 364 1444 427 nonfuisse?
1500 382 1687 440 quum
1729 365 1811 424 illi
1854 363 2229 425 sanctissimi

154 454 263 516 viri
292 451 544 526 suerint,
596 468 796 528 aeque
825 458 1030 511 autem
1062 450 1238 511 nefas
1271 449 1351 511 sit
1377 451 1499 510 tale
1532 445 1762 524 aliquid
1804 456 1868 508 et
1897 449 2099 509 facere
2132 466 2229 509 ro·

150 547 358 615 gatum
403 544 464 597 et
512 552 754 611 rogare.
841 536 926 593 At
973 549 1123 594 vero
1176 533 1263 593 Ti.
1310 531 1651 594 Gracchum
1699 532 2119 608 sequebantur
2163 531 2227 591 C.

155 623 348 683 Carbo
393 621 456 681 C.
490 621 665 692 Cata,
714 626 777 679 et
818 616 1061 677 minime
1108 625 1232 678 tum
1277 617 1526 693 quidem
1558 615 1745 677 Gaius
1789 618 2008 689 frater,
2066 630 2228 676 nunc

41 731 49 746 ·
153 706 313 767 idem
337 702 690 764 acerrimus·

277 789 407 849 ΧΠ.
451 786 554 847 40.
626 787 810 847 ¹Haec
845 784 1027 862 igitur
1054 786 1156 845 lex
1184 785 1243 845 in
1274 782 1535 844 amicitia
1556 782 1895 856 sanciatur,
1927 791 1997 845 ut
2026 799 2228 857 neque

157 888 443 949 rogemus
486 887 587 931 res
632 878 842 947 turpes
885 885 1001 929 nec
1043 868 1337 929 faciamus
1384 866 1600 942 rogati.
1670 866 1890 943 Turpis
1931 867 2091 928 enim
2125 884 2227 927 ex·

158 955 391 1017 cusatio
426 961 522 1015 est
549 961 610 1014 et
641 952 883 1014 mini-me
924 952 1282 1028 accipienda
1316 968 1500 1027 quum
1548 951 1608 1012 in
1653 950 1910 1012 caeteris
1956 950 2226 1027 peccatis

156 1048 282 1102 tum
319 1038 371 1100 si
402 1037 538 1114 quis
571 1045 785 1099 contra
813 1054 944 1097 rem
991 1035 1293 1112 publicam
1328 1051 1400 1096 se
1443 1034 1621 1096 amici
1652 1050 1841 1096 causa
1885 1035 2109 1097 secisse
2142 1037 2226 1094 sa·

157 1131 374 1185 teatur.
454 1121 689 1183 Etenim
722 1138 798 1186 eo
833 1122 1006 1192 loco,
1058 1118 1251 1180 Fanni
1288 1126 1348 1179 et
1371 1118 1707 1193 Scaevola,
1770 1119 1955 1180 locati
1993 1135 2224 1189 sumus,

159 1217 225 1268 ut
253 1224 369 1268 nos
401 1208 584 1281 longe
616 1204 976 1281 prospicere
1009 1210 1297 1281 oporteat
1325 1205 1559 1266 futuros
1592 1218 1776 1265 casus
1807 1204 1896 1263 rei
1925 1204 2225 1280 publicae.

159 1289 421 1351 Dessexit
449 1289 567 1350 iam
597 1289 1034 1365 aliquantulum
1059 1290 1136 1348 de
1159 1286 1361 1364 spatio
1387 1287 1816 1363 curriculoque
1840 1287 2225 1349 consuetudo

159 1375 475 1436 maiorum.
545 1371 630 1432 Ti.
666 1373 977 1433 Gracchus
1016 1388 1271 1447 regnum
1324 1386 1631 1447 occupare
1680 1378 1937 1432 conatus
1990 1379 2087 1432 est
2132 1371 2230 1432 vel

158 1456 437 1533 regnavit
472 1456 527 1517 is
575 1455 819 1530 quidem
862 1469 1100 1533 paucos
1142 1471 1412 1516 menses.
1499 1456 1603 1516 41.
1659 1456 1813 1516 Num
1844 1454 1990 1531 quid
2034 1454 2229 1515 simile

162 1541 427 1617 populus
458 1541 770 1601 Romanus
816 1539 1095 1600 audierat
1135 1545 1241 1598 aut
1292 1538 1567 1599 viderat?
1640 1539 1817 1600 Hunc
1863 1538 2041 1600 etiam
2088 1549 2231 1614 post

162 1632 417 1685 mortem
448 1622 642 1684 secuti
686 1622 862 1692 amici
903 1630 964 1683 et
997 1621 1329 1699 propinqui
1375 1622 1528 1698 quid
1564 1622 1623 1682 in
1654 1625 1717 1683 P.
1761 1622 2050 1699 Scipione
2083 1622 2228 1682 effe·

162 1706 352 1768 cerint
383 1704 515 1767 sine
560 1705 826 1768 lacrimis
861 1723 986 1768 non
1020 1723 1180 1781 queo
1224 1704 1449 1766 dicere.
1522 1706 1669 1767 Nam
1705 1707 2047 1771 Carbonem
2082 1722 2231 1781 quo·

163 1806 425 1867 cumque
442 1791 630 1851 modo
650 1790 963 1866 potuimus
980 1797 1239 1882 propter
1259 1797 1567 1851 recentem
1593 1807 1855 1868 poenam
1870 1790 1955 1851 Ti.
1975 1787 2232 1865 Gracchi

71 1937 90 1956 ,
161 1874 578 1937 sustinuimus,
645 1877 736 1937 De
760 1876 819 1937 C.
855 1876 1111 1935 Gracchi
1142 1883 1345 1942 autem
1369 1875 1680 1936 tribunatu
1705 1875 1850 1951 quid
1874 1884 2232 1951 exspectem

161 1977 283 2021 non
329 1960 474 2021 libet
512 1958 829 2036 augurari:
871 1959 1063 2035 serpit
1103 1957 1328 2020 deinde
1368 1975 1500 2033 reS‚
1554 1976 1711 2035 quae
1765 1958 2099 2037 proclivius
2154 1959 2234 2018 ad

164 2043 524 2118 perniciem,
577 2061 766 2119 quum
796 2045 988 2104 semel
1032 2042 1265 2118 coepit,
1320 2041 1557 2103 labitur.
1627 2042 1866 2105 Videtis
1907 2043 1965 2103 in
2014 2044 2235 2104 tabella

163 2128 280 2187 iam
312 2135 452 2188 ante
488 2137 716 2203 quanta
744 2127 825 2188 sit
856 2129 1014 2188 facta
1049 2127 1252 2201 labes,
1282 2126 1480 2203 primo
1516 2126 1766 2187 Gabinia
1797 2129 1952 2203 lege,
1985 2125 2232 2187 biennio

162 2219 362 2271 autem
408 2217 552 2285 post
598 2210 826 2271 Cassia.
897 2210 1125 2270 Videre
1169 2211 1285 2270 iam
1331 2209 1548 2270 videor
1592 2212 1889 2288 populum
1934 2227 1970 2270 a
2015 2217 2236 2272 senatu

163 2293 562 2365 disiunctum,
622 2293 1015 2355 multitudinis
1064 2293 1310 2354 arbitrio
1354 2311 1453 2355 res
1487 2294 1784 2355 maximas
1832 2294 1949 2370 agi,
2019 2296 2236 2354 Plures

163 2376 320 2436 enim
352 2374 592 2436 discent
622 2394 804 2452 quem
827 2379 907 2436 ad
937 2378 1183 2438 modum
1216 2379 1370 2438 haec
1400 2377 1548 2439 fiant
1579 2395 1763 2454 quam
1790 2394 1971 2455 quem
1999 2379 2076 2439 ad
2109 2393 2234 2437 mo-

163 2460 307 2520 dum
357 2459 449 2520 his
492 2459 830 2522 resistatur.
918 2460 1020 2521 42.
1078 2462 1386 2536 Quorsum
1423 2461 1617 2522 haec?
1682 2462 1824 2538 quia
1868 2462 2001 2524 sine
2046 2461 2235 2522 sociis

163 2559 342 2604 nemo
379 2543 711 2618 quidquam
745 2546 864 2623 tale
898 2553 1172 2605 conatur.
1243 2544 1746 2621 praecipiendum
1779 2553 1877 2607 est
1917 2544 2101 2622 igitur
2130 2546 2230 2605 bo-

162 2625 257 2687 nis
287 2635 383 2701 ut,
437 2624 490 2687 si
531 2629 591 2688 in
623 2627 754 2689 eius
800 2627 966 2690 modi
997 2627 1291 2689 amicitias
1330 2628 1524 2702 ignari
1566 2645 1715 2690 casu
1762 2630 1965 2704 aliquo
2010 2629 2237 2690 incide·

163 2712 312 2784 rint,
365 2727 443 2772 ne
475 2711 824 2773 existiment
852 2711 936 2772 ita
967 2728 1038 2773 se
1066 2711 1399 2787 adligatOS,
1446 2722 1514 2774 ut
1554 2714 1631 2772 ab
1666 2713 1879 2775 amicis
1911 2713 1969 2772 in
2015 2728 2238 2787 magna

164 2793 364 2869 aliqua
423 2812 491 2855 re
541 2796 831 2872 [publica]
880 2794 1283 2871 peccantibus
1338 2813 1462 2857 non
1523 2795 1872 2858 discedant:
1938 2796 2240 2872 improbis

163 2883 367 2937 autem
402 2895 605 2953 poena
633 2880 958 2941 statuenda
991 2888 1119 2954 est,
1157 2895 1272 2940 nec
1302 2897 1453 2940 vero
1483 2881 1683 2942 minor
1711 2881 1814 2954 iis,
1855 2880 1959 2956 qui
1990 2879 2242 2955 sequuti

166 2968 344 3021 erunt
373 2963 658 3036 alterum,
712 2981 893 3038 quam
937 2963 1041 3036 iis,
1096 2963 1202 3038 qui
1238 2963 1355 3040 ipsi
1399 2964 1621 3026 suerint
1659 2963 1986 3039 impietatis
2024 2966 2241 3024 duces.

165 3043 311 3120 Quis
363 3044 585 3105 clarior
632 3045 691 3106 in
743 3047 998 3107 Graecia
1045 3046 1485 3122 Themistocle,
1552 3047 1688 3123 quis
1731 3047 2083 3124 potentior?
2136 3047 2244 3123 qu'l

167 3145 351 3202 quum
396 3128 733 3203 imperator
763 3130 924 3191 bello
956 3129 1202 3191 Persico
1239 3131 1532 3193 servitute
1567 3132 1880 3192 Graeciam
1924 3131 2243 3213 liberavis-

170 3217 267 3269 set
287 3219 667 3288 propterque
698 3212 984 3273 invidiam
1018 3213 1077 3274 in
1105 3214 1382 3276 exsilium
1404 3217 1708 3292 expulsus
1733 3223 1932 3288 esset,
1964 3215 2244 3291 ingratae

169 3291 400 3363 patriae
445 3293 721 3357 iniuriam
774 3313 897 3358 non
941 3297 1105 3372 tulit,
1160 3315 1344 3373 quam
1390 3301 1549 3359 ferre
1596 3298 1834 3361 debuit:
1889 3298 2035 3360 fecit
2077 3297 2245 3358 idern

170 3374 338 3444 quod
370 3392 454 3436 xx
493 3395 668 3440 anms
712 3385 853 3439 ante
892 3382 1055 3455 apud
1107 3397 1223 3443 nos
1273 3384 1500 3443 fecerat
1532 3383 1912 3444 Coriolanus,
1983 3382 2094 3443 His
2138 3382 2240 3441 ad-
