2381 3723
173 153 245 208 39
964 146 1463 224 FRAGMENTA.
2119 146 2246 210 229.

175 296 485 371 diligebat.
565 298 621 357 Is
650 314 836 373 quum
868 298 1026 357 hanc
1056 314 1231 358 suam
1252 315 1538 371 uxorem,
1573 313 1754 358 anum
1786 305 1847 358 et
1875 298 2240 370 locupletem

172 387 237 440 et
268 381 621 452 molestam,
686 380 955 453 timeret,
1014 397 1216 456 neque
1275 399 1409 441 eam
1475 382 1701 441 habere
1749 381 1808 440 in
1858 381 2241 441 matrimonio

172 470 431 539 propter
463 463 810 525 foeditatem
844 481 1046 539 neque
1085 464 1385 525 dimittere
1434 471 1689 540 propter
1729 466 1929 524 dotem
1974 464 2243 525 volebat.

173 549 390 623 ltaque
442 554 765 624 compecto
810 564 949 608 cum
997 555 1193 608 matre
1232 548 1511 609 Bostaris
1547 548 1885 609 consilium
1927 546 2116 623 cepit,
2180 553 2246 607 ut

175 638 436 706 uterque
474 633 729 692 Romam
771 631 1037 692 veniret:
1083 631 1165 691 ibi
1204 648 1273 692 se
1324 630 1588 707 aliquam
1623 633 1920 694 rationem
1971 630 2245 691 inventu·

175 732 337 785 rum,
385 731 565 789 quem
597 715 671 775 ad
707 715 955 777 modum
986 714 1144 774 illam
1173 731 1429 776 uxorem
1462 717 1743 788 duceret,
1776 715 2176 789 confirmavit.

300 798 403 857 VI.
449 798 516 858 9.
597 796 710 858 Hic
755 798 961 874 opinio
1008 799 1145 871 fuit,
1199 806 1266 858 ut
1306 798 1461 872 dixi,
1515 800 1772 875 duplex,
1826 816 1946 861 una
1988 816 2109 860 non
2141 799 2243 858 ab·

174 883 437 943 horrens
477 898 514 941 a
544 889 708 943 statu
751 889 1089 957 naturaque
1126 899 1360 954 rerum,
1410 882 1617 943 Arinis
1651 901 1904 945 uxorem
1944 882 2240 959 pelicatus

177 967 393 1026 dolore
426 964 817 1039 concitatam,
870 984 1054 1041 quum
1086 966 1364 1028 audisset
1395 965 1642 1027 Arinem
1678 983 1811 1027 cum
1841 966 1943 1026 illa
1972 983 2085 1027 sua
2122 982 2245 1026 me-

92 1056 99 1059 ”
175 1058 277 1110 tus
309 1056 371 1110 et
415 1050 594 1125 fugae
646 1049 1031 1111 simulatione
1067 1052 1323 1111 Romam
1368 1066 1437 1111 se
1482 1050 1848 1123 contulisse,
1906 1060 2001 1123 ut,
2058 1056 2240 1125 quum

176 1142 359 1193 antea
387 1134 771 1195 consuetudo
801 1133 956 1195 inter
985 1150 1096 1195 eos
1128 1134 1373 1207 fuisset,
1417 1141 1542 1194 tum
1574 1134 1749 1194 etiam
1779 1132 2005 1210 nuptiis
2037 1132 2245 1207 iunge·

180 1222 424 1290 rentur,
459 1217 690 1279 arsisse
719 1218 935 1278 dolore
964 1217 1241 1279 muliebri
1277 1224 1338 1277 et
1367 1217 1521 1277 mori
1554 1235 1733 1292 quam
1766 1218 1826 1277 id
1860 1216 2093 1293 perpeti
2123 1232 2245 1275 ma·

176 1297 400 1360 luisse:
495 1300 591 1363 10.
637 1304 828 1362 altera
864 1318 985 1363 non
1029 1301 1225 1362 minus
1257 1300 1386 1362 veri
1418 1301 1628 1362 similis
1670 1309 1760 1371 et,
1808 1307 1876 1362 ut
1904 1300 2143 1377 opinor,
2182 1299 2242 1360 in

175 1383 460 1443 Sardinia
500 1385 690 1459 magis
733 1387 909 1445 etiam
950 1385 1213 1457 credita,
1273 1384 1523 1446 Arinem
1569 1385 1753 1447 istum
1800 1391 2017 1446 testem
2060 1392 2245 1459 atque

178 1467 515 1542 hospitem,
576 1468 799 1541 Triari,
856 1477 1024 1530 tuum
1084 1469 1573 1543 proficiscentem
1626 1472 1879 1531 Romam
1934 1466 2244 1543 negotium

176 1550 429 1611 dedisse
462 1551 706 1625 liberto,
751 1559 820 1613 ut
858 1553 940 1612 illi
978 1553 1254 1614 aniculae
1297 1571 1417 1614 non
1462 1553 1563 1614 ille
1603 1554 1847 1629 quidem
1895 1553 2017 1612 vim
2050 1552 2246 1612 adfer·

177 1642 271 1694 ret
298 1670 384 1679 —-
412 1652 611 1710 neque
644 1636 800 1697 enim
833 1645 963 1697 erat
999 1645 1232 1698 rectum
1262 1645 1559 1713 patronae
1588 1672 1701 1711 —,
1757 1637 1870 1699 sed
1902 1638 2122 1697 collum
2157 1635 2244 1695 di-

177 1716 384 1793 gitulis
416 1720 662 1782 duobus
695 1720 1022 1793 oblitteret,
1076 1720 1365 1781 resticula
1398 1722 1702 1797 cingeret,
1758 1727 1825 1781 ut
1864 1720 1962 1780 illa
2010 1719 2247 1796 perisse

179 1802 518 1878 suspendio
578 1810 912 1881 putaretur.
1016 1805 1110 1865 11.
1174 1806 1341 1881 Quae
1407 1804 1650 1882 quidem
1726 1804 1997 1880 suspicio
2059 1802 2248 1864 valuit
2335 1856 2341 1861 .

180 1885 362 1945 etiam
394 1889 529 1963 plus
563 1889 642 1950 ob
673 1890 832 1950 hanc
865 1905 1142 1960 causam,
1179 1890 1377 1964 quod,
1411 1905 1596 1963 quum
1622 1895 1876 1964 agerent
1912 1886 2247 1964 parentalia

178 1970 488 2030 Norenses
525 1989 862 2048 omnesque
903 1988 1018 2033 suo
1050 1989 1222 2032 more
1251 1989 1328 2033 ex
1370 1971 1601 2048 oppido
1650 1971 1949 2044 exissent,
1994 1977 2121 2031 tum
2148 1969 2247 2028 illa

180 2059 280 2112 est
303 2069 338 2112 a
369 2052 584 2116 liberto
617 2054 1021 2131 suspendisse
1050 2071 1121 2116 se
1142 2054 1322 2115 dicta.
1397 2056 1725 2116 Discessus
1746 2061 1946 2113 autem
1977 2051 2244 2115 solitudo

179 2136 267 2208 ei,
302 2136 405 2211 qui
439 2142 758 2212 patronam
788 2139 1162 2212 suffocabat,
1217 2138 1324 2199 fuit
1365 2139 1747 2214 quaerenda:
1792 2136 1902 2210 illi,
1950 2153 2108 2212 quae
2144 2152 2247 2196 vo·

182 2221 344 2280 lebat
400 2223 582 2295 mori,
643 2239 764 2283 non
820 2223 947 2284 fuit.
1039 2221 1135 2282 12.
1193 2222 1561 2284 Confirmata
1617 2238 1762 2284 vero
1807 2219 2076 2298 suspicio
2132 2226 2245 2289 est,

181 2304 353 2378 quod
395 2321 513 2365 anu
560 2314 801 2368 mortua
848 2307 1101 2367 libertus
1145 2307 1347 2367 statim
1399 2314 1708 2382 tamquam
1744 2322 1933 2381 opere
1964 2305 2243 2366 confecto

180 2388 438 2446 Romam
491 2397 587 2450 est
635 2392 979 2466 profectus,
1042 2390 1182 2450 Aris
1232 2397 1464 2463 autem,
1525 2390 1703 2452 simul
1754 2406 1827 2449 ac
1870 2389 2121 2449 libertus
2170 2388 2247 2447 dc

179 2475 377 2530 morte
400 2473 612 2534 uxoris
638 2473 975 2547 nunciavit,
1008 2473 1297 2536 continuo
1323 2475 1555 2551 Romae
1576 2481 1830 2534 matrem
1854 2473 2013 2533 illam
2033 2473 2247 2534 Bosta-

183 2553 267 2613 ris
302 2555 473 2615 duxit
502 2573 778 2617 uxorem.

307 2639 438 2697 Vll.
492 2639 586 2700 13.
675 2643 764 2700 En
806 2640 1028 2715 quibus
1072 2640 1308 2702 familiis
1366 2656 1547 2716 quam
1601 2638 1831 2711 foedis,
1885 2657 2063 2714 quam
2106 2654 2246 2697 con·

177 2720 514 2794 taminatis,
571 2741 753 2798 quam
799 2724 1076 2800 turpibus
1116 2724 1349 2786 dedatis
1400 2724 1556 2782 hanc
1609 2721 1919 2794 familiam,
1977 2720 2243 2781 iudices!

177 2818 259 2860 en
296 2805 516 2879 quibus
549 2806 808 2867 testibus
847 2807 1132 2869 commoti
1159 2809 1236 2868 de
1267 2824 1387 2882 quo
1420 2806 1693 2878 homine,
1735 2806 1814 2864 de
1845 2822 1965 2880 quo
1998 2819 2243 2879 genere,

177 2885 261 2944 de
297 2904 419 2961 quo
453 2889 698 2951 nomine
732 2892 1068 2953 sententias
1103 2890 1341 2953 feratis!
1397 2889 1890 2951 obliviscendum
1924 2886 2103 2949 vobis
2137 2905 2242 2963 pu-

180 2967 322 3027 tatis
356 2978 612 3033 matrum
646 2974 704 3034 in
741 2973 999 3045 liberos,
1037 2977 1304 3035 virorum
1341 2973 1398 3033 in
1432 2989 1663 3034 uxores
1702 2973 1975 3034 scelera?
2046 2968 2244 3030 Cerni·

180 3049 261 3110 tis
303 3055 659 3117 crudelitate
701 3057 920 3119 mixtas
962 3058 1275 3129 libidines,
1332 3056 1548 3117 videtis
1589 3056 1917 3116 immanes:
1982 3056 2242 3114 duorum

174 3135 582 3200 maximorum
617 3139 931 3201 criminum
963 3148 1279 3213 auctores,
1315 3141 1536 3216 quibus
1561 3138 1910 3201 criminibus
1940 3139 2093 3197 haec
2120 3143 2246 3196 tota

173 3219 343 3292 apud
377 3219 626 3295 ignaros
662 3231 767 3284 aut
803 3224 1046 3285 invidos
1081 3227 1338 3285 formata
1374 3239 1560 3285 causa
1591 3231 1715 3296 est,
1780 3221 1943 3284 omni
1977 3219 2245 3282 facinore

171 3309 238 3361 et
267 3302 498 3378 flagitio
529 3307 906 3368 deformatos
933 3306 1189 3369 habetis.

304 3388 461 3447 V111.
507 3389 604 3448 14.
691 3391 841 3451 Num
873 3390 1058 3469 igitur
1090 3390 1145 3450 in
1180 3389 1274 3450 his
1308 3388 1685 3464 criminibus,
1732 3388 1986 3463 iudiceS,
2020 3385 2243 3448 residet

2217 3590 2297 3624 ,Δ
