2381 3723
167 157 263 213 167
539 147 616 206 m
651 146 730 205 Μ.
764 146 830 204 Τ.
867 143 1305 206 ctcERONEM
1333 141 1858 204 DECLAMATlo.
2113 139 2234 206 357

154 318 381 379 parere
422 300 765 360 crudelitati
809 303 946 357 tuae
985 297 1261 371 coqebas,
1303 313 1483 371 quum
1523 298 1721 356 omnia
1748 296 2002 366 iudicia,
2043 309 2239 355 omnes

159 390 319 466 leqes
344 387 407 444 in
441 391 546 444 tua
573 382 818 443 libidine
844 388 1047 454 erant,
1088 397 1269 455 quum
1298 388 1360 439 tu
1389 380 1623 440 sublata
1644 382 1774 454 leae
1794 379 2012 438 Porcia
2033 387 2238 453 erepta

157 463 429 529 libertate
481 472 745 527 nostrum
799 468 1056 526 omnium
1108 467 1263 524 vitae
1324 465 1598 538 necisque
1642 468 1991 538 potestatem
2054 462 2143 520 ad
2186 470 2239 521 te

158 569 343 613 unum
370 564 773 612 revocaveras.
859 548 918 610 6.
964 550 1154 623 Atque
1176 564 1399 623 parum
1426 553 1537 621 est,
1577 548 1737 621 quod
1761 550 2000 622 impune
2021 545 2238 618 fecisti,

159 652 364 697 verum
396 638 571 696 etiam
598 635 1105 695 commemorando
1129 632 1463 708 exprobras
1489 648 1677 706 neque
1702 633 1840 691 licet
1863 630 2126 690 oblivisci
2148 630 2240 689 his

159 721 452 781 servitutis
475 735 639 779 suae.
724 717 967 791 quris,
998 732 1115 777 oro
1145 722 1202 777 te
1215 761 1231 789 ‚
1264 716 1467 776 Cicero
1480 761 1494 788 ,
1523 715 1857 790 perfeceris
1885 713 2237 789 quodlibet:

159 807 325 865 satis·
344 811 432 863 est
467 817 790 879 perpessos·
818 816 944 861 esse
958 822 978 860 .·
1032 802 1286 861 etiamne
1327 816 1506 859 aures
1546 806 1781 860 nostras
1819 798 2094 862 onerabis
2142 805 2238 857 tuo

158 884 340 948 odio?
380 890 632 947 etiamne
659 886 1075 946 molestissimis
1099 883 1290 944 verbis
1315 879 1719 943 insectabere?
2203 915 2208 920 ’

331 998 566 1058 Cedant
593 1012 762 1057 arma
790 1002 1006 1071 togae,
1046 996 1349 1056 concedat
1374 996 1580 1055 laurea
1611 993 1869 1069 linguae.

166 1128 352 1199 Quasi
389 1144 528 1187 vero
568 1133 800 1201 topatus
837 1133 897 1187 et
920 1143 1054 1195 ‚non
1097 1134 1366 1187 armatus
1398 1143 1474 1185 ea
1487 1172 1502 1199 ‚
1554 1142 1708 1201 quae
1728 1127 2044 1200 ploriaris,
2088 1141 2235 1186 con-

153 1211 408 1284 feceris,
460 1218 642 1285 atque
682 1213 837 1271 inter
885 1218 940 1271 te
979 1208 1325 1285 Sullamque
1365 1207 1706 1270 dictatorem
1732 1218 1986 1285 praeter
2027 1225 2233 1270 nomen

158 1298 400 1372 imperii
432 1296 757 1370 quidquam
793 1295 1150 1368 interfuerit.
1237 1294 1340 1352 lV.
1386 1294 1446 1351 7.
1502 1293 1627 1353 Sed
1649 1294 1797 1369 quid
1819 1310 1927 1367 epo
1955 1297 2142 1370 plura
2164 1294 2238 1353 de

159 1387 264 1458 tua
298 1381 607 1440 insolentia
627 1376 1117 1448 commemorem?
1170 1393 1341 1452 quem
1369 1375 1644 1450 Minerva
1673 1394 1871 1437 omnes
1898 1385 2060 1438 artes
2086 1378 2235 1438 edo-

158 1466 310 1533 cuit,
360 1462 636 1538 Iuppiter
664 1466 915 1537 optimus
943 1464 1241 1522 maximus
1270 1465 1332 1521 in
1361 1464 1676 1521 concilium
1705 1462 1949 1522 deorum
1982 1462 2235 1532 admisit,

158 1546 347 1607 Italia
382 1550 646 1608 exsulem
686 1547 947 1607 humeris
983 1549 1106 1606 suis
1133 1549 1473 1621 reportavit.
1552 1545 1686 1622 ,Oroi
1700 1552 1799 1617 te,
1827 1546 2079 1616 Romule
2109 1546 2234 1603 Ar-

151 1634 373 1705 pinos,
413 1632 519 1705 qui
551 1633 796 1705 eqreyia
827 1637 930 1689 tua
957 1633 1167 1696 virtute
1192 1646 1388 1691 omnes
1413 1625 1684 1703 Paullos,
1726 1630 2029 1705 Scipiones
2043 1675 2059 1701 ,
2100 1630 2233 1687 Fa-

161 1714 285 1775 bios
332 1717 654 1788 superasti,
710 1729 880 1788 quem
926 1714 1164 1774 tandem
1199 1717 1401 1780 locum
1435 1716 1506 1773 in«
1541 1715 1658 1773 hac
1698 1716 1929 1780 civitate
1971 1714 2189 1776 obtines
2204 1709 2235 1772 ?

160 1814 317 1873 quae
352 1799 458 1865 tibi
481 1804 694 1873 partes
731 1800 828 1859 rei
854 1798 1132 1873 publicae
1160 1794 1456 1873 placent?
1510 1814 1680 1873 quem
1721 1801 1975 1858 amicum
1991 1843 2005 1871 ,
2064 1812 2234 1871 quem

158 1884 457 1943 inimicum
485 1879 708 1943 habes?
772 1883 884 1943 Cui
904 1884 1154 1943 insidias
1183 1885 1247 1941 in
1263 1884 1505 1945 civitate
1526 1881 1753 1953 fecisti,
1794 1883 2121 1951 ancillaris,
2152 1913 2235 1922 —-

158 1983 274 2041 quo
301 1969 458 2039 iure,
495 1982 673 2041 quum
701 1967 776 2026 de
802 1969 1011 2026 exsilio
1040 1976 1138 2025 tuo
1164 1965 1543 2043 Dyrrhachio
1574 1964 1811 2036 redisti,
1856 1981 1987 2024 eum
2020 1980 2234 2038 seque-

157 2051 354 2111 baris.
348 2047 498 2099 ⁷-—
557 2067 701 2124 quos
741 2056 1026 2132 tyrannos
1066 2049 1441 2125 appellabas,
1498 2064 1718 2108 eorum
1745 2064 1906 2108 nune
1940 2049 2235 2123 potentiae

151 2131 368 2206 faves!
409 2136 516 2209 qui
537 2134 642 2194 tibi
662 2141 800 2199 ante
820 2136 1126 2209 optimates
1145 2133 1522 2203 videbantur,
1556 2132 1785 2199 eosdem
1805 2148 1965 2192 nune
1987 2132 2233 2192 demen-

157 2226 243 2278 tes
281 2233 364 2282 αα
391 2217 667 2290 furiosos
697 2215 908 2279 vocas!
992 2219 1221 2277 Vatinii
1254 2231 1497 2276 eausam
1538 2218 1697 2290 apis,
1742 2217 1818 2277 de
1860 2215 2045 2277 Sestio
2080 2216 2235 2273 male

156 2303 489 2376 existimas,
533 2301 813 2362 Bibulum
839 2303 1321 2377 petulantissimis
1349 2301 1539 2360 verbis
1566 2302 1782 2374 laedis,
1825 2301 2045 2361 laudas
2076 2298 2230 2359 Cae-

152 2401 381 2459 sarem,
409 2402 617 2460 quem
670 2387 933 2446 maxime
973 2386 1174 2456 odisti,
1230 2386 1289 2445 ei
1330 2386 1600 2444 maxime¹
1639 2385 2000 2461 obsequeris,
2067 2382 2237 2443 aliud

152 2477 350 2542 stans,
403 2471 578 2533 aliud
611 2470 846 2537 sedens
859 2471 934 2530 de
965 2487 1035 2531 re
1055 2470 1298 2545 publica
1326 2471 1534 2542 sentis,
1575 2469 1667 2529 Itis
1693 2473 1849 2532 male
1886 2469 2064 2541 dicis,
2106 2469 2236 2527 illos

151 2554 360 2626 odisti,
415 2554 705 2614 levissime
741 2553 1094 2629 transsuqa,
1150 2569 1338 2627 neque
1376 2554 1439 2613 in
1481 2554 1598 2614 hae
1625 2570 1831 2629 neque
1838 2556 1899 2614 in
1929 2555 2039 2615 illa
2061 2557 2236 2627 parte

143 2637 332 2710 fidem
361 2636 602 2699 habens.
686 2678 689 2685 ν
1299 2680 1302 2681 ⁷

800 2842 803 2845 “
886 2850 1489 2921 ‘psssunocmmnoms

1165 2981 1220 3018 m

584 3112 619 3119 ..
710 3063 1307 3128 C.SALLUST1UM
1349 3032 1688 3157 cmsPuM
1795 3072 1798 3075 ¹

834 3204 837 3207 ’
952 3234 956 3237 Α
982 3190 1369 3239 RESPONSIO.
1453 3200 1454 3203 ’

256 3315 326 3373 l.
356 3317 411 3374 1.
438 3315 547 3374 Ea
560 3316 807 3375 demum
823 3329 1044 3389 magna
1056 3313 1345 3386 voluptas
1368 3317 1482 3383 est,
1498 3308 1710 3384 Crispe
1726 3308 1994 3380 Sallusti,
2010 3321 2225 3378 aequa-

145 3401 272 3459 lem
299 3413 374 3458 ae
394 3402 603 3473 parem
625 3396 830 3458 verbis
845 3396 1025 3457 vitam
1040 3411 1250 3471 agere,-
1267 3411 1480 3470 neque
1487 3392 1819 3470 quidquam
1836 3398 1958 3450 tam
1975 3389 2210 3450 obseoe
