<?xml version="1.0" encoding="UTF-8"?>
<!DOCTYPE html PUBLIC "-//W3C//DTD XHTML 1.0 Transitional//EN"
    "http://www.w3.org/TR/xhtml1/DTD/xhtml1-transitional.dtd">
<html xmlns="http://www.w3.org/1999/xhtml" xml:lang="en" lang="en">
 <head>
  <title>
</title>
<meta http-equiv="Content-Type" content="text/html;charset=utf-8" />
  <meta name='ocr-system' content='tesseract 3.04.00' />
  <meta name='ocr-capabilities' content='ocr_page ocr_carea ocr_par ocr_line ocrx_word'/>
</head>
<body>
  <div class='ocr_page' id='page_1' title='image "./scriptaquaemans01wesegoog_0193.png"; bbox 0 0 2381 3723; ppageno 0'>
   <div class='ocr_carea' id='block_1_1' title="bbox 130 27 2215 145">
    <p class='ocr_par' dir='ltr' id='par_1_1' title="bbox 130 27 2215 145">
     <span class='ocr_line' id='line_1_1' title="bbox 130 27 2215 145; baseline 0.003 -14"><span class='ocrx_word' id='word_1_1' title='bbox 130 82 205 132; x_wconf 75' lang='lat'><strong>55</strong></span> <span class='ocrx_word' id='word_1_2' title='bbox 444 27 447 30; x_wconf 83' lang='lat'><strong>.</strong></span> <span class='ocrx_word' id='word_1_3' title='bbox 776 75 943 135; x_wconf 82' lang='lat' dir='ltr'><strong>CAP.</strong></span> <span class='ocrx_word' id='word_1_4' title='bbox 989 84 1209 136; x_wconf 80' lang='lat'><strong>22—24.</strong></span> <span class='ocrx_word' id='word_1_5' title='bbox 1271 84 1321 145; x_wconf 67' lang='lat'><strong>5.</strong></span> <span class='ocrx_word' id='word_1_6' title='bbox 1366 84 1587 135; x_wconf 84' lang='lat'><strong>85-90.</strong></span> <span class='ocrx_word' id='word_1_7' title='bbox 2095 76 2215 139; x_wconf 82' lang='lat'><strong>171</strong></span> 
     </span>
    </p>
   </div>
   <div class='ocr_carea' id='block_1_2' title="bbox 134 224 2222 1557">
    <p class='ocr_par' dir='ltr' id='par_1_2' title="bbox 136 224 2220 704">
     <span class='ocr_line' id='line_1_2' title="bbox 137 224 2220 302; baseline 0.001 -19"><span class='ocrx_word' id='word_1_8' title='bbox 137 240 400 298; x_wconf 88' lang='lat' dir='ltr'><strong>ramque</strong></span> <span class='ocrx_word' id='word_1_9' title='bbox 443 224 652 285; x_wconf 88' lang='lat' dir='ltr'><strong>mundi</strong></span> <span class='ocrx_word' id='word_1_10' title='bbox 699 232 757 285; x_wconf 90' lang='lat' dir='ltr'><strong>et</strong></span> <span class='ocrx_word' id='word_1_11' title='bbox 800 224 1273 300; x_wconf 80' lang='lat' dir='ltr'><strong>pulcritudinem</strong></span> <span class='ocrx_word' id='word_1_12' title='bbox 1319 225 1592 287; x_wconf 88' lang='lat' dir='ltr'><strong>siderum</strong></span> <span class='ocrx_word' id='word_1_13' title='bbox 1635 224 2081 302; x_wconf 83' lang='lat' dir='ltr'><strong>perspexisset,</strong></span> <span class='ocrx_word' id='word_1_14' title='bbox 2130 227 2220 288; x_wconf 84' lang='lat' dir='ltr'><strong>in·</strong></span> 
     </span>
     <span class='ocr_line' id='line_1_3' title="bbox 140 308 2218 384; baseline 0.001 -17"><span class='ocrx_word' id='word_1_15' title='bbox 140 323 400 369; x_wconf 86' lang='lat' dir='ltr'><strong>suavem</strong></span> <span class='ocrx_word' id='word_1_16' title='bbox 457 308 621 369; x_wconf 89' lang='lat' dir='ltr'><strong>illam</strong></span> <span class='ocrx_word' id='word_1_17' title='bbox 680 308 1144 370; x_wconf 83' lang='lat' dir='ltr'><strong>admirationem</strong></span> <span class='ocrx_word' id='word_1_18' title='bbox 1201 308 1259 369; x_wconf 93' lang='lat' dir='ltr'><strong>ei</strong></span> <span class='ocrx_word' id='word_1_19' title='bbox 1314 312 1479 370; x_wconf 85' lang='lat' dir='ltr'><strong>fore:</strong></span> <span class='ocrx_word' id='word_1_20' title='bbox 1557 326 1717 384; x_wconf 89' lang='lat' dir='ltr'><strong>quae</strong></span> <span class='ocrx_word' id='word_1_21' title='bbox 1772 310 2218 371; x_wconf 90' lang='lat' dir='ltr'><strong>iucundissima</strong></span> 
     </span>
     <span class='ocr_line' id='line_1_4' title="bbox 138 391 2217 467; baseline 0.001 -16"><span class='ocrx_word' id='word_1_22' title='bbox 138 391 382 463; x_wconf 83' lang='lat' dir='ltr'><strong>fuisset,</strong></span> <span class='ocrx_word' id='word_1_23' title='bbox 429 392 483 453; x_wconf 89' lang='lat' dir='ltr'><strong>si</strong></span> <span class='ocrx_word' id='word_1_24' title='bbox 528 392 796 467; x_wconf 81' lang='lat' dir='ltr'><strong>aliquem</strong></span> <span class='ocrx_word' id='word_1_25' title='bbox 833 393 933 454; x_wconf 91' lang='lat' dir='ltr'><strong>cui</strong></span> <span class='ocrx_word' id='word_1_26' title='bbox 964 402 1241 453; x_wconf 79' lang='lat' dir='ltr'><strong>narraret</strong></span> <span class='ocrx_word' id='word_1_27' title='bbox 1270 392 1610 453; x_wconf 82' lang='lat' dir='ltr'><strong>habuisset.</strong></span> <span class='ocrx_word' id='word_1_28' title='bbox 1686 392 1789 454; x_wconf 89' lang='lat' dir='ltr'><strong>Sic</strong></span> <span class='ocrx_word' id='word_1_29' title='bbox 1823 402 2041 454; x_wconf 89' lang='lat' dir='ltr'><strong>natura</strong></span> <span class='ocrx_word' id='word_1_30' title='bbox 2072 395 2217 454; x_wconf 89' lang='lat' dir='ltr'><strong>soli-</strong></span> 
     </span>
     <span class='ocr_line' id='line_1_5' title="bbox 140 474 2218 552; baseline 0.001 -16"><span class='ocrx_word' id='word_1_31' title='bbox 140 475 358 536; x_wconf 86' lang='lat' dir='ltr'><strong>tarium</strong></span> <span class='ocrx_word' id='word_1_32' title='bbox 408 474 556 535; x_wconf 91' lang='lat' dir='ltr'><strong>nihil</strong></span> <span class='ocrx_word' id='word_1_33' title='bbox 600 486 765 537; x_wconf 87' lang='lat' dir='ltr'><strong>amat</strong></span> <span class='ocrx_word' id='word_1_34' title='bbox 819 492 1196 552; x_wconf 85' lang='lat' dir='ltr'><strong>semperque</strong></span> <span class='ocrx_word' id='word_1_35' title='bbox 1239 478 1320 537; x_wconf 90' lang='lat' dir='ltr'><strong>ad</strong></span> <span class='ocrx_word' id='word_1_36' title='bbox 1363 477 1617 551; x_wconf 81' lang='lat' dir='ltr'><strong>aliquod</strong></span> <span class='ocrx_word' id='word_1_37' title='bbox 1678 485 1984 552; x_wconf 88' lang='lat' dir='ltr'><strong>tamquam</strong></span> <span class='ocrx_word' id='word_1_38' title='bbox 2031 479 2218 539; x_wconf 88' lang='lat' dir='ltr'><strong>admi·</strong></span> 
     </span>
     <span class='ocr_line' id='line_1_6' title="bbox 136 559 2217 635; baseline 0.001 -16"><span class='ocrx_word' id='word_1_39' title='bbox 136 560 410 620; x_wconf 88' lang='lat' dir='ltr'><strong>niculnm</strong></span> <span class='ocrx_word' id='word_1_40' title='bbox 465 559 789 620; x_wconf 85' lang='lat' dir='ltr'><strong>adnititur:</strong></span> <span class='ocrx_word' id='word_1_41' title='bbox 857 562 1024 635; x_wconf 91' lang='lat' dir='ltr'><strong>quod</strong></span> <span class='ocrx_word' id='word_1_42' title='bbox 1080 561 1140 621; x_wconf 89' lang='lat' dir='ltr'><strong>in</strong></span> <span class='ocrx_word' id='word_1_43' title='bbox 1196 560 1569 622; x_wconf 89' lang='lat' dir='ltr'><strong>amicissimo</strong></span> <span class='ocrx_word' id='word_1_44' title='bbox 1630 577 1884 635; x_wconf 87' lang='lat' dir='ltr'><strong>quoque</strong></span> <span class='ocrx_word' id='word_1_45' title='bbox 1938 562 2217 622; x_wconf 87' lang='lat' dir='ltr'><strong>dulcissi-</strong></span> 
     </span>
     <span class='ocr_line' id='line_1_7' title="bbox 136 651 467 704; baseline -0.012 -1"><span class='ocrx_word' id='word_1_46' title='bbox 136 660 305 704; x_wconf 88' lang='lat' dir='ltr'><strong>mum</strong></span> <span class='ocrx_word' id='word_1_47' title='bbox 355 651 467 704; x_wconf 90' lang='lat' dir='ltr'><strong>est.</strong></span> 
     </span>
    </p>

    <p class='ocr_par' dir='ltr' id='par_1_3' title="bbox 134 726 2222 1557">
     <span class='ocr_line' id='line_1_8' title="bbox 268 726 2219 804; baseline 0 -16"><span class='ocrx_word' id='word_1_48' title='bbox 268 728 485 788; x_wconf 91' lang='lat' dir='ltr'>XXIV.</span> <span class='ocrx_word' id='word_1_49' title='bbox 534 728 660 788; x_wconf 93' lang='lat' dir='ltr'><strong>Sed</strong></span> <span class='ocrx_word' id='word_1_50' title='bbox 693 745 880 803; x_wconf 90' lang='lat' dir='ltr'><strong>quum</strong></span> <span class='ocrx_word' id='word_1_51' title='bbox 913 736 1004 790; x_wconf 92' lang='lat' dir='ltr'><strong>tot</strong></span> <span class='ocrx_word' id='word_1_52' title='bbox 1038 726 1233 804; x_wconf 81' lang='lat' dir='ltr'><strong>signis</strong></span> <span class='ocrx_word' id='word_1_53' title='bbox 1266 729 1485 789; x_wconf 89' lang='lat' dir='ltr'><strong>eadem</strong></span> <span class='ocrx_word' id='word_1_54' title='bbox 1519 736 1737 788; x_wconf 90' lang='lat' dir='ltr'><strong>natura</strong></span> <span class='ocrx_word' id='word_1_55' title='bbox 1767 730 2040 791; x_wconf 87' lang='lat' dir='ltr'><strong>declaret</strong></span> <span class='ocrx_word' id='word_1_56' title='bbox 2070 728 2219 803; x_wconf 92' lang='lat' dir='ltr'><strong>quid</strong></span> 
     </span>
     <span class='ocr_line' id='line_1_9' title="bbox 140 811 2218 885; baseline 0.001 -14"><span class='ocrx_word' id='word_1_57' title='bbox 140 812 325 884; x_wconf 89' lang='lat' dir='ltr'><strong>velit,</strong></span> <span class='ocrx_word' id='word_1_58' title='bbox 391 811 706 885; x_wconf 81' lang='lat' dir='ltr'><strong>anquirat,</strong></span> <span class='ocrx_word' id='word_1_59' title='bbox 771 812 1112 883; x_wconf 88' lang='lat' dir='ltr'><strong>desideret,</strong></span> <span class='ocrx_word' id='word_1_60' title='bbox 1170 820 1376 873; x_wconf 85' lang='lat' dir='ltr'><strong>tamen</strong></span> <span class='ocrx_word' id='word_1_61' title='bbox 1435 812 1939 873; x_wconf 85' lang='lat' dir='ltr'><strong>obsurdescimus</strong></span> <span class='ocrx_word' id='word_1_62' title='bbox 2007 813 2218 873; x_wconf 90' lang='lat' dir='ltr'><strong>nescio</strong></span> 
     </span>
     <span class='ocr_line' id='line_1_10' title="bbox 134 895 2221 971; baseline 0 -15"><span class='ocrx_word' id='word_1_63' title='bbox 134 912 266 971; x_wconf 88' lang='lat' dir='ltr'><strong>quo</strong></span> <span class='ocrx_word' id='word_1_64' title='bbox 315 895 502 955; x_wconf 91' lang='lat' dir='ltr'><strong>modo</strong></span> <span class='ocrx_word' id='word_1_65' title='bbox 550 912 666 955; x_wconf 90' lang='lat' dir='ltr'><strong>nec</strong></span> <span class='ocrx_word' id='word_1_66' title='bbox 712 912 817 968; x_wconf 89' lang='lat' dir='ltr'><strong>ea,</strong></span> <span class='ocrx_word' id='word_1_67' title='bbox 876 911 1037 970; x_wconf 88' lang='lat' dir='ltr'><strong>quae</strong></span> <span class='ocrx_word' id='word_1_68' title='bbox 1082 895 1160 955; x_wconf 91' lang='lat' dir='ltr'><strong>ab</strong></span> <span class='ocrx_word' id='word_1_69' title='bbox 1212 912 1285 956; x_wconf 88' lang='lat' dir='ltr'><strong>ea</strong></span> <span class='ocrx_word' id='word_1_70' title='bbox 1328 912 1674 967; x_wconf 89' lang='lat' dir='ltr'><strong>monemur,</strong></span> <span class='ocrx_word' id='word_1_71' title='bbox 1722 896 2020 957; x_wconf 85' lang='lat' dir='ltr'><strong>audimus.</strong></span> <span class='ocrx_word' id='word_1_72' title='bbox 2108 898 2221 957; x_wconf 89' lang='lat' dir='ltr'><strong>Est</strong></span> 
     </span>
     <span class='ocr_line' id='line_1_11' title="bbox 139 978 2221 1055; baseline 0 -15"><span class='ocrx_word' id='word_1_73' title='bbox 139 979 305 1041; x_wconf 87' lang='lat' dir='ltr'><strong>enim</strong></span> <span class='ocrx_word' id='word_1_74' title='bbox 344 978 556 1038; x_wconf 89' lang='lat' dir='ltr'><strong>varius</strong></span> <span class='ocrx_word' id='word_1_75' title='bbox 599 986 661 1039; x_wconf 89' lang='lat' dir='ltr'><strong>et</strong></span> <span class='ocrx_word' id='word_1_76' title='bbox 704 979 1020 1054; x_wconf 81' lang='lat' dir='ltr'><strong>multiplex</strong></span> <span class='ocrx_word' id='word_1_77' title='bbox 1062 996 1217 1052; x_wconf 89' lang='lat' dir='ltr'><strong>usus</strong></span> <span class='ocrx_word' id='word_1_78' title='bbox 1263 978 1563 1040; x_wconf 89' lang='lat' dir='ltr'><strong>amicitiae</strong></span> <span class='ocrx_word' id='word_1_79' title='bbox 1594 982 1949 1055; x_wconf 89' lang='lat' dir='ltr'><strong>multaeque</strong></span> <span class='ocrx_word' id='word_1_80' title='bbox 1993 996 2221 1041; x_wconf 86' lang='lat' dir='ltr'><strong>causae</strong></span> 
     </span>
     <span class='ocr_line' id='line_1_12' title="bbox 136 1062 2219 1139; baseline -0.001 -14"><span class='ocrx_word' id='word_1_81' title='bbox 136 1064 566 1138; x_wconf 83' lang='lat' dir='ltr'><strong>suspicionum</strong></span> <span class='ocrx_word' id='word_1_82' title='bbox 601 1062 1143 1139; x_wconf 84' lang='lat' dir='ltr'><strong>offensionumque</strong></span> <span class='ocrx_word' id='word_1_83' title='bbox 1176 1065 1422 1139; x_wconf 88' lang='lat' dir='ltr'><strong>dantur,</strong></span> <span class='ocrx_word' id='word_1_84' title='bbox 1459 1079 1615 1137; x_wconf 91' lang='lat' dir='ltr'><strong>quas</strong></span> <span class='ocrx_word' id='word_1_85' title='bbox 1648 1071 1774 1123; x_wconf 88' lang='lat' dir='ltr'><strong>tum</strong></span> <span class='ocrx_word' id='word_1_86' title='bbox 1805 1063 2055 1138; x_wconf 87' lang='lat' dir='ltr'><strong>evitare,</strong></span> <span class='ocrx_word' id='word_1_87' title='bbox 2095 1073 2219 1124; x_wconf 91' lang='lat' dir='ltr'><strong>tum</strong></span> 
     </span>
     <span class='ocr_line' id='line_1_13' title="bbox 137 1147 2220 1222; baseline -0.001 -13"><span class='ocrx_word' id='word_1_88' title='bbox 137 1152 420 1219; x_wconf 89' lang='lat' dir='ltr'><strong>elevare,</strong></span> <span class='ocrx_word' id='word_1_89' title='bbox 465 1154 591 1207; x_wconf 91' lang='lat' dir='ltr'><strong>tum</strong></span> <span class='ocrx_word' id='word_1_90' title='bbox 639 1148 802 1207; x_wconf 83' lang='lat' dir='ltr'><strong>serre</strong></span> <span class='ocrx_word' id='word_1_91' title='bbox 841 1147 1141 1222; x_wconf 89' lang='lat' dir='ltr'><strong>sapientis</strong></span> <span class='ocrx_word' id='word_1_92' title='bbox 1189 1154 1304 1208; x_wconf 91' lang='lat' dir='ltr'><strong>est.</strong></span> <span class='ocrx_word' id='word_1_93' title='bbox 1395 1148 1530 1208; x_wconf 88' lang='lat' dir='ltr'><strong>Una</strong></span> <span class='ocrx_word' id='word_1_94' title='bbox 1566 1147 1669 1207; x_wconf 88' lang='lat' dir='ltr'><strong>illa</strong></span> <span class='ocrx_word' id='word_1_95' title='bbox 1701 1147 2085 1208; x_wconf 88' lang='lat' dir='ltr'><strong>sublevanda</strong></span> <span class='ocrx_word' id='word_1_96' title='bbox 2123 1155 2220 1207; x_wconf 90' lang='lat' dir='ltr'><strong>est</strong></span> 
     </span>
     <span class='ocr_line' id='line_1_14' title="bbox 140 1230 2220 1300; baseline -0.001 -7"><span class='ocrx_word' id='word_1_97' title='bbox 140 1231 437 1300; x_wconf 83' lang='lat' dir='ltr'><strong>offensio,</strong></span> <span class='ocrx_word' id='word_1_98' title='bbox 486 1240 554 1290; x_wconf 91' lang='lat' dir='ltr'><strong>ut</strong></span> <span class='ocrx_word' id='word_1_99' title='bbox 599 1239 661 1291; x_wconf 90' lang='lat' dir='ltr'><strong>et</strong></span> <span class='ocrx_word' id='word_1_100' title='bbox 703 1231 933 1292; x_wconf 83' lang='lat' dir='ltr'><strong>utilitas</strong></span> <span class='ocrx_word' id='word_1_101' title='bbox 977 1231 1038 1291; x_wconf 94' lang='lat' dir='ltr'><strong>in</strong></span> <span class='ocrx_word' id='word_1_102' title='bbox 1071 1230 1336 1291; x_wconf 87' lang='lat' dir='ltr'><strong>amicitia</strong></span> <span class='ocrx_word' id='word_1_103' title='bbox 1371 1238 1434 1292; x_wconf 86' lang='lat' dir='ltr'><strong>et</strong></span> <span class='ocrx_word' id='word_1_104' title='bbox 1464 1230 1620 1291; x_wconf 87' lang='lat' dir='ltr'><strong>fides</strong></span> <span class='ocrx_word' id='word_1_105' title='bbox 1656 1233 2029 1291; x_wconf 86' lang='lat' dir='ltr'><strong>retineatur:</strong></span> <span class='ocrx_word' id='word_1_106' title='bbox 2079 1247 2220 1291; x_wconf 90' lang='lat' dir='ltr'><strong>nam</strong></span> 
     </span>
     <span class='ocr_line' id='line_1_15' title="bbox 143 1312 2222 1390; baseline -0 -14"><span class='ocrx_word' id='word_1_107' title='bbox 143 1324 207 1376; x_wconf 90' lang='lat' dir='ltr'><strong>et</strong></span> <span class='ocrx_word' id='word_1_108' title='bbox 250 1314 541 1375; x_wconf 89' lang='lat' dir='ltr'><strong>monendi</strong></span> <span class='ocrx_word' id='word_1_109' title='bbox 586 1312 766 1375; x_wconf 87' lang='lat' dir='ltr'><strong>amici</strong></span> <span class='ocrx_word' id='word_1_110' title='bbox 811 1330 1005 1390; x_wconf 85' lang='lat' dir='ltr'><strong>saepe</strong></span> <span class='ocrx_word' id='word_1_111' title='bbox 1050 1322 1197 1375; x_wconf 89' lang='lat' dir='ltr'><strong>sunt</strong></span> <span class='ocrx_word' id='word_1_112' title='bbox 1242 1322 1303 1375; x_wconf 89' lang='lat' dir='ltr'><strong>et</strong></span> <span class='ocrx_word' id='word_1_113' title='bbox 1346 1314 1714 1390; x_wconf 84' lang='lat' dir='ltr'><strong>obiurgandi</strong></span> <span class='ocrx_word' id='word_1_114' title='bbox 1760 1322 1820 1375; x_wconf 89' lang='lat' dir='ltr'><strong>et</strong></span> <span class='ocrx_word' id='word_1_115' title='bbox 1865 1314 2019 1374; x_wconf 89' lang='lat' dir='ltr'><strong>haec</strong></span> <span class='ocrx_word' id='word_1_116' title='bbox 2065 1314 2222 1375; x_wconf 88' lang='lat' dir='ltr'><strong>acci·</strong></span> 
     </span>
     <span class='ocr_line' id='line_1_16' title="bbox 145 1398 2219 1476; baseline 0 -18"><span class='ocrx_word' id='word_1_117' title='bbox 145 1398 369 1476; x_wconf 87' lang='lat' dir='ltr'><strong>pienda</strong></span> <span class='ocrx_word' id='word_1_118' title='bbox 416 1398 629 1473; x_wconf 88' lang='lat' dir='ltr'><strong>amice,</strong></span> <span class='ocrx_word' id='word_1_119' title='bbox 680 1416 868 1473; x_wconf 90' lang='lat' dir='ltr'><strong>quum</strong></span> <span class='ocrx_word' id='word_1_120' title='bbox 901 1400 1214 1470; x_wconf 50' lang='lat' dir='ltr'><strong>benevole,</strong></span> <span class='ocrx_word' id='word_1_121' title='bbox 1251 1399 1426 1459; x_wconf 88' lang='lat' dir='ltr'><strong>fiunt.</strong></span> <span class='ocrx_word' id='word_1_122' title='bbox 1516 1398 1619 1459; x_wconf 88' lang='grc'><strong>89.</strong></span> <span class='ocrx_word' id='word_1_123' title='bbox 1670 1398 1794 1459; x_wconf 89' lang='lat' dir='ltr'><strong>Sed</strong></span> <span class='ocrx_word' id='word_1_124' title='bbox 1833 1398 2046 1459; x_wconf 88' lang='lat' dir='ltr'><strong>nescio</strong></span> <span class='ocrx_word' id='word_1_125' title='bbox 2095 1414 2219 1472; x_wconf 93' lang='lat' dir='ltr'><strong>quo</strong></span> 
     </span>
     <span class='ocr_line' id='line_1_17' title="bbox 142 1481 2138 1557; baseline -0.001 -14"><span class='ocrx_word' id='word_1_126' title='bbox 142 1484 331 1545; x_wconf 88' lang='lat' dir='ltr'><strong>modo</strong></span> <span class='ocrx_word' id='word_1_127' title='bbox 383 1498 594 1543; x_wconf 87' lang='lat' dir='ltr'><strong>verum</strong></span> <span class='ocrx_word' id='word_1_128' title='bbox 643 1491 739 1543; x_wconf 92' lang='lat' dir='ltr'><strong>est</strong></span> <span class='ocrx_word' id='word_1_129' title='bbox 783 1484 952 1557; x_wconf 89' lang='lat' dir='ltr'><strong>quod</strong></span> <span class='ocrx_word' id='word_1_130' title='bbox 998 1481 1058 1542; x_wconf 90' lang='lat' dir='ltr'><strong>in</strong></span> <span class='ocrx_word' id='word_1_131' title='bbox 1103 1481 1332 1545; x_wconf 83' lang='lat' dir='ltr'><strong>Andria</strong></span> <span class='ocrx_word' id='word_1_132' title='bbox 1379 1482 1691 1543; x_wconf 73' lang='lat' dir='ltr'><strong>familiaris</strong></span> <span class='ocrx_word' id='word_1_133' title='bbox 1738 1498 1915 1543; x_wconf 88' lang='lat' dir='ltr'><strong>meus</strong></span> <span class='ocrx_word' id='word_1_134' title='bbox 1963 1482 2138 1543; x_wconf 89' lang='lat' dir='ltr'><strong>dicit:</strong></span> 
     </span>
    </p>
   </div>
   <div class='ocr_carea' id='block_1_3' title="bbox 317 1597 1701 1676">
    <p class='ocr_par' dir='ltr' id='par_1_4' title="bbox 317 1597 1701 1676">
     <span class='ocr_line' id='line_1_18' title="bbox 317 1597 1701 1676; baseline -0.001 -15"><span class='ocrx_word' id='word_1_135' title='bbox 317 1599 663 1674; x_wconf 77' lang='lat' dir='ltr'><strong>Obsequium</strong></span> <span class='ocrx_word' id='word_1_136' title='bbox 709 1597 961 1667; x_wconf 67' lang='lat' dir='ltr'><strong>amicos,</strong></span> <span class='ocrx_word' id='word_1_137' title='bbox 1007 1603 1229 1660; x_wconf 74' lang='lat' dir='ltr'><strong>veritas</strong></span> <span class='ocrx_word' id='word_1_138' title='bbox 1272 1600 1471 1661; x_wconf 77' lang='lat' dir='ltr'><strong>odium</strong></span> <span class='ocrx_word' id='word_1_139' title='bbox 1503 1603 1701 1676; x_wconf 79' lang='lat' dir='ltr'><strong>parit.</strong></span> 
     </span>
    </p>
   </div>
   <div class='ocr_carea' id='block_1_4' title="bbox 143 1732 2230 3407">
    <p class='ocr_par' dir='ltr' id='par_1_5' title="bbox 143 1732 2230 3407">
     <span class='ocr_line' id='line_1_19' title="bbox 144 1732 2224 1808; baseline -0.001 -14"><span class='ocrx_word' id='word_1_140' title='bbox 144 1734 412 1795; x_wconf 87' lang='lat' dir='ltr'><strong>Molesta</strong></span> <span class='ocrx_word' id='word_1_141' title='bbox 458 1732 704 1802; x_wconf 88' lang='lat' dir='ltr'><strong>veritas,</strong></span> <span class='ocrx_word' id='word_1_142' title='bbox 751 1732 805 1792; x_wconf 90' lang='lat' dir='ltr'><strong>si</strong></span> <span class='ocrx_word' id='word_1_143' title='bbox 838 1732 1085 1807; x_wconf 88' lang='lat' dir='ltr'><strong>quidem</strong></span> <span class='ocrx_word' id='word_1_144' title='bbox 1117 1749 1195 1792; x_wconf 88' lang='lat' dir='ltr'><strong>ex</strong></span> <span class='ocrx_word' id='word_1_145' title='bbox 1228 1749 1301 1792; x_wconf 86' lang='lat' dir='ltr'><strong>ea</strong></span> <span class='ocrx_word' id='word_1_146' title='bbox 1331 1734 1607 1794; x_wconf 89' lang='lat' dir='ltr'><strong>nascitur</strong></span> <span class='ocrx_word' id='word_1_147' title='bbox 1638 1733 1864 1802; x_wconf 87' lang='lat' dir='ltr'><strong>odium,</strong></span> <span class='ocrx_word' id='word_1_148' title='bbox 1914 1732 2085 1808; x_wconf 90' lang='lat' dir='ltr'><strong>quod</strong></span> <span class='ocrx_word' id='word_1_149' title='bbox 2128 1740 2224 1792; x_wconf 89' lang='lat' dir='ltr'><strong>est</strong></span> 
     </span>
     <span class='ocr_line' id='line_1_20' title="bbox 145 1815 2223 1892; baseline -0 -15"><span class='ocrx_word' id='word_1_150' title='bbox 145 1833 454 1879; x_wconf 70' lang='lat' dir='ltr'><strong>venenum</strong></span> <span class='ocrx_word' id='word_1_151' title='bbox 499 1816 832 1887; x_wconf 88' lang='lat' dir='ltr'><strong>amicitiae,</strong></span> <span class='ocrx_word' id='word_1_152' title='bbox 881 1818 994 1878; x_wconf 89' lang='lat' dir='ltr'><strong>sed</strong></span> <span class='ocrx_word' id='word_1_153' title='bbox 1027 1816 1397 1892; x_wconf 90' lang='lat' dir='ltr'><strong>obsequium</strong></span> <span class='ocrx_word' id='word_1_154' title='bbox 1430 1820 1620 1878; x_wconf 88' lang='lat' dir='ltr'><strong>multo</strong></span> <span class='ocrx_word' id='word_1_155' title='bbox 1652 1815 2001 1886; x_wconf 89' lang='lat' dir='ltr'><strong>molestius,</strong></span> <span class='ocrx_word' id='word_1_156' title='bbox 2052 1816 2223 1891; x_wconf 92' lang='lat' dir='ltr'><strong>quod</strong></span> 
     </span>
     <span class='ocr_line' id='line_1_21' title="bbox 149 1900 2224 1977; baseline -0.002 -14"><span class='ocrx_word' id='word_1_157' title='bbox 149 1901 422 1977; x_wconf 83' lang='lat' dir='ltr'><strong>peccatis</strong></span> <span class='ocrx_word' id='word_1_158' title='bbox 451 1901 775 1975; x_wconf 84' lang='lat' dir='ltr'><strong>indulgens</strong></span> <span class='ocrx_word' id='word_1_159' title='bbox 807 1901 1213 1977; x_wconf 89' lang='lat' dir='ltr'><strong>praecipitem</strong></span> <span class='ocrx_word' id='word_1_160' title='bbox 1246 1901 1506 1961; x_wconf 88' lang='lat' dir='ltr'><strong>amicum</strong></span> <span class='ocrx_word' id='word_1_161' title='bbox 1544 1900 1688 1960; x_wconf 80' lang='lat' dir='ltr'><strong>ferri</strong></span> <span class='ocrx_word' id='word_1_162' title='bbox 1718 1901 1882 1961; x_wconf 89' lang='lat' dir='ltr'><strong>sinit.</strong></span> <span class='ocrx_word' id='word_1_163' title='bbox 1953 1900 2224 1960; x_wconf 86' lang='lat' dir='ltr'><strong>Maxima</strong></span> 
     </span>
     <span class='ocr_line' id='line_1_22' title="bbox 145 1983 2223 2060; baseline -0.002 -14"><span class='ocrx_word' id='word_1_164' title='bbox 145 1997 351 2046; x_wconf 88' lang='lat' dir='ltr'><strong>autem</strong></span> <span class='ocrx_word' id='word_1_165' title='bbox 399 1987 584 2060; x_wconf 87' lang='lat' dir='ltr'><strong>culpa</strong></span> <span class='ocrx_word' id='word_1_166' title='bbox 627 1985 685 2045; x_wconf 92' lang='lat' dir='ltr'><strong>in</strong></span> <span class='ocrx_word' id='word_1_167' title='bbox 734 1999 830 2056; x_wconf 89' lang='lat' dir='ltr'><strong>eo,</strong></span> <span class='ocrx_word' id='word_1_168' title='bbox 878 1985 984 2060; x_wconf 90' lang='lat' dir='ltr'><strong>qui</strong></span> <span class='ocrx_word' id='word_1_169' title='bbox 1015 1994 1076 2047; x_wconf 93' lang='lat' dir='ltr'><strong>et</strong></span> <span class='ocrx_word' id='word_1_170' title='bbox 1102 1985 1421 2046; x_wconf 87' lang='lat' dir='ltr'><strong>veritatem</strong></span> <span class='ocrx_word' id='word_1_171' title='bbox 1454 1993 1823 2059; x_wconf 81' lang='lat' dir='ltr'><strong>aspernatur</strong></span> <span class='ocrx_word' id='word_1_172' title='bbox 1866 1983 2019 2043; x_wconf 90' lang='lat' dir='ltr'><strong>etin</strong></span> <span class='ocrx_word' id='word_1_173' title='bbox 2061 1983 2223 2043; x_wconf 79' lang='lat' dir='ltr'><strong>irau-</strong></span> 
     </span>
     <span class='ocr_line' id='line_1_23' title="bbox 148 2066 2225 2145; baseline -0.002 -15"><span class='ocrx_word' id='word_1_174' title='bbox 148 2071 285 2130; x_wconf 91' lang='lat' dir='ltr'><strong>dem</strong></span> <span class='ocrx_word' id='word_1_175' title='bbox 334 2068 640 2145; x_wconf 92' lang='lat' dir='ltr'><strong>obsequio</strong></span> <span class='ocrx_word' id='word_1_176' title='bbox 685 2068 1033 2145; x_wconf 90' lang='lat' dir='ltr'><strong>impellitur.</strong></span> <span class='ocrx_word' id='word_1_177' title='bbox 1125 2068 1303 2129; x_wconf 88' lang='lat' dir='ltr'><strong>Omni</strong></span> <span class='ocrx_word' id='word_1_178' title='bbox 1345 2066 1529 2143; x_wconf 83' lang='lat' dir='ltr'><strong>igitur</strong></span> <span class='ocrx_word' id='word_1_179' title='bbox 1564 2067 1680 2127; x_wconf 89' lang='lat' dir='ltr'><strong>hac</strong></span> <span class='ocrx_word' id='word_1_180' title='bbox 1717 2067 1779 2126; x_wconf 91' lang='lat' dir='ltr'><strong>in</strong></span> <span class='ocrx_word' id='word_1_181' title='bbox 1825 2083 1894 2127; x_wconf 89' lang='lat' dir='ltr'><strong>re</strong></span> <span class='ocrx_word' id='word_1_182' title='bbox 1938 2066 2225 2126; x_wconf 84' lang='lat' dir='ltr'><strong>habenda</strong></span> 
     </span>
     <span class='ocr_line' id='line_1_24' title="bbox 149 2149 2225 2230; baseline -0.001 -17"><span class='ocrx_word' id='word_1_183' title='bbox 149 2154 304 2215; x_wconf 89' lang='lat' dir='ltr'><strong>ratio</strong></span> <span class='ocrx_word' id='word_1_184' title='bbox 336 2162 398 2214; x_wconf 90' lang='lat' dir='ltr'><strong>et</strong></span> <span class='ocrx_word' id='word_1_185' title='bbox 427 2153 741 2228; x_wconf 84' lang='lat' dir='ltr'><strong>diligentia</strong></span> <span class='ocrx_word' id='word_1_186' title='bbox 772 2161 884 2222; x_wconf 89' lang='lat' dir='ltr'><strong>est,</strong></span> <span class='ocrx_word' id='word_1_187' title='bbox 933 2152 1196 2230; x_wconf 89' lang='lat' dir='ltr'><strong>primum</strong></span> <span class='ocrx_word' id='word_1_188' title='bbox 1224 2158 1294 2212; x_wconf 90' lang='lat' dir='ltr'><strong>ut</strong></span> <span class='ocrx_word' id='word_1_189' title='bbox 1323 2151 1578 2212; x_wconf 89' lang='lat' dir='ltr'><strong>monitio</strong></span> <span class='ocrx_word' id='word_1_190' title='bbox 1610 2150 1966 2223; x_wconf 87' lang='lat' dir='ltr'><strong>acerbitate,</strong></span> <span class='ocrx_word' id='word_1_191' title='bbox 2000 2149 2225 2210; x_wconf 90' lang='lat' dir='ltr'><strong>deinde</strong></span> 
     </span>
     <span class='ocr_line' id='line_1_25' title="bbox 147 2235 2224 2313; baseline -0.002 -14"><span class='ocrx_word' id='word_1_192' title='bbox 147 2247 216 2299; x_wconf 88' lang='lat' dir='ltr'><strong>ut</strong></span> <span class='ocrx_word' id='word_1_193' title='bbox 248 2237 596 2313; x_wconf 85' lang='lat' dir='ltr'><strong>obiurgatio</strong></span> <span class='ocrx_word' id='word_1_194' title='bbox 629 2238 1003 2298; x_wconf 89' lang='lat' dir='ltr'><strong>contumelia</strong></span> <span class='ocrx_word' id='word_1_195' title='bbox 1033 2243 1260 2296; x_wconf 90' lang='lat' dir='ltr'><strong>careat.</strong></span> <span class='ocrx_word' id='word_1_196' title='bbox 1333 2238 1398 2296; x_wconf 91' lang='lat' dir='ltr'><strong>In</strong></span> <span class='ocrx_word' id='word_1_197' title='bbox 1433 2235 1737 2312; x_wconf 91' lang='lat' dir='ltr'><strong>obsequio</strong></span> <span class='ocrx_word' id='word_1_198' title='bbox 1770 2242 1994 2306; x_wconf 89' lang='lat' dir='ltr'><strong>autem,</strong></span> <span class='ocrx_word' id='word_1_199' title='bbox 2030 2251 2224 2309; x_wconf 89' lang='lat' dir='ltr'><strong>quon-</strong></span> 
     </span>
     <span class='ocr_line' id='line_1_26' title="bbox 148 2317 2224 2392; baseline -0.001 -11"><span class='ocrx_word' id='word_1_200' title='bbox 148 2322 266 2382; x_wconf 90' lang='lat' dir='ltr'><strong>iam</strong></span> <span class='ocrx_word' id='word_1_201' title='bbox 331 2320 701 2383; x_wconf 84' lang='lat' dir='ltr'><strong>Terentiano</strong></span> <span class='ocrx_word' id='word_1_202' title='bbox 767 2321 961 2382; x_wconf 93' lang='lat' dir='ltr'><strong>verbo</strong></span> <span class='ocrx_word' id='word_1_203' title='bbox 1031 2320 1314 2381; x_wconf 86' lang='lat' dir='ltr'><strong>lubenter</strong></span> <span class='ocrx_word' id='word_1_204' title='bbox 1376 2321 1638 2392; x_wconf 86' lang='lat' dir='ltr'><strong>utimur,</strong></span> <span class='ocrx_word' id='word_1_205' title='bbox 1716 2319 1975 2381; x_wconf 89' lang='lat' dir='ltr'><strong>comitas</strong></span> <span class='ocrx_word' id='word_1_206' title='bbox 2042 2317 2224 2388; x_wconf 90' lang='lat' dir='ltr'><strong>adsit,</strong></span> 
     </span>
     <span class='ocr_line' id='line_1_27' title="bbox 151 2404 2225 2481; baseline -0.001 -16"><span class='ocrx_word' id='word_1_207' title='bbox 151 2406 506 2466; x_wconf 87' lang='lat' dir='ltr'><strong>adsentatio</strong></span> <span class='ocrx_word' id='word_1_208' title='bbox 558 2405 839 2466; x_wconf 90' lang='lat' dir='ltr'><strong>vitiorum</strong></span> <span class='ocrx_word' id='word_1_209' title='bbox 885 2404 1155 2466; x_wconf 86' lang='lat' dir='ltr'><strong>adiutrix</strong></span> <span class='ocrx_word' id='word_1_210' title='bbox 1200 2406 1415 2481; x_wconf 91' lang='lat' dir='ltr'><strong>procul</strong></span> <span class='ocrx_word' id='word_1_211' title='bbox 1460 2411 1843 2473; x_wconf 88' lang='lat' dir='ltr'><strong>amoveatur,</strong></span> <span class='ocrx_word' id='word_1_212' title='bbox 1892 2418 2055 2478; x_wconf 85' lang='lat' dir='ltr'><strong>quae</strong></span> <span class='ocrx_word' id='word_1_213' title='bbox 2099 2419 2225 2464; x_wconf 91' lang='lat' dir='ltr'><strong>non</strong></span> 
     </span>
     <span class='ocr_line' id='line_1_28' title="bbox 150 2486 2219 2564; baseline -0.001 -15"><span class='ocrx_word' id='word_1_214' title='bbox 150 2490 338 2550; x_wconf 88' lang='lat' dir='ltr'><strong>modo</strong></span> <span class='ocrx_word' id='word_1_215' title='bbox 383 2489 601 2562; x_wconf 77' lang='lat' dir='ltr'><strong>amico,</strong></span> <span class='ocrx_word' id='word_1_216' title='bbox 647 2490 762 2552; x_wconf 93' lang='lat' dir='ltr'><strong>sed</strong></span> <span class='ocrx_word' id='word_1_217' title='bbox 806 2505 885 2550; x_wconf 90' lang='lat' dir='ltr'><strong>ne</strong></span> <span class='ocrx_word' id='word_1_218' title='bbox 933 2489 1126 2550; x_wconf 90' lang='lat' dir='ltr'><strong>libero</strong></span> <span class='ocrx_word' id='word_1_219' title='bbox 1174 2488 1420 2564; x_wconf 77' lang='lat' dir='ltr'><strong>quidem</strong></span> <span class='ocrx_word' id='word_1_220' title='bbox 1465 2489 1649 2563; x_wconf 84' lang='lat' dir='ltr'><strong>digna</strong></span> <span class='ocrx_word' id='word_1_221' title='bbox 1681 2496 1805 2548; x_wconf 87' lang='lat' dir='ltr'><strong>est:</strong></span> <span class='ocrx_word' id='word_1_222' title='bbox 1852 2487 2031 2548; x_wconf 90' lang='lat' dir='ltr'><strong>aliter</strong></span> <span class='ocrx_word' id='word_1_223' title='bbox 2059 2486 2219 2547; x_wconf 88' lang='lat' dir='ltr'><strong>enim</strong></span> 
     </span>
     <span class='ocr_line' id='line_1_29' title="bbox 152 2570 2226 2650; baseline -0.002 -18"><span class='ocrx_word' id='word_1_224' title='bbox 152 2589 292 2633; x_wconf 86' lang='lat' dir='ltr'><strong>cum</strong></span> <span class='ocrx_word' id='word_1_225' title='bbox 335 2581 623 2650; x_wconf 80' lang='lat' dir='ltr'><strong>tyranno,</strong></span> <span class='ocrx_word' id='word_1_226' title='bbox 672 2572 847 2633; x_wconf 89' lang='lat' dir='ltr'><strong>aliter</strong></span> <span class='ocrx_word' id='word_1_227' title='bbox 891 2588 1028 2632; x_wconf 89' lang='lat' dir='ltr'><strong>cum</strong></span> <span class='ocrx_word' id='word_1_228' title='bbox 1058 2572 1257 2633; x_wconf 87' lang='lat' dir='ltr'><strong>amico</strong></span> <span class='ocrx_word' id='word_1_229' title='bbox 1306 2570 1547 2631; x_wconf 81' lang='lat' dir='ltr'><strong>vivitur.</strong></span> <span class='ocrx_word' id='word_1_230' title='bbox 1638 2571 1740 2629; x_wconf 82' lang='lat'><strong>90.</strong></span> <span class='ocrx_word' id='word_1_231' title='bbox 1789 2571 1971 2631; x_wconf 87' lang='lat' dir='ltr'><strong>Cuius</strong></span> <span class='ocrx_word' id='word_1_232' title='bbox 2018 2578 2226 2630; x_wconf 87' lang='lat' dir='ltr'><strong>autem</strong></span> 
     </span>
     <span class='ocr_line' id='line_1_30' title="bbox 152 2650 2224 2731; baseline -0.002 -15"><span class='ocrx_word' id='word_1_233' title='bbox 152 2672 338 2716; x_wconf 86' lang='lat' dir='ltr'><strong>aures</strong></span> <span class='ocrx_word' id='word_1_234' title='bbox 382 2661 634 2718; x_wconf 87' lang='lat' dir='ltr'><strong>clausae</strong></span> <span class='ocrx_word' id='word_1_235' title='bbox 680 2657 920 2718; x_wconf 88' lang='lat' dir='ltr'><strong>veritati</strong></span> <span class='ocrx_word' id='word_1_236' title='bbox 967 2665 1129 2731; x_wconf 88' lang='lat' dir='ltr'><strong>sunt,</strong></span> <span class='ocrx_word' id='word_1_237' title='bbox 1177 2665 1245 2716; x_wconf 87' lang='lat' dir='ltr'><strong>ut</strong></span> <span class='ocrx_word' id='word_1_238' title='bbox 1288 2655 1366 2714; x_wconf 88' lang='lat' dir='ltr'><strong>ab</strong></span> <span class='ocrx_word' id='word_1_239' title='bbox 1398 2654 1595 2714; x_wconf 90' lang='lat' dir='ltr'><strong>amico</strong></span> <span class='ocrx_word' id='word_1_240' title='bbox 1630 2669 1842 2713; x_wconf 87' lang='lat' dir='ltr'><strong>verum</strong></span> <span class='ocrx_word' id='word_1_241' title='bbox 1872 2650 2089 2712; x_wconf 88' lang='lat' dir='ltr'><strong>audire</strong></span> <span class='ocrx_word' id='word_1_242' title='bbox 2117 2668 2224 2712; x_wconf 90' lang='lat' dir='ltr'><strong>ne·</strong></span> 
     </span>
     <span class='ocr_line' id='line_1_31' title="bbox 151 2734 2227 2816; baseline -0.003 -14"><span class='ocrx_word' id='word_1_243' title='bbox 151 2748 358 2816; x_wconf 90' lang='lat' dir='ltr'><strong>queat,</strong></span> <span class='ocrx_word' id='word_1_244' title='bbox 405 2741 585 2802; x_wconf 89' lang='lat' dir='ltr'><strong>huius</strong></span> <span class='ocrx_word' id='word_1_245' title='bbox 632 2743 804 2801; x_wconf 86' lang='lat' dir='ltr'><strong>salus</strong></span> <span class='ocrx_word' id='word_1_246' title='bbox 836 2741 1231 2816; x_wconf 87' lang='lat' dir='ltr'><strong>desperanda</strong></span> <span class='ocrx_word' id='word_1_247' title='bbox 1276 2746 1391 2799; x_wconf 90' lang='lat' dir='ltr'><strong>est.</strong></span> <span class='ocrx_word' id='word_1_248' title='bbox 1483 2735 1713 2799; x_wconf 89' lang='lat' dir='ltr'><strong>Scitum</strong></span> <span class='ocrx_word' id='word_1_249' title='bbox 1748 2742 1854 2798; x_wconf 78' lang='lat' dir='ltr'><strong>est·</strong></span> <span class='ocrx_word' id='word_1_250' title='bbox 1884 2736 2043 2796; x_wconf 90' lang='lat' dir='ltr'><strong>enim</strong></span> <span class='ocrx_word' id='word_1_251' title='bbox 2077 2734 2227 2796; x_wconf 92' lang='lat' dir='ltr'><strong>illud</strong></span> 
     </span>
     <span class='ocr_line' id='line_1_32' title="bbox 151 2818 2223 2898; baseline -0.003 -12"><span class='ocrx_word' id='word_1_252' title='bbox 151 2825 422 2895; x_wconf 90' lang='lat' dir='ltr'><strong>Catonis,</strong></span> <span class='ocrx_word' id='word_1_253' title='bbox 468 2833 538 2886; x_wconf 89' lang='lat' dir='ltr'><strong>ut</strong></span> <span class='ocrx_word' id='word_1_254' title='bbox 575 2827 782 2894; x_wconf 87' lang='lat' dir='ltr'><strong>multa,</strong></span> <span class='ocrx_word' id='word_1_255' title='bbox 831 2824 1073 2884; x_wconf 77' lang='lat' dir='ltr'><strong>‘melius</strong></span> <span class='ocrx_word' id='word_1_256' title='bbox 1119 2825 1200 2885; x_wconf 90' lang='lat' dir='ltr'><strong>de</strong></span> <span class='ocrx_word' id='word_1_257' title='bbox 1244 2822 1613 2898; x_wconf 88' lang='lat' dir='ltr'><strong>quibusdam</strong></span> <span class='ocrx_word' id='word_1_258' title='bbox 1645 2820 1909 2881; x_wconf 89' lang='lat' dir='ltr'><strong>acerbos</strong></span> <span class='ocrx_word' id='word_1_259' title='bbox 1940 2818 2223 2882; x_wconf 88' lang='lat' dir='ltr'><strong>inimicos</strong></span> 
     </span>
     <span class='ocr_line' id='line_1_33' title="bbox 148 2905 2226 2984; baseline -0.002 -15"><span class='ocrx_word' id='word_1_260' title='bbox 148 2909 586 2984; x_wconf 87' lang='lat' dir='ltr'><strong>mereri-quam</strong></span> <span class='ocrx_word' id='word_1_261' title='bbox 622 2926 734 2970; x_wconf 91' lang='lat' dir='ltr'><strong>eos</strong></span> <span class='ocrx_word' id='word_1_262' title='bbox 766 2907 1017 2984; x_wconf 81' lang='lat' dir='ltr'><strong>amicOS,</strong></span> <span class='ocrx_word' id='word_1_263' title='bbox 1058 2907 1162 2984; x_wconf 89' lang='lat' dir='ltr'><strong>qui</strong></span> <span class='ocrx_word' id='word_1_264' title='bbox 1195 2909 1411 2967; x_wconf 89' lang='lat' dir='ltr'><strong>dulces</strong></span> <span class='ocrx_word' id='word_1_265' title='bbox 1443 2905 1802 2967; x_wconf 88' lang='lat' dir='ltr'><strong>videantur:</strong></span> <span class='ocrx_word' id='word_1_266' title='bbox 1835 2905 1977 2967; x_wconf 91' lang='lat' dir='ltr'><strong>illos</strong></span> <span class='ocrx_word' id='word_1_267' title='bbox 2009 2921 2226 2966; x_wconf 90' lang='lat' dir='ltr'><strong>verum</strong></span> 
     </span>
     <span class='ocr_line' id='line_1_34' title="bbox 146 2988 2228 3069; baseline -0.003 -16"><span class='ocrx_word' id='word_1_268' title='bbox 146 3009 341 3068; x_wconf 89' lang='lat' dir='ltr'><strong>saepe</strong></span> <span class='ocrx_word' id='word_1_269' title='bbox 369 2993 595 3066; x_wconf 90' lang='lat' dir='ltr'><strong>dicere,</strong></span> <span class='ocrx_word' id='word_1_270' title='bbox 642 2993 759 3054; x_wconf 88' lang='lat' dir='ltr'><strong>hos</strong></span> <span class='ocrx_word' id='word_1_271' title='bbox 791 2998 1173 3069; x_wconf 89' lang='lat' dir='ltr'><strong>numquam.’</strong></span> <span class='ocrx_word' id='word_1_272' title='bbox 1239 2990 1454 3066; x_wconf 86' lang='lat' dir='ltr'><strong>Atque</strong></span> <span class='ocrx_word' id='word_1_273' title='bbox 1485 2989 1635 3050; x_wconf 90' lang='lat' dir='ltr'><strong>illud</strong></span> <span class='ocrx_word' id='word_1_274' title='bbox 1666 2990 2022 3059; x_wconf 91' lang='lat' dir='ltr'><strong>absurdum,</strong></span> <span class='ocrx_word' id='word_1_275' title='bbox 2057 2988 2228 3064; x_wconf 93' lang='lat' dir='ltr'><strong>quod</strong></span> 
     </span>
     <span class='ocr_line' id='line_1_35' title="bbox 146 3074 2225 3156; baseline -0.004 -18"><span class='ocrx_word' id='word_1_276' title='bbox 146 3078 203 3143; x_wconf 84' lang='lat' dir='ltr'><strong>ii.</strong></span> <span class='ocrx_word' id='word_1_277' title='bbox 240 3077 345 3152; x_wconf 91' lang='lat' dir='ltr'><strong>qui</strong></span> <span class='ocrx_word' id='word_1_278' title='bbox 377 3084 728 3156; x_wconf 88' lang='lat' dir='ltr'><strong>monentur,</strong></span> <span class='ocrx_word' id='word_1_279' title='bbox 777 3094 913 3139; x_wconf 88' lang='lat' dir='ltr'><strong>eam</strong></span> <span class='ocrx_word' id='word_1_280' title='bbox 949 3075 1313 3144; x_wconf 87' lang='lat' dir='ltr'><strong>molestiam,</strong></span> <span class='ocrx_word' id='word_1_281' title='bbox 1349 3091 1532 3150; x_wconf 89' lang='lat' dir='ltr'><strong>quam</strong></span> <span class='ocrx_word' id='word_1_282' title='bbox 1563 3074 1794 3135; x_wconf 88' lang='lat' dir='ltr'><strong>debent</strong></span> <span class='ocrx_word' id='word_1_283' title='bbox 1824 3088 2063 3146; x_wconf 88' lang='lat' dir='ltr'><strong>capere,</strong></span> <span class='ocrx_word' id='word_1_284' title='bbox 2100 3087 2225 3131; x_wconf 91' lang='lat' dir='ltr'><strong>non</strong></span> 
     </span>
     <span class='ocr_line' id='line_1_36' title="bbox 149 3153 2226 3237; baseline -0.004 -16"><span class='ocrx_word' id='word_1_285' title='bbox 149 3161 424 3237; x_wconf 86' lang='lat' dir='ltr'><strong>capiunt,</strong></span> <span class='ocrx_word' id='word_1_286' title='bbox 474 3178 610 3223; x_wconf 89' lang='lat' dir='ltr'><strong>eam</strong></span> <span class='ocrx_word' id='word_1_287' title='bbox 656 3160 925 3236; x_wconf 83' lang='lat' dir='ltr'><strong>capiunt,</strong></span> <span class='ocrx_word' id='word_1_288' title='bbox 973 3177 1094 3234; x_wconf 91' lang='lat' dir='ltr'><strong>qua</strong></span> <span class='ocrx_word' id='word_1_289' title='bbox 1127 3158 1359 3220; x_wconf 87' lang='lat' dir='ltr'><strong>debent</strong></span> <span class='ocrx_word' id='word_1_290' title='bbox 1393 3174 1641 3218; x_wconf 88' lang='lat' dir='ltr'><strong>vacare.</strong></span> <span class='ocrx_word' id='word_1_291' title='bbox 1728 3160 2035 3217; x_wconf 87' lang='lat' dir='ltr'><strong>Peccasse</strong></span> <span class='ocrx_word' id='word_1_292' title='bbox 2065 3153 2226 3214; x_wconf 88' lang='lat' dir='ltr'><strong>enim</strong></span> 
     </span>
     <span class='ocr_line' id='line_1_37' title="bbox 146 3240 2230 3323; baseline -0.005 -17"><span class='ocrx_word' id='word_1_293' title='bbox 146 3262 217 3306; x_wconf 92' lang='lat' dir='ltr'><strong>se</strong></span> <span class='ocrx_word' id='word_1_294' title='bbox 262 3262 386 3307; x_wconf 89' lang='lat' dir='ltr'><strong>non</strong></span> <span class='ocrx_word' id='word_1_295' title='bbox 433 3253 771 3323; x_wconf 81' lang='lat' dir='ltr'><strong>anguntur,</strong></span> <span class='ocrx_word' id='word_1_296' title='bbox 828 3243 1139 3319; x_wconf 82' lang='lat' dir='ltr'><strong>obiurgari</strong></span> <span class='ocrx_word' id='word_1_297' title='bbox 1185 3245 1450 3303; x_wconf 91' lang='lat' dir='ltr'><strong>moleste</strong></span> <span class='ocrx_word' id='word_1_298' title='bbox 1494 3243 1728 3303; x_wconf 80' lang='lat' dir='ltr'><strong>ferunt:</strong></span> <span class='ocrx_word' id='word_1_299' title='bbox 1793 3240 1963 3313; x_wconf 90' lang='lat' dir='ltr'><strong>quod</strong></span> <span class='ocrx_word' id='word_1_300' title='bbox 2009 3246 2230 3300; x_wconf 84' lang='lat' dir='ltr'><strong>contra</strong></span> 
     </span>
     <span class='ocr_line' id='line_1_38' title="bbox 143 3324 1854 3407; baseline -0.006 -16"><span class='ocrx_word' id='word_1_301' title='bbox 143 3331 516 3407; x_wconf 88' lang='lat' dir='ltr'><strong>oportebat,</strong></span> <span class='ocrx_word' id='word_1_302' title='bbox 565 3328 792 3390; x_wconf 90' lang='lat' dir='ltr'><strong>delicto</strong></span> <span class='ocrx_word' id='word_1_303' title='bbox 838 3330 1082 3401; x_wconf 89' lang='lat' dir='ltr'><strong>dolere,</strong></span> <span class='ocrx_word' id='word_1_304' title='bbox 1131 3326 1522 3389; x_wconf 87' lang='lat' dir='ltr'><strong>correctione</strong></span> <span class='ocrx_word' id='word_1_305' title='bbox 1566 3324 1854 3400; x_wconf 82' lang='lat' dir='ltr'><strong>gaudere.</strong></span> 
     </span>
    </p>
   </div>
  </div>
 </body>
</html>
