2381 3723
677 124 819 184 LIB.
852 125 924 184 11.
972 126 1142 186 CAP.
1174 134 1440 190 18—19.
1484 136 1537 196 §-
1570 136 1832 191 63—68.
2211 133 2292 196 71

338 274 495 336 xlx.
536 275 636 336 65.
726 277 894 351 Quae
950 283 1153 337 autem
1184 294 1407 354 opera,
1463 297 1585 341 non
1628 282 1948 356 largitione
1993 283 2293 346 beneficia

203 359 465 433 dantur,
512 359 667 420 haec
703 377 889 436 quum
924 359 983 421 in
1014 361 1367 422 universam
1409 380 1537 423 rcm
1581 365 1888 441 publicam
1923 372 2049 426 tum
2082 366 2140 439 in
2173 368 2292 428 sin·

200 445 392 520 gulos
462 442 632 504 cives
696 446 1116 506 conferuntur.
1203 447 1352 506 Nam
1409 446 1468 507 in
1525 447 1659 509 iure
1717 465 1967 524 cavere,
2032 450 2289 512 consilio

194 527 424 589 iuvare
457 536 643 604 atque
670 528 793 589 hoe
820 527 1116 590 scientiae
1164 546 1396 606 genere
1439 533 1746 608 prodesse
1791 550 1973 608 quam
2013 535 2290 611 plurimis

198 612 609 672 vehementer
649 620 711 672 et
759 613 839 672 ad
888 629 1045 691 opes
1091 615 1409 690 augendas
1450 618 1715 693 pertinet
1769 626 1831 677 et
1879 618 1957 677 ad
2014 618 2290 694 gratiam.

198 698 424 772 ltaque
474 713 664 773 quum
715 698 902 758 multa
955 700 1275 774 praeclara
1316 698 1607 760 maiorum
1664 709 1791 762 tum
1842 702 2007 777 quod
2063 702 2292 778 optime

198 779 523 841 constituti
555 778 705 842 iuris
736 780 929 842 civilis
969 799 1212 842 summo
1250 799 1496 859 semper
1521 783 1580 843 in
1611 786 1849 847 honore
1881 785 1992 846 fuit
2020 786 2288 862 cognitio

194 872 398 940 atque
439 862 892 940 interpretatio:
951 882 1135 941 quam
1181 866 1426 942 quidem
1479 874 1620 928 ante
1660 870 1818 929 hanc
1862 871 2287 931 confusionem

199 953 560 1023 temporum
600 949 662 1009 in
695 948 1106 1025 possessione
1146 967 1264 1010 sua
1295 950 1605 1027 principes
1637 952 2046 1027 retinuerunt,
2107 970 2286 1024 nunc,

199 1040 269 1093 ut
301 1032 625 1106 honores,
666 1042 734 1093 ut
763 1050 979 1095 omnes
1012 1032 1323 1110 dignitatis
1353 1036 1616 1109 gradus,
1662 1036 1753 1098 sic
1782 1036 1961 1099 huius
1995 1036 2290 1098 scientiae

200 1117 509 1191 splendor
536 1116 778 1179 deletus
811 1126 936 1191 est,
987 1118 1176 1194 idque
1208 1136 1284 1179 eo
1315 1117 1651 1194 indignius,
1700 1122 1866 1195 quod
1902 1137 1978 1181 eo
2008 1128 2289 1196 tempore

194 1201 325 1261 hoc
358 1199 645 1277 contigit,
693 1218 880 1278 quum
912 1202 965 1263 is
1001 1211 1196 1276 esset,
1244 1201 1348 1277 qui
1384 1219 1601 1263 omnes
1632 1203 2022 1279 superiores,
2068 1205 2289 1279 quibus

197 1284 449 1346 honore
479 1301 592 1361 par
617 1286 817 1360 edset,
850 1286 1106 1347 scientia
1136 1285 1312 1346 facile
1341 1285 1616 1347 vicisset.
1687 1288 1855 1347 Haec
1891 1286 2071 1364 igitur
2100 1304 2292 1363 opera

198 1376 384 1444 grata
413 1367 617 1430 multis
651 1378 713 1430 et
755 1371 833 1431 ad
860 1370 1180 1432 beneficiis
1225 1369 1703 1446 obstringendos
1731 1369 2011 1434 homines
2051 1387 2289 1433 accom-

200 1453 479 1514 modata.
570 1455 672 1516 66.
716 1459 922 1533 Atque
963 1453 1106 1516 huic
1163 1455 1279 1515 arti
1323 1453 1575 1516 finitima
1620 1463 1716 1516 est
1756 1455 1998 1516 dicendi
2040 1456 2291 1532 gravior

199 1539 471 1598 facultas
502 1545 567 1598 et
599 1538 832 1614 gratior
869 1546 931 1599 et
962 1539 1256 1601 ornatior.
1331 1539 1485 1615 Quid
1520 1539 1678 1600 enim
1727 1539 2079 1617 eloquentia
2113 1556 2288 1618 prae-

197 1620 489 1682 stabilius
540 1624 640 1682 vel
693 1622 1095 1685 admiratione
1150 1622 1525 1686 audientium
1578 1625 1677 1684 vel
1725 1640 1839 1703 spe
1890 1624 2334 1701 indigentium·

200 1707 301 1766 vel
363 1722 610 1779 eorum,
656 1707 760 1782 qui
792 1708 1032 1769 defensi
1075 1716 1246 1781 sunt,
1287 1707 1522 1784 gratia?
1590 1708 1745 1769 Huic
1785 1725 2035 1784 quoque
2059 1725 2207 1785 ergo
2254 1723 2287 1766 a

200 1788 544 1851 maioribus
588 1791 817 1852 nostris
861 1799 959 1852 est
1000 1791 1062 1854 in
1110 1799 1259 1870 toga
1306 1791 1611 1869 dignitatis
1662 1791 2040 1871 principatus
2085 1794 2287 1853 datus.

200 1874 435 1935 Diserti
462 1874 646 1951 igitur
673 1875 937 1939 hominis
969 1883 1031 1938 et
1058 1875 1238 1938 facile
1266 1877 1631 1951 laborantis,
1666 1877 2004 1953 quodque
1987 1895 2045 1936 m
2078 1876 2288 1953 patriis

201 1966 302 2018 est
341 1959 649 2034 moribus,
707 1962 1034 2023 multorum
1078 1978 1301 2022 causas
1344 1968 1408 2021 et
1455 1978 1580 2022 non
1636 1966 1891 2035 gravate
1924 1969 1985 2020 et
2022 1959 2286 2034 gratuito

204 2042 598 2105 defendentis
619 2039 919 2105 beneficia
944 2053 1003 2107 et
1026 2045 1366 2122 patrocinia
1387 2046 1509 2104 late
1532 2050 1763 2119 patent.
1838 2043 1938 2104 67.
1979 2043 2290 2104 Admone-

202 2125 309 2187 bat
338 2143 439 2187 me
466 2144 575 2189 res
595 2135 667 2190 ut
705 2129 824 2190 hoc
862 2146 1119 2208 ¹quoque
1152 2131 1294 2190 loco
1328 2125 1840 2188 intermissionem
1881 2126 2288 2204 eloquentiae,

202 2227 284 2271 ne
320 2210 521 2272 dicam
550 2210 886 2296 interitum,
936 2214 1358 2292 deplorarem,
1404 2211 1465 2272 ni
1495 2228 1745 2273 vererer
1785 2228 1862 2272 ne
1902 2212 1979 2273 de
2012 2228 2110 2272 me
2148 2210 2287 2287 ipso

202 2294 435 2372 aliquid
469 2294 712 2358 viderer
745 2298 938 2373 queri.
1010 2296 1135 2359 Sed
1174 2304 1377 2359 tamen
1406 2296 1685 2357 videmus
1718 2296 1940 2373 quibus
1974 2294 2289 2357 exstinctis

204 2379 558 2442 oratoribus
591 2379 862 2456 quarn-in
911 2381 1124 2459 paucis
1165 2399 1347 2459 spes,
1400 2389 1628 2458 quanto
1671 2379 1732 2441 in
1777 2378 2175 2457 paucioribus
2208 2380 2290 2438 fa-

203 2464 426 2537 cultas,
460 2482 640 2541 quam
664 2465 724 2526 in
758 2466 959 2527 multis
991 2465 1070 2527 sit
1098 2466 1376 2527 audacia.
1449 2468 1647 2542 Quum
1677 2472 1879 2548 autem
1914 2481 2130 2525 omues
2164 2480 2290 2524 non

204 2546 479 2621 possint,
509 2565 589 2609 ne
612 2549 780 2610 multi
807 2549 1050 2625 quidem
1078 2560 1181 2613 aut
1208 2548 1357 2610 iuris
1383 2548 1561 2625 periti
1587 2564 1731 2609 esse
1754 2554 1859 2608 aut
1889 2548 2119 2622 diserti,
2151 2548 2290 2607 licet

204 2639 411 2692 tamen
443 2648 636 2709 opera
662 2634 970 2711 prodesse
1015 2634 1219 2696 multis
1250 2631 1554 2694 beneficia
1594 2637 1934 2708 petentem,
1982 2647 2288 2692 commen-

204 2715 456 2776 dantem
476 2716 812 2793 iudicibu‘S‚
862 2717 1349 2795 magistratibus,
1395 2715 1740 2793 vigilantem
1765 2731 1880 2792 pro
1921 2730 1988 2774 re
2018 2713 2288 2788 alteriuS,

204 2816 321 2860 eos
361 2799 572 2877 ipsos,
630 2802 734 2878 qui
765 2810 871 2863 aut
915 2805 1321 2865 consuluntur
1370 2807 1477 2862 aut
1510 2800 1877 2873 defendunt,
1935 2805 2288 2876 rogantem:

207 2885 380 2959 quod
421 2885 524 2962 qui
565 2884 794 2948 faciunt
833 2887 1159 2964 plurimum
1196 2884 1429 2963 gratiae
1460 2891 1928 2960 consequuntur
1970 2882 2291 2947 latissime-

96 3013 111 3030 .
205 2984 331 3042 que
382 2986 596 3031 eorum
640 2979 846 3032 manat
891 2970 1211 3034 industria.
1298 2967 1400 3032 68.
1447 2971 1571 3029 lam
1613 2968 1759 3031 illud
1822 2987 1946 3032 non
1990 2977 2137 3032 sunt
2187 2969 2291 3028 ad-

207 3053 499 3115 monendi
536 3089 607 3100 —
648 3062 746 3117 est
773 3054 931 3116 enim
967 3054 1025 3115 in
1067 3062 1357 3132 promptu
1385 3088 1499 3127 ·-‚
1553 3061 1623 3115 ut
1656 3053 1919 3114 animum
1952 3055 2291 3123 advertant,

208 3154 398 3211 quum
440 3136 657 3201 iuvare
697 3138 851 3201 alios
883 3137 1101 3211 velint,
1159 3156 1239 3199 ne
1284 3155 1445 3213 quos
1478 3137 1817 3200 offendant.
1895 3136 2099 3211 Saepe
2131 3133 2291 3195 enim

207 3228 314 3280 aut
343 3237 456 3284 eos
489 3224 775 3297 laedunt,
823 3240 984 3304 quos
1021 3240 1146 3285 non
1185 3222 1445 3295 debent,
1489 3231 1595 3284 aut
1627 3239 1770 3293 eoS,
1822 3236 1982 3294 quos
2017 3236 2139 3279 non
2188 3234 2290 3277 ex—

213 3303 409 3379 pedit:
459 3306 511 3366 si
547 3306 1007 3383 imprudentes,
1033 3304 1443 3383 negligentiae
1475 3311 1600 3365 est:
1645 3303 1698 3364 si
1722 3300 2022 3372 scientes,
2054 3297 2291 3360 temeri·

210 3386 370 3449 tatis.
445 3391 754 3453 Utendum
787 3391 967 3451 etiam
1001 3398 1099 3452 est
1140 3386 1544 3450 excusatione
1583 3386 1888 3443 adversus
1933 3397 2076 3452 eos,
2132 3393 2291 3451 quos
