2381 3723
81 98 157 153 23
869 89 1367 151 FRAGMENTA.
1575 109 1592 124 ‘
2034 90 2157 155 213

816 239 985 308 [Dicit
1024 242 1087 291 dc
1122 240 1428 307 nobilibus.]

217 322 317 384 25.
364 322 478 399 Qui
513 341 636 385 non
666 325 854 386 modo
897 341 1036 385 cum
1069 323 1266 395 Sulla,
1303 341 1515 386 verum
1557 324 1736 385 etiam
1780 324 1884 387 illo
1915 333 2157 387 mortuo

86 422 339 483 semper
371 407 491 469 hoc
533 424 646 484 per
680 425 751 469 se
790 407 1044 468 summis
1090 406 1312 483 opibus
1346 410 1735 469 retinendum
1772 414 2157 484 putaverunt,

85 487 490 552 inimicissimi
524 491 585 552 C.
621 492 831 553 Cottae
873 492 1149 565 fuerunt,
1206 493 1373 567 quod
1415 491 1469 553 is
1512 494 1730 554 consul
1762 493 2031 568 paullum
2060 490 2160 551 tri·

87 571 270 635 bunis
302 573 500 651 plebis
532 592 653 636 non
688 576 1044 652 potestatiS‚
1092 574 1203 635 sed
1237 574 1544 650 dignitatis
1574 577 1827 637 addidit.

215 655 315 719 26.
365 659 555 734 Quam
587 658 692 719 diu
722 658 967 734 quidem
1000 658 1121 719 hoc
1151 660 1354 719 animo
1379 676 1526 736 erga
1552 676 1670 721 vos
1701 660 1803 720 illa
1824 659 2003 735 plebs
2027 656 2161 731 erit,

90 758 215 815 quo
253 758 323 801 se
360 742 656 816 ostendit,
693 759 878 817 quum
903 745 1099 817 legem
1126 741 1469 817 Aureliam,
1504 760 1689 819 quum
1720 742 2009 805 Rosciam
2039 757 2162 802 non

91 824 280 884 modo
315 825 586 902 accepit,
617 827 729 887 sed
762 828 946 886 etiam
974 824 1352 901 efflagitavit.

219 905 322 969 27.
366 910 666 970 Memoria
694 916 910 990 tenen,
959 926 1149 985 quum
1177 909 1438 986 primum
1471 917 1794 972 senatores
1826 926 1964 970 cum
1997 907 2163 982 equi·

87 989 252 1051 tibus
290 992 580 1053 Romanis
610 995 748 1069 lege
776 992 971 1058 Plotia
998 991 1371 1066 iudicarent,
1420 991 1728 1054 hominem
1764 994 1858 1055 dis
1890 1008 1964 1052 ac
1992 989 2164 1051 nobi·

89 1072 241 1134 litati
286 1075 700 1150 perinvisum,
773 1077 877 1137 Cn.
920 1075 1308 1152 Pompeium,
1376 1092 1624 1137 causam
1679 1079 1814 1151 lege
1861 1073 2047 1135 Varia
2088 1071 2165 1133 de

95 1156 414 1220 maiestate
445 1158 700 1220 dixisse.

218 1239 319 1302 28.
364 1243 446 1303 Ut
474 1244 550 1302 ab
579 1244 730 1305 Iove
761 1241 990 1318 optimo
1037 1241 1299 1303 maximo
1345 1244 1731 1320 caeterisque
1765 1241 1862 1303 dis
1905 1240 2166 1303 deabus·

93 1340 218 1400 que
242 1326 535 1460 tomnibus
570 1343 751 1403 opem
784 1333 845 1387 et
873 1325 1161 1388 auxilium
1184 1332 1410 1402 petam.
1498 1340 1906 1408 [Priscianus
1940 1340 2163 1393 lib.vl1.

91 1422 206 1472 cap·
281 1448 293 1461 .
334 1412 384 1471 §-
425 1409 533 1475 11.]

219 1488 320 1552 29.
364 1491 517 1553 Nihil
542 1492 782 1555 senatui
812 1491 1156 1554 detraxisse
1182 1492 1547 1554 Cornelium.
1592 1507 1984 1574 [Arusianus
2009 1507 2168 1555 Mes·

93 1575 233 1624 sius
271 1576 502 1642 Exempl.
543 1577 723 1629 clocut.
764 1592 817 1642 p.
854 1576 974 1630 508.
1012 1593 1068 1642 p.
1103 1577 1225 1629 224.
1265 1574 1525 1642 Lindcm.]

221 1656 321 1718 30.
376 1659 469 1719 Ex
520 1660 1013 1736 promulgatione
1059 1661 1473 1721 trinundinum
1527 1660 1661 1720 dies
1711 1660 1787 1720 ad
1850 1660 2165 1720 ferendum

96 1746 502 1818 potestasque
535 1740 828 1805 venisset.
909 1757 1316 1825 [Priscianus
1355 1760 1445 1812 lib.
1484 1760 1593 1809 vn.
1634 1774 1745 1823 cap.
1777 1759 1829 1811 3.
1867 1762 1916 1822 s.
1953 1755 2031 1822 9.]

221 1822 323 1886 31.
369 1825 654 1889 codicem
687 1826 902 1904 attigit.
980 1843 1499 1911 [Quinctilianus
1530 1844 1619 1895 tib.
1648 1845 1713 1897 v,
1749 1857 1866 1909 cap.
1893 1842 1975 1895 13.
1997 1844 2045 1905 s.
2080 1842 2151 1894 26

97 1930 148 1972 ct
187 1923 374 1975 ibidem
401 1925 487 1976 lib.
516 1926 604 1976 IV.
637 1941 750 1991 cap.
788 1927 840 1976 4.
876 1929 927 1989 S.
949 1927 999 1979 8.
1040 1936 1090 1978 et
1119 1928 1176 1980 C.
1212 1927 1315 1980 Jul.
1348 1927 1482 1978 vict.
1511 1940 1565 1990 p.
1599 1927 1684 1978 75.
1721 1921 1867 1989 Mai]

227 1990 326 2052 32.
369 1994 740 2069 Repugnare
766 2035 837 2046 --
869 2009 991 2059 dicit
1013 2009 1184 2061 cicero
1216 2038 1303 2070 -,
1333 2001 1401 2054 ut
1429 1993 1733 2054 divisores
1752 2039 1766 2064 ‚
1799 2007 1957 2066 quos
1978 1990 2169 2052 hono·

98 2074 187 2133 ris
224 2073 322 2135 sui
350 2076 664 2139 ministros
693 2094 835 2138 esse
859 2079 1158 2150 voluerat,
1193 2079 1330 2153 lege
1354 2076 1617 2137 ambitus
1647 2076 1832 2136 vellet
1859 2073 2169 2148 adfligere.

107 2155 494 2223 [Marcianus
542 2160 750 2226 Capella
783 2161 847 2210 de
882 2160 1152 2213 Rhetorica
1188 2177 1244 2226 p.
1283 2161 1402 2211 421.
1446 2162 1527 2212 ed.
1568 2155 1877 2226 Cuppcron]

229 2239 331 2302 33.
391 2243 559 2318 Quae
618 2241 968 2305 intermissa
1041 2242 1374 2320 compluris
1436 2261 1655 2306 annos.
1755 2256 2174 2323 [Priscianus

103 2323 194 2373 iit».
230 2325 344 2376 vn.
386 2340 498 2392 cap.
543 2328 623 2377 17.
664 2329 714 2389 s.
756 2325 868 2393 sa]

132 2418 135 2421 ·
227 2405 329 2467 34.
372 2408 524 2468 Num
549 2408 730 2470 alicui
752 2409 1210 2485 gratificabatur
1230 2417 1336 2471 aut
1362 2409 1591 2471 homini
1612 2415 1718 2470 aut
1740 2392 1974 2470 ordini?
2014 2421 2176 2489 [idem

103 2492 194 2545 tib.
228 2490 363 2542 v111.
403 2507 517 2558 cap.
561 2493 641 2544 15.
682 2493 731 2556 ς.
771 2492 880 2559 82.]

230 2572 332 2634 35.
378 2573 675 2649 Coeptum
698 2573 880 2650 igitur
905 2591 1015 2650 per
1037 2592 1169 2648 eos,
1203 2574 1307 2650 qui
1328 2573 1427 2648 agi
1447 2573 1770 2645 volebant,
1796 2573 2059 2632 desitum
2083 2577 2181 2631 est

102 2672 217 2734 pcr
232 2655 430 2730 hunc,
468 2656 570 2733 qui
593 2656 880 2720 decessit.
926 2672 1089 2740 [idem
1119 2675 1205 2725 tib.
1227 2674 1294 2724 x.
1321 2688 1433 2738 cap.
1467 2676 1516 2724 7.
1539 2670 1730 2734 s.-4o.,
1770 2685 1880 2736 cap.
1908 2671 1961 2722 9.
1985 2673 2036 2733 s.
2064 2666 2176 2733 55.]

233 2736 333 2801 36.
398 2740 739 2802 Circumitis
795 2743 1035 2804 Rostris
1087 2743 1452 2804 eiicerentur
1507 2736 1811 2816 lapidibus
1875 2736 2175 2798 homines.

105 2822 273 2890 [idem
310 2824 400 2874 lib.
433 2826 573 2876 vl11.
613 2840 727 2891 cap.
772 2826 851 2878 15.
888 2828 937 2889 s.
971 2826 1082 2894 82]

232 2889 334 2952 37.
380 2894 694 2954 Refertum
726 2893 1080 2966 (aerarium)
1120 2893 1453 2955 tribuniciis
1493 2890 1766 2967 legibus,
1816 2890 2179 2951 exhaustum

105 2991 144 3055 a
176 2974 401 3050 quibus
433 2975 515 3036 sit
546 2975 665 3052 ipsi
702 2977 923 3038 sciunt.
1005 2991 1271 3059 [Aquila
1300 3007 1412 3056 cap.
1454 2991 1537 3044 16.
1577 3005 1629 3055 p.
1670 2986 1813 3054 156]

234 3070 868 3225 368.5013{303loquentia
893 3075 1152 3137 caeteris
1176 3073 1503 3135 antecellit.
1567 3088 1970 3157 [Priscianus
2003 3085 2090 3134 lib.
2111 3084 2178 3133 x.

105 3171 223 3222 cap.
302 3191 316 3206 .
392 3194 404 3207 .
513 3196 526 3212 .

233 3238 335 3300 39.
380 3240 555 3302 Demi
580 3241 819 3304 medius
853 3241 1036 3302 fidius
1068 3242 1147 3302 de
1183 3241 1280 3302 his
1315 3238 1628 3301 tormentis
1658 3235 2029 3310 aliquantum
2062 3251 2178 3295 ma·

108 3319 232 3382 lim.
283 3336 673 3402 [Arusianus
705 3337 982 3391 Messius
1019 3339 1254 3404 Exempl.
1294 3337 1476 3388 clocui.
1515 3353 1565 3403 p.
1606 3336 1724 3387 226.
1763 3332 2021 3398 I·indcm.]
2095 3414 2102 3415 ἶ

2334 1074 2381 1092 l
2335 867 2381 1044 inno
2340 664 2381 849 nit-fl

2342 1890 2381 1960 *Ἀ
2341 1797 2381 1866 M
2338 1628 2381 1724 Hi·
2337 1448 2381 1565 mii
2334 1145 2381 1430 ‘mmm

2341 1968 2380 2064 5¹⁴,

2343 2087 2372 2273 ὶδιὶἱν
