2381 3723
72 100 153 164 70
881 100 982 160 DE
1021 99 1339 160 OFFICIIS

74 269 150 312 ex
185 250 322 326 ipso
358 251 589 310 fructus
622 262 716 309 est
755 257 876 309 tum
910 249 1088 310 etiam
1121 266 1199 310 ex
1238 249 1518 311 caeteris.
1589 248 1952 310 Temeritate
1981 246 2140 308 enim

73 342 308 395 remota
337 328 684 409 gratissima
725 342 820 394 est
849 332 1210 406 liberalitas,
1256 350 1457 409 eoque
1483 350 1617 397 eam
1646 331 1984 395 studiosius
2016 332 2141 406 ple7

75 417 245 494 rique
300 417 576 487 laudant,
643 417 811 492 quod
863 416 1080 477 summi
1139 418 1440 492 cuiusque
1497 417 1741 477 bonitas
1818 431 2143 477 commune

76 499 417 577 perfugium
454 508 550 560 est
589 498 877 561 omnium.
958 501 1170 561 Danda
1198 500 1378 576 igitur
1410 518 1602 577 opera
1631 508 1728 561 est
1756 507 1825 561 ut
1852 497 1925 559 iis
1959 499 2143 558 bene·

78 585 226 644 ficiis
274 600 452 658 quam
496 584 792 659 plurimos
837 582 1226 656 adficiamuS‚
1288 600 1544 660 quorum
1596 582 1885 643 memoria
1935 581 2143 641 liberis

78 666 468 744 posterisque
493 666 819 742 prodatur,
850 676 918 728 ut
943 667 1014 728 iis
1041 667 1293 743 ingratis
1325 684 1467 728 esse
1490 685 1613 729 non
1638 666 1835 727 liceat.
1914 663 2142 725 Omnes

76 750 234 810 enim
290 749 705 810 immemorem
746 749 1045 812 *beneficii
1104 752 1368 811 oderunt
1428 767 1687 826 eamque
1743 748 2019 810 iniuriam
2083 747 2145 808 in

77 835 439 894 deterrenda
480 832 837 894 liberalitate
878 833 993 896 sibi
1043 833 1223 895 etiam
1269 834 1401 895 fieri
1445 850 1738 910 eumque,
1801 831 1904 908 qui
1935 830 2144 903 saciat,

78 934 460 977 communem
493 917 730 978 hostem
768 917 1108 980 tenuiorum
1142 925 1374 994 putant.
1450 921 1654 994 Atque
1685 917 1837 977 haec
1873 913 2145 990 benigni-

77 1009 169 1061 tas
214 1000 391 1060 etiam
434 1000 522 1060 rei
564 1001 845 1077 publicae
880 1010 976 1064 est
1014 998 1207 1074 utilis,
1264 1001 1477 1063 redimi
1509 1018 1544 1061 e
1575 1000 1869 1062 servitute
1901 1005 2144 1073 captos,

78 1085 433 1160 locupletari
481 1083 822 1146 tenuiores:
883 1085 1051 1162 quod
1095 1083 1339 1159 quidem
1384 1087 1568 1161 vulgo
1610 1083 1856 1145 solitum
1897 1081 2030 1143 fieri
2064 1081 2145 1141 ab

79 1168 292 1228 ordine
322 1175 535 1229 nostro
567 1168 625 1229 in
662 1166 939 1230 oratione
976 1167 1178 1230 Crassi
1224 1166 1518 1244 scriptum
1550 1167 1806 1243 copiose
1837 1165 2146 1226 videmuS.

78 1253 248 1312 Hanc
293 1268 440 1328 ergo
492 1250 1001 1319 consuetudinem
1050 1249 1439 1327 benignitatis
1491 1249 1793 1327 largitioni
1822 1265 2150 1310 munerum

78 1338 259 1412 louge
291 1343 620 1410 antepono.
695 1336 860 1396 Haec
891 1343 987 1397 cst
1016 1335 1293 1412 gravium
1332 1335 1646 1397 hominum
1677 1342 1862 1409 atque
1892 1349 2148 1407 magno·

78 1437 239 1491 rum,
292 1418 394 1479 illa
429 1417 604 1493 quasi
641 1420 1101 1481 adsentatorum
1137 1418 1351 1495 populi
1394 1417 1789 1480 multitudinis
1834 1416 2148 1477 levitatem

79 1504 391 1576 voluptate
424 1500 599 1576 quasi
630 1501 1007 1563 titillantium.
1099 1504 1198 1564 64.
1246 1502 1585 1564 Conveniet
1616 1510 1819 1563 autem
1863 1516 2051 1575 quum
2082 1497 2150 1559 in

79 1585 281 1645 dando
337 1584 688 1646 munificum
743 1602 886 1647 esse
940 1594 1061 1647 tum
1115 1586 1173 1646 in
1220 1585 1523 1662 exigendo
1575 1603 1696 1647 non
1743 1584 2033 1644 acerbum
2082 1583 2150 1642 in

79 1667 365 1741 omnique
406 1685 473 1728 re
514 1670 961 1744 contrahenda,
1019 1671 1345 1731 vendendo
1389 1671 1685 1742 emendo,
1736 1667 2149 1728 conducendo

82 1751 374 1823 locando,
433 1748 842 1813 vicinitatibus
873 1761 934 1814 et
981 1753 1263 1816 confiniis
1307 1770 1599 1829 aequum,
1653 1750 1906 1825 facilem,
1958 1751 2152 1809 multa

81 1834 280 1897 multis
317 1835 394 1896 de
427 1852 541 1898 suo
576 1835 709 1898 iure
751 1838 1099 1912 cedentem,
1152 1854 1188 1899 a
1220 1836 1421 1899 litibus
1456 1854 1601 1899 vero
1636 1842 1928 1913 quantum
1969 1832 2153 1894 liceat

80 1925 139 1979 et
170 1918 379 1980 nescio
436 1937 512 1982 an
555 1923 761 1998 paullo
816 1925 953 1998 plus
1000 1922 1175 1983 etiam
1231 1938 1413 1997 quam
1463 1920 1645 1982 liceat
1692 1920 2148 1981 abhorrentem.

80 2003 186 2064 Est
215 2003 372 2065 enim
405 2023 528 2067 non
571 2006 756 2068 modo
789 2005 1034 2067 liberale
1074 2007 1343 2082 paullum
1383 2022 1505 2066 non
1543 2020 1873 2079 numquam
1915 2002 1995 2062 de
2029 2018 2147 2062 suo

80 2104 206 2148 iure
259 2088 590 2161 decedere,
646 2091 756 2150 sed
800 2089 1102 2151 interdum
1145 2088 1322 2149 etiam
1375 2091 1774 2150 fructuosum.
1847 2085 2152 2146 Habenda

80 2177 278 2231 autem
309 2171 461 2233 ratio
507 2178 602 2232 est
645 2170 735 2233 rei
782 2172 1123 2246 familiariS‚
1182 2191 1365 2249 quam
1424 2172 1671 2247 quidem
1715 2168 1900 2230 dilabi
1937 2166 2149 2229 sinere

81 2252 446 2327 flagitiosum
477 2261 602 2328 est,
656 2256 769 2316 sed
810 2254 922 2329 ita,
974 2264 1043 2317 ut
1066 2255 1486 2317 illiberalitatis
1534 2254 1948 2328 avaritiaeque
1988 2251 2152 2312 absit.

77 2335 371 2412 suspicio.
456 2339 652 2399 Posse
706 2338 862 2399 enim
925 2339 1281 2401 liberalitate
1334 2338 1422 2400 uti
1484 2358 1606 2401 non
1655 2336 2025 2417 spoliantem
2078 2351 2152 2396 se

79 2418 441 2495 patrimonio
485 2420 765 2482 nimirum
806 2431 904 2484 est
950 2423 1251 2500 pecuniae
1281 2423 1515 2485 fructus
1557 2423 1877 2484 maximus·
1953 2421 2149 2482 Recte

78 2502 257 2563 etiam
287 2519 324 2563 a
350 2503 773 2582 Theophrasto
805 2514 903 2568 est
934 2508 1181 2569 laudata
1210 2506 1616 2583 hospitalitas.
1691 2509 1801 2568 Est
1838 2505 2029 2578 enim,
2082 2511 2151 2563 ut

77 2585 219 2646 mihi
264 2587 511 2664 quidem
556 2588 825 2665 videtur,
880 2592 1061 2651 valde
1104 2592 1398 2652 decorum
1446 2598 1656 2666 patere
1705 2591 1926 2650 domus
1956 2588 2149 2649 homi·

79 2687 221 2731 num
258 2669 578 2736 illustrium
608 2673 956 2750 hospitibus
985 2673 1352 2748 illustribus,
1408 2673 1594 2750 idque
1631 2672 1814 2734 etiam
1839 2674 1925 2734 rei
1953 2672 2149 2749 publi-

78 2770 186 2815 cae
209 2763 306 2816 est
335 2765 717 2831 ornamento,
750 2756 1031 2820 homines
1061 2765 1354 2819 externos
1378 2758 1498 2818 hoc
1519 2756 1894 2819 liberalitatis
1918 2771 2150 2831 genere

76 2837 131 2897 in
184 2837 336 2899 urbe
385 2848 601 2901 nostra
651 2859 773 2903 non
826 2858 1031 2918 egere.
1105 2842 1217 2902 Est
1265 2849 1466 2903 autem
1521 2840 1701 2903 etiam
1753 2841 2152 2901 vehementer

75 2920 220 2982 utile
264 2921 365 2997 iis,
418 2922 521 2999 qui
565 2925 825 2986 honeste
870 2942 1063 3003 posse¹
1111 2926 1362 2986 multum
1406 2918 1648 2998 volunt,
1702 2940 1815 3001 per
1866 2917 2150 2997 hospites

76 3008 238 3081 apud
276 3013 568 3069 externos
612 3011 882 3086 populos
926 3012 1134 3070 valere
1167 3009 1390 3085 opibus
1419 3014 1485 3068 et
1513 3007 1726 3084 gratia.
1788 3006 2125 3082 Theophra

77 3098 209 3151 stus
243 3090 487 3167 quidem
526 3092 737 3154 scribit
770 3094 1106 3154 ‘Cimonem
1138 3091 1397 3154 Athenis
1439 3090 1621 3152 etiam
1656 3091 1717 3152 in
1761 3107 1913 3154 suos
1953 3087 2137 3151 curia-

97 3189 165 3232 es
196 3173 493 3236 Laciadas
523 3175 890 3253 hospitalem
923 3178 1145 3238 fuisse:
1181 3175 1269 3236 ita
1298 3175 1456 3236 enim
1485 3174 1827 3237 instituisse
1864 3181 1925 3236 et
1958 3170 2152 3233 vilicis

76 3254 506 3332 imperavisse,
552 3266 620 3321 ut
648 3258 850 3319 omnia
883 3260 1328 3335 praeberentur
1359 3257 1727 3335 quicumque
1762 3257 2057 3320 Laciades
2086 3253 2155 3315 in

81 3337 276 3401 villam
309 3358 481 3402 suam
514 3342 929 3403 devertisset!
