2381 3723
170 136 297 200 324
970 138 1456 198 FRAGMENTA
2164 152 2264 207 134

175 292 307 366 Qua
335 305 403 350 re
434 304 572 350 cum
605 286 842 363 magnis
873 305 1018 350 sese
1049 291 1221 366 Nepa
1248 287 1488 353 lucibus
1522 291 1716 365 effert,
1883 348 1890 351 ,

148 373 364 435 ‘Orion
399 372 638 448 fugiens
671 374 1063 434 commendat
1091 389 1360 450 corpora
1391 375 1588 438 terris.
2109 385 2260 454 (435)

172 457 323 519 Tum
355 472 503 518 vero
535 456 690 532 sugit
718 457 1119 518 Andromeda
1149 466 1212 519 et
1238 459 1542 536 Neptunia
1569 458 1794 540 Pistrix

173 541 328 603 Tota
356 541 532 600 latet:
579 539 740 602 cedit
768 556 1077 603 converso
1112 559 1378 619 corpore
1414 545 1715 621 CepheuS,

172 625 496 685 Extremas
527 623 732 686 medio
766 625 1131 702 contingens
1163 643 1432 703 corpore
1459 637 1677 690 terras.
1771 662 1777 668 ·
2159 644 2262 699 690

171 707 287 769 Hic
315 714 501 783 caput
528 714 590 768 et
619 725 878 785 superas
907 711 1071 785 potis
1105 718 1203 772 est
1234 712 1593 789 demergere
1621 720 1864 789 partes:
2045 799 2050 803 t

172 793 374 852 Infera
404 791 752 854 lumborum
781 810 1116 871 numquam
1148 795 1494 859 convestiet
1521 799 1754 859 umbra.
2038 826 2047 839 ’
2105 806 2259 877 (440)

173 877 326 936 Nam
358 873 622 938 retinent
647 879 908 951 Arctoe,
951 880 1283 942 lustrantes
1318 881 1546 943 lumine
1574 899 1772 944 suras,

174 958 424 1021 Labitur
445 958 547 1021 illa
573 960 751 1022 simul
783 969 1029 1037 gnatam
1060 963 1387 1026 lacrimosa
1421 966 1743 1043 requirens

177 1042 493 1122 Cassiepia
527 1061 729 1122 neque
764 1062 845 1106 ex
876 1049 1046 1108 caelo
1082 1049 1342 1126 depulsa
1373 1051 1604 1112 decore
2159 1068 2259 1123 695

174 1128 421 1189 Fertur:
469 1145 609 1188 nam
640 1146 825 1192 verso
860 1131 1225 1207 contingens
1259 1134 1488 1195 vertice
1515 1135 1778 1211 primum

173 1210 423 1286 TerraS‚
471 1219 618 1287 post
645 1213 917 1276 humeris
953 1231 1176 1278 eversa
1207 1219 1359 1279 sede
1389 1220 1671 1281 refertur.
2106 1231 2262 1301 (445)

173 1295 348 1357 Hanc
378 1294 460 1356 illi
489 1296 760 1359 tribuunt
791 1315 1058 1375 poenam
1087 1301 1383 1365 Nereides
1414 1304 1629 1379 almae,

178 1382 322 1441 Cum
357 1378 611 1456 quibus,
654 1389 723 1442 ut
750 1382 1102 1458 perhibent,
1147 1402 1301 1447 ausa
1335 1394 1432 1448 est
1461 1390 1839 1452 contendere
1871 1393 2091 1456 forma.

172 1463 342 1524 Haec
375 1463 504 1525 obit
531 1464 847 1526 inclinata:
895 1473 958 1528 at
988 1484 1132 1543 pars
1163 1477 1379 1532 exorta
1412 1473 1694 1536 Coronae
1724 1483 1822 1536 est
2160 1488 2264 1545 700

174 1548 415 1618 Altera,
463 1563 601 1608 cum
633 1550 954 1631 caudaque
991 1552 1187 1614 omnis
1218 1553 1335 1616 iam
1367 1557 1658 1632 panditur
1683 1559 1924 1638 Hydra.

172 1633 258 1690 At
293 1638 480 1706 caput
506 1638 567 1692 et
595 1639 784 1694 totum
816 1650 959 1701 sese
985 1636 1322 1700 Centaurus
1355 1641 1567 1717 opacis
2104 1655 2258 1722 (4502

174 1712 368 1789 Eripit
397 1730 433 1775 e
468 1716 767 1791 tenebris,
811 1714 1093 1795 linquens
1126 1722 1389 1799 vestigia
1420 1741 1613 1801 parva

180 1799 568 1874 Antepedum
599 1807 911 1879 contecta,
956 1803 1136 1868 simul
1166 1823 1305 1869 cum
1336 1808 1561 1872 lumine
1592 1813 1829 1888 pandit:

177 1884 197 1943 l
201 1899 317 1958 pse
346 1883 537 1945 feram
567 1886 783 1947 dextra
811 1887 1057 1964 retinet,
1103 1893 1214 1954 sed
1234 1901 1474 1955 caetera
1500 1900 1709 1972 maone·
1820 1963 1825 1968 ,
2154 1913 2256 1969 705

174 1967 546 2044 Exspectant
570 1973 763 2033 Arcus
791 1981 999 2036 ormm.
1084 1974 1430 2039 Prolabitur
1460 1978 1601 2041 inde

174 2053 596 2127 Anguitenens
629 2053 825 2131 capite
857 2065 918 2120 et
951 2058 1261 2122 manibus:
1302 2064 1540 2138 profert
1569 2063 1748 2127 simul
1773 2066 2018 2144 Anguis

172 2133 298 2195 lam
329 2145 514 2212 caput
541 2145 604 2199 et
632 2157 937 2203 summum
966 2141 1132 2205 flexo
1165 2146 1246 2206 de
1277 2163 1541 2223 corpore
1573 2149 1797 2209 lumen.
2101 2160 2255 2233 (455)

293 2218 407 2281 Hic
440 2220 539 2280 ille
569 2222 843 2285 exoritur
873 2242 1177 2289 converso
1214 2246 1479 2307 corpore
1504 2230 1715 2307 NixuS,
1919 2239 1928 2246 “

168 2303 428 2379 Alvum,
475 2321 682 2379 crura,
729 2308 1022 2372 humeros
1055 2308 1237 2373 simul
1268 2321 1331 2375 et
1359 2315 1722 2391 praecordia
1749 2318 2041 2396 lustranS,
2154 2331 2258 2388 710

167 2383 246 2444 Et
275 2387 492 2449 dextra
519 2389 727 2450 radios
760 2391 921 2453 laeto
955 2410 1090 2454 cum
1120 2395 1348 2459 lumine
1382 2399 1639 2462 iactans.

166 2467 321 2529 Inde
355 2469 877 2547 Sagittipoten
897 2494 927 2538 s
965 2494 1224 2554 superas
1261 2498 1445 2557 quum
1476 2484 1681 2546 visere
1711 2486 1882 2547 luces

166 2550 416 2627 Institit,
463 2556 720 2633 emergit
746 2559 881 2620 Nixi
915 2569 1126 2638 caput,
1175 2572 1239 2625 et
1268 2564 1448 2628 simul
1479 2567 1657 2629 effert
2100 2580 2256 2650 (460)

169 2635 325 2697 Sese
356 2640 520 2699 clara
546 2638 729 2703 Fides
766 2652 828 2705 et
858 2645 1082 2721 promit
1106 2658 1360 2721 pectore
1394 2650 1694 2727 Cepheus.

164 2719 466 2785 Fervidus
498 2724 598 2787 ille
632 2726 811 2790 Canis
844 2735 976 2791 toto
1010 2747 1145 2791 cum
1180 2748 1445 2807 corpore
1479 2736 1659 2809 cedit,
2152 2750 2254 2807 715

162 2802 431 2868 Abditur
460 2806 672 2885 Orion,
723 2811 853 2873 obit
883 2821 943 2873 et
970 2813 1177 2889 Lepus
1209 2815 1453 2880 abditus
1489 2820 1721 2894 umbra,

161 2886 460 2951 Interiora
490 2892 719 2954 cadunt
745 2895 1014 2974 Aurigae
1043 2898 1267 2961 lumina
1296 2902 1495 2977 lapsu.

164 2969 317 3032 Crus
351 2973 759 3053 dextrumque
790 2982 1012 3054 pedem
1046 2980 1332 3059 linquens
1369 2986 1499 3047 obit
1527 2986 1723 3049 infera
1753 2991 2019 3053 Perseus
2096 2999 2252 3069 (465)

158 3054 226 3115 In
256 3057 423 3131 loca,
467 3064 593 3119 tum
629 3062 858 3125 cedens
891 3082 927 3125 a
954 3068 1148 3143 puppi
1180 3067 1472 3146 linquitur
1498 3074 1689 3149 Argo.

284 3139 437 3201 Inde
470 3142 685 3206 obiens
723 3147 1245 3224 Capricornus
1284 3156 1361 3215 ab
1394 3158 1517 3218 alto
1550 3155 1772 3220 lumine
1802 3157 1976 3235 pellit
2149 3171 2255 3226 720

158 3221 451 3297 Aurigam
485 3225 936 3307 instantemque
966 3233 1252 3311 Capram,
1301 3255 1529 3315 parvos
1562 3240 1744 3304 simul
1775 3243 2052 3321 HaedoS,

159 3299 236 3359 Et
267 3319 546 3379 magnam
585 3311 837 3387 antiquo
872 3317 1126 3391 depellit
1154 3321 1399 3383 nomine
1428 3322 1676 3386 Navem.

163 3377 451 3445 Obruitur
477 3388 797 3470 Procyon:
847 3412 1168 3476 emergunt
1198 3404 1338 3465 alite
1368 3406 1549 3482 lapsu
2096 3420 2250 3488 (470)
