2381 3723
187 148 229 204 a
877 139 1042 199 CAP.
1078 149 1267 202 1—3.
1313 148 1366 208 s.
1403 151 1593 204 1-7.
2146 143 2272 207 119

186 288 252 350 in
276 288 493 366 primis
522 298 840 363 senectuS,
874 309 1057 364 quam
1080 299 1148 352 ut
1166 291 1584 368 adipiscantur
1607 309 1821 353 onmes
1847 302 2078 370 optant,
2112 311 2268 357 eam·

188 374 338 432 dem
395 381 693 435 accusant
745 375 1058 450 adeptam:
1133 383 1301 437 tanta
1354 385 1448 437 est
1505 374 1795 439 stultitiae
1862 376 2269 440 inconstantia

188 464 384 532 atque
413 457 823 534 perversitas!
900 458 1211 534 Obrepere
1253 460 1421 520 aiunt
1462 479 1594 521 eam
1633 459 1807 520 citius
1842 478 2025 536 quam
2066 469 2270 536 putas·

189 548 357 600 sent.
438 540 704 601 Primum
746 541 881 616 quis
931 540 1133 618 coegit
1179 559 1293 605 eos
1336 545 1554 606 salsum
1606 546 1864 618 putare?
1940 543 2054 620 Qui
2110 545 2269 606 enim
2302 546 2341 591 0

191 620 377 685 citius
425 624 880 687 adolescentiae
928 633 1217 687 senectus
1270 644 1450 702 quam
1501 626 1799 704 pueritiae
1851 628 2269 690 adolescentia

190 707 484 783 obrepit?
563 707 797 769 Deinde
849 708 953 784 qui
1013 708 1211 770 minus
1266 710 1474 786 gravis
1520 717 1689 772 esset
1734 710 1809 772 iis
1854 720 2177 787 senectuS,
2215 712 2266 774 si

189 790 775 866 octingentesimum
805 809 1029 854 annum
1052 800 1306 869 agerent
1335 811 1516 870 quam
1544 795 2028 870 octogesimum?
2089 798 2265 856 Prae-

189 876 379 935 terita
428 875 588 935 enim
628 883 799 936 aetas
851 876 1129 951 quamvis
1170 878 1383 953 longa,
1441 880 1628 954 quum
1674 878 2051 952 effluxisset,
2104 881 2269 943 nulla

193 957 626 1020 consolatione
648 961 1027 1035 permulcere
1044 967 1266 1036 posset
1286 963 1530 1024 stultam
1555 970 1950 1023 senectutem.
2027 964 2085 1022 5.
2111 965 2267 1039 Quo·

194 1041 367 1102 circa
407 1041 463 1104 si
504 1042 862 1118 sapientiam
907 1060 1102 1104 meam
1146 1043 1431 1106 admirari
1460 1043 1672 1107 soletis
1714 1078 1799 1088 —-
1840 1061 1999 1120 quae
2038 1045 2264 1107 utinam

194 1125 387 1200 digna
416 1132 589 1188 esset
612 1125 900 1202 opinione
929 1134 1136 1189 vestra
1164 1136 1504 1204 nostroque
1528 1127 1921 1204 cognomine!
1947 1162 2030 1172 —
2060 1127 2120 1188 in
2151 1130 2268 1189 hoc

194 1226 419 1271 sumus
463 1208 803 1285 sapientes,
855 1212 1021 1286 quod
1066 1218 1345 1271 naturam
1388 1210 1676 1289 optimam
1709 1212 1928 1272 ducem
1958 1218 2269 1287 tamquam

194 1293 387 1353 deum
418 1293 733 1368 sequimur
774 1293 953 1370 eique
994 1311 1313 1370 paremus:
1358 1312 1394 1355 a
1439 1313 1560 1372 qua
1589 1312 1714 1356 non
1759 1294 1891 1356 veri
1920 1293 2116 1356 simile
2158 1303 2268 1367 est,

197 1394 393 1452 quum
433 1383 716 1438 caeterae
761 1384 970 1454 partes
1015 1377 1232 1438 aetatis
1282 1379 1442 1440 bene
1481 1378 1828 1455 descriptae
1870 1377 2020 1452 sint,
2076 1385 2269 1442 extre-

195 1477 366 1520 mum
397 1467 600 1522 actum
629 1469 939 1537 tamquam
978 1462 1055 1522 ab
1085 1461 1263 1522 inerti
1297 1467 1485 1538 poeta
1525 1479 1668 1526 esse
1699 1464 2063 1539 neglectum.
2146 1462 2266 1524 Sed

196 1551 404 1604 tamen
435 1561 696 1605 necesse
746 1546 857 1605 fuit
903 1562 1045 1607 esse
1097 1544 1322 1620 aliquid
1377 1554 1712 1608 extremum
1746 1552 1807 1606 et
1854 1554 2164 1622 tamquam
2210 1545 2269 1607 in

200 1629 493 1688 arborum
521 1628 692 1690 bacis
773 1637 1095 1704 terraeque
1152 1627 1450 1692 fructibus
1507 1630 1850 1692 maturitate
1905 1629 2266 1706 tempestiva

199 1710 382 1786 quasi
414 1710 639 1773 vietum
685 1719 747 1773 et
785 1712 1116 1785 caducum,
1172 1715 1339 1788 quod
1381 1715 1697 1776 serendum
1738 1722 1833 1777 est
1885 1715 2146 1777 molliter
2176 1731 2263 1776 sa·

194 1793 409 1873 pienti.
490 1795 644 1870 Quid
689 1805 790 1857 est
815 1794 975 1856 enim
1014 1795 1178 1857 aliud
1229 1796 1550 1874 Gigantum
1609 1800 1796 1860 modo
1848 1800 2076 1860 bellare
2133 1815 2266 1860 cum

196 1878 294 1939 dis
326 1878 443 1942 nisi
472 1888 725 1942 naturae
754 1883 1139 1956 repugnare?

330 1964 389 2025 6.
450 1964 733 2025 Lamus.
801 1964 1023 2041 Atqui,
1067 1965 1242 2038 Cato,
1288 1964 1699 2041 gratissimum
1733 1964 1948 2038 nobis,
1993 1972 2059 2024 ut
2091 1964 2268 2023 etiam

199 2064 318 2124 pro
350 2046 643 2123 Scipione
672 2047 998 2134 pollicear,
1033 2048 1282 2121 seceriS,
1321 2048 1406 2121 si,
1447 2048 2116 2124 quoniamspe'ramuS,
2159 2064 2261 2107 vo·

198 2132 405 2192 lumus
437 2129 682 2205 quidem
712 2139 878 2193 certe
908 2148 1093 2193 senes
1123 2130 1287 2205 fieri,
1327 2133 1516 2193 multo
1550 2139 1690 2192 ante
1718 2147 1755 2191 a
1783 2139 1844 2192 te
1882 2129 2271 2191 didicerimus

201 2213 428 2291 quibus
480 2213 760 2275 facillime
818 2214 1159 2278 rationibus
1211 2214 1741 2290 ingravescentem
1790 2222 2051 2275 aetatem
2111 2214 2271 2274 ferre

198 2297 536 2374 possimus.

333 2382 520 2443 CATo.
593 2380 830 2441 Faciam
854 2399 1026 2455 vero,
1048 2382 1231 2456 Laeli,
1255 2384 1614 2459 praesertim
1638 2401 1690 2446 si
1708 2382 1950 2459 utrique
1973 2388 2259 2455 vestrum

199 2473 270 2526 ut
300 2464 484 2539 dicis,
525 2472 764 2541 gratum
803 2467 1067 2527 futurum
1100 2473 1215 2527 est.

329 2550 612 2609 Lamnus.
681 2551 983 2610 Volumus
1016 2566 1196 2623 sane,
1241 2549 1359 2612 nisi
1389 2552 1717 2611 molestum
1751 2557 1874 2625 est,
1909 2550 2088 2623 Cato,
2126 2556 2246 2609 tam

202 2649 386 2708 quam
418 2634 662 2707 longam
697 2632 958 2708 aliquam
987 2632 1149 2693 viam
1183 2632 1555 2707 confeceriS‚
1598 2649 1781 2709 quam
1810 2632 1988 2692 nobis
2022 2648 2273 2707 quoque

199 2713 667 2791 ingrediendum
698 2716 807 2790 sit,
839 2716 1027 2789 istuc,
1065 2734 1187 2792 quo
1218 2716 1576 2793 pervenisti,
1610 2715 1822 2776 videre
1851 2717 2030 2791 quale
2060 2714 2156 2776 sit.
2214 2768 2256 2812 ι

328 2800 427 2860 111.
472 2801 531 2858 7.
623 2801 808 2860 cuo.
880 2800 1120 2861 Faciam
1176 2807 1243 2862 ut
1295 2809 1545 2879 potero,
1604 2799 1786 2861 Laeli.
1859 2799 2060 2876 Saepe
2112 2797 2269 2860 enim

200 2881 447 2944 interfui
490 2882 754 2959 querelis
798 2884 1143 2960 aequalium
1187 2901 1462 2947 meorum
1494 2919 1574 2931 —-
1604 2901 1788 2961 pares
1821 2891 2021 2948 autem
2063 2891 2273 2945 vetere

203 2965 551 3043 proverbio*
574 2984 712 3030 cum
755 2968 1003 3044 paribus
1048 2966 1329 3030 facillime
1370 2975 1823 3046 congregantur
1847 3003 1949 3042 -,
2004 2984 2162 3044 quae
2208 2969 2268 3029 C.

205 3050 541 3126 Salinator,
592 3068 751 3128 quae
803 3051 910 3128 Sp.
963 3050 1257 3127 Albium,
1308 3053 1587 3115 homines
1630 3054 2019 3125 consulareS‚
2077 3048 2274 3111 nostri

206 3135 333 3195 l'ere
364 3136 688 3211 aequaleS‚
738 3135 1063 3213 deplorare
1102 3137 1417 3211 solebant,
1466 3144 1593 3198 tum
1643 3137 1811 3213 quod
1853 3132 2270 3207 voluptatibus

206 3225 514 3293 carerent,
575 3218 710 3281 sine
759 3220 982 3295 quibus
1041 3218 1227 3280 vitam
1283 3223 1508 3283 nullam
1556 3228 1866 3312 putarent,
1924 3224 2048 3277 tum
2102 3214 2275 3291 quod

208 3310 648 3380 spernerentur
696 3304 771 3364 ab
816 3303 919 3376 ns,
986 3321 1022 3364 a
1056 3302 1277 3380 quibus
1322 3311 1535 3367 essent
1575 3302 1694 3364 coli
1736 3297 1915 3362 soliti.
1988 3297 2099 3373 Qui
2129 3295 2269 3357 mihi

207 3402 328 3449 non
359 3386 423 3447 id
461 3386 827 3452 videbantur
856 3404 1183 3463 accusare,
1222 3389 1391 3464 quod
1415 3392 1585 3448 esset
1613 3381 2048 3443 accusandum.
2120 3380 2268 3438 Nam
