2381 3723
646 139 787 199 LIB.
819 139 863 199 1.
913 140 1082 200 CAP.
1116 149 1379 202 22—24.
1424 148 1477 209 s.
1508 148 1778 203 75—82.
2169 139 2261 204 25

163 285 354 365 igitur
409 288 792 351 domesticae
853 287 1241 351 fortitudines
1296 307 1418 351 non
1479 289 1804 351 inferiores
1862 289 2250 352 militaribus:

167 372 229 432 in
260 371 489 448 quibus
523 373 662 449 plus
706 371 887 434 etiam
925 389 1109 448 quam
1148 373 1210 433 in
1254 372 1349 434 his
1393 390 1624 450 operae
1662 371 1976 449 studiique
2019 390 2249 450 ponen-

167 456 315 516 dum
346 463 464 518 est.

293 540 509 599 xxm.
559 539 661 600 79.
751 539 1011 601 Omnino
1061 539 1210 599 illud
1265 539 1623 613 honestum,
1687 540 1860 615 quod
1919 557 1994 601 ex
2047 539 2265 601 animo

164 623 422 683 excelso
450 622 904 699 magnificoque
935 621 1319 698 quaerimus,
1353 622 1535 683 animi
1562 623 1851 696 efficitur,
1882 640 2006 684 non
2035 640 2252 700 corpo-

164 705 250 766 ris
287 704 550 767 viribus.
625 707 1057 767 Exercendum
1100 713 1305 767 tamen
1338 722 1566 782 corpus
1602 714 1667 767 et
1714 706 1798 766 ita
1840 707 2258 768 adficiendum

163 796 296 862 est,
348 797 417 849 ut
457 788 756 850 oboedire
799 789 1060 851 consilio
1105 788 1453 863 rationique
1499 789 1699 865 possit
1736 789 1796 850 in
1830 790 2251 864 exsequendis

160 872 438 948 negotiis
468 879 533 933 et
558 871 618 933 in
651 873 865 933 labore
902 872 1246 934 tolerando.
1323 874 1666 934 Honestum
1701 881 1903 934 autem
1940 873 2033 947 id,
2082 873 2252 949 quod

154 954 550 1030 exquirimus
568 1003 583 1030 ,
617 963 813 1017 totum
843 964 941 1017 est
970 956 1237 1032 positum
1270 955 1327 1016 in
1364 954 1548 1016 animi
1578 972 1726 1017 cura
1757 964 1820 1018 et
1849 955 2252 1033 cogitatione:

159 1037 227 1099 in
256 1056 387 1114 quo
435 1056 560 1100 non
613 1038 910 1100 minorem
946 1038 1265 1100 utilitatem
1308 1041 1595 1101 adferunt
1638 1039 1741 1113 qui
1786 1039 1974 1116 togati
2015 1038 2103 1101 rei
2142 1057 2266 1116 pu·-

160 1121 369 1182 blicae
398 1131 699 1198 praesunt
722 1139 901 1198 quam
936 1121 1040 1198 qui
1069 1123 1293 1183 bellum
1317 1132 1558 1199 gerunt.
1631 1125 1843 1197 ltaque
1869 1138 2083 1184 eorum
2107 1140 2250 1184 con-

160 1204 306 1267 silio
352 1222 548 1282 saepe
579 1213 835 1267 autnon
880 1213 1177 1283 suscepta
1219 1214 1327 1267 aut
1367 1207 1652 1268 confecta
1690 1207 1852 1267 bella
1891 1212 2065 1278 sunt,
2121 1223 2252 1267 non

161 1306 509 1364 numquam
561 1289 743 1350 etiam
786 1288 983 1368 illata,
1048 1297 1117 1351 ut
1150 1289 1236 1350 M.
1282 1288 1530 1352 Catonis
1582 1289 1808 1350 bellum
1852 1287 2093 1350 tertium
2139 1289 2251 1349 Pu·

160 1373 404 1448 nicum,
452 1371 517 1432 in
563 1390 687 1448 quo
719 1373 895 1435 etiam
943 1372 1167 1435 mortui
1209 1372 1400 1435 valuit
1437 1372 1789 1435 auctoritas.
1877 1370 1980 1432 80.
2023 1372 2155 1446 Qua
2182 1388 2264 1432 re·

160 1458 524 1533 expetenda
559 1456 804 1532 quidem
834 1457 1030 1532 magis
1068 1465 1167 1517 est
1208 1455 1582 1518 decernendi
1619 1457 1772 1518 ratio
1819 1473 2000 1532 quam
2040 1457 2229 1516 decer

162 1540 337 1600 tandi
383 1540 716 1613 fortitudo,
775 1541 888 1602 sed
935 1541 1280 1601 cavendum
1318 1558 1396 1602 ne
1442 1538 1508 1600 id
1546 1538 1814 1601 bellandi
1867 1537 2062 1616 magis
2107 1541 2258 1615 suga

163 1641 356 1699 quam
386 1622 665 1684 utilitatis
701 1623 941 1686 ratione
969 1623 1284 1685 faciamus,

292 1707 538 1770 Bellum
591 1713 797 1768 autem
848 1705 934 1767 ita
982 1706 1381 1782 suscipiatur,
1436 1716 1503 1770 ut
1551 1706 1693 1768 nihil
1745 1705 1911 1768 aliud
1963 1704 2079 1766 nisi
2129 1722 2262 1781 pax

164 1789 798 1866 quaesitavideatur.
870 1789 1073 1851 Fortis
1114 1807 1262 1853 vero
1309 1789 1493 1853 animi
1537 1798 1598 1851 et
1629 1788 1968 1852 constantis
1999 1797 2250 1850 estnon

163 1874 518 1954 perturbari
568 1873 628 1934 in
693 1875 880 1936 rebus
938 1875 1178 1951 asperis
1233 1892 1350 1936 nec
1407 1877 1873 1937 tumultuantem
1924 1874 2002 1933 de
2053 1875 2252 1949 gradu
2323 1905 2334 1910 κ

164 1956 380 2031 deiici,
429 1965 498 2018 ut
528 1956 775 2030 dicitur,
834 1959 950 2019 sed
984 1958 1294 2033 praesenti
1336 1956 1538 2019 animo
1571 1957 1657 2018 uti
1686 1964 1749 2016 et
1779 1956 2038 2017 consilio
2068 1971 2186 2016 nec
2214 1972 2250 2013 a

162 2041 410 2103 ratione
471 2041 816 2102 discedere.
904 2040 1006 2104 81.
1053 2042 1434 2117 Quamquam
1476 2040 1598 2100 hoc
1628 2037 1844 2110 animi,
1883 2036 2032 2097 illud
2070 2036 2254 2098 etiam

161 2124 396 2201 ingenii
427 2123 632 2201 magni
661 2130 790 2198 est,
836 2123 1197 2200 praecipere
1225 2122 1597 2200 cogitatione
1629 2124 1830 2186 lutura
1852 2128 1915 2182 et
1939 2120 2256 2196 aliquanto

163 2215 313 2269 ante
349 2209 735 2269 constituere
762 2209 932 2284 quid
973 2206 1258 2268 accidere
1302 2206 1504 2283 possit
1544 2206 1606 2267 in
1655 2215 1977 2281 utramque
2017 2213 2249 2280 partem

164 2302 226 2353 et
260 2290 410 2367 quid
444 2293 753 2367 agendum
783 2292 892 2365 sit,
945 2308 1132 2367 quum
1176 2289 1327 2366 quid
1370 2290 1674 2364 evenerit,
1721 2305 1838 2350 nec
1875 2288 2259 2351 committere

166 2383 238 2436 ut
297 2374 635 2451 aliquando
690 2374 1017 2436 dicendum
1069 2374 1175 2435 sit:
1249 2376 1414 2436 ‘Non
1469 2378 1804 2451 putaram’.
1892 2374 2060 2434 Haec
2111 2379 2253 2433 sunt

168 2474 367 2535 opera
396 2458 603 2534 magni
627 2456 808 2518 animi
839 2466 902 2519 et
934 2456 1164 2519 excelsi
1196 2466 1260 2519 et
1286 2457 1611 2534 prudentia
1646 2456 2029 2532 consilioque
2062 2457 2256 2516 fiden-

166 2542 267 2603 tis.
339 2544 598 2602 Temere
637 2549 842 2604 autem
883 2540 942 2603 in
973 2541 1105 2604 acie
1134 2540 1371 2603 versari
1411 2547 1475 2601 et
1507 2556 1689 2602 manu
1723 2556 1862 2601 cum
1892 2540 2074 2601 hoste
2109 2556 2254 2600 con·

168 2625 390 2701 fligere
422 2623 686 2685 immane
730 2623 1020 2701 quiddam
1052 2633 1113 2685 et
1147 2626 1467 2686 beluarum
1510 2623 1707 2685 simile
1740 2630 1867 2697 est,
1920 2625 2033 2684 sed
2065 2639 2257 2699 quum

170 2717 420 2785 tempus
471 2706 940 2784 necessitasque
988 2711 1289 2785 postulat,
1350 2707 1788 2769 decertandum
1835 2721 2017 2767 manu
2054 2714 2154 2767 est
2195 2714 2263 2766 et

169 2808 343 2853 mors
376 2790 660 2852 servituti
696 2791 1174 2867 turpitudinique
1216 2791 1672 2868 anteponenda.

292 2875 518 2936 XXIV.
564 2872 663 2934 82.
755 2876 843 2936 De
875 2875 1227 2937 evertendis
1259 2883 1460 2936 autem
1494 2872 1978 2949 diripiendisque
1998 2872 2259 2935 urbibus

169 2959 352 3021 valde
399 2956 920 3020 considerandum
960 2965 1058 3020 est
1107 2976 1186 3019 ne
1228 2959 1374 3034 quid
1422 2965 1677 3030 temere,
1728 2975 1807 3020 ne
1850 2959 1996 3034 quid
2040 2957 2252 3018 crude·

170 3043 327 3103 liter.
403 3041 600 3116 idque
635 3048 750 3108 „est
792 3040 900 3102 viri
955 3042 1188 3118 magni,
1240 3044 1427 3103 rebus
1470 3040 1713 3119 agitatis
1756 3042 1973 3119 punire
2015 3046 2258 3111 sontes,

171 3124 619 3188 multitudinem
667 3140 1069 3198 conservare,
1124 3126 1184 3187 in
1231 3125 1397 3187 omni
1427 3128 1672 3188 fortuna
1713 3133 1881 3188 recta
1922 3130 2108 3198 atque
2146 3122 2258 3181 ho-

173 3218 349 3269 nesta
379 3207 666 3269 retinere.
747 3209 830 3272 Ut
868 3210 1029 3271 enim
1063 3217 1234 3283 sunt,
1267 3226 1451 3286 quem
1479 3211 1557 3270 ad
1590 3211 1840 3271 modum
1884 3221 2073 3281 supra
2109 3204 2260 3275 dixi,

174 3291 276 3367 qui
306 3290 562 3352 urbanis
595 3291 780 3353 rebus
819 3292 1072 3353 bellicas
1115 3301 1525 3369 anteponant,
1580 3292 1671 3352 sic
1703 3290 2005 3379 reperias·
2028 3289 2256 3378 multos

175 3375 397 3448 quibus
443 3373 796 3451 periculosa
838 3384 901 3437 et
940 3373 1137 3436 calida
1187 3374 1446 3436 consilia
1492 3371 1713 3448 quietis
1770 3376 1834 3428 et
1871 3372 2153 3439 cogitatis
2194 3371 2254 3420 et
