2381 3723
140 149 264 212 308
931 150 1408 210 FRAGMENTA
1531 150 1564 165 ²

143 303 251 363 Est
273 310 457 379 caput
481 305 637 364 illius
652 347 667 374 ,
707 318 1040 376 summoque
1066 319 1146 362 ex
1172 305 1386 362 vertice
1412 302 1562 362 Nixi

142 386 444 459 Perfacile
474 389 717 447 alterius
745 387 1064 446 candentia
1088 387 1292 445 sidera
1323 402 1540 446 nosces.

144 469 297 530 Huic
326 486 553 546 supera
587 467 865 543 duplices
904 469 1195 529 humeros
1225 468 1429 529 adfixa
1457 468 1700 529 videtur

144 550 362 625 Stella,
406 552 637 614 micans
674 551 777 611 tali
807 552 1014 627 specie
1045 551 1277 627 talique
1311 552 1526 624 nitore,

141 636 395 711 F'ulqeat
420 642 513 709 ut,
547 639 733 712 pleno
760 652 937 710 quum
969 639 1186 696 lumine
1216 635 1391 696 Luna
1416 636 1672 708 refulsit.

139 719 270 779 Non
298 736 422 795 par
448 727 536 781 est
555 721 807 794 qeminis
840 721 1109 780 manibus
1136 722 1331 793 viqor,
1373 727 1432 779 et
1455 723 1591 780 licet
1613 721 1730 779 illis

141 802 263 865 Nec
290 807 487 864 nullus
513 803 794 880 splendor
820 820 932 864 nec
962 807 1038 864 sit
1056 806 1412 879 parvissima
1440 807 1633 876 moles,

141 887 441 958 Attamen
472 895 561 949 est
590 889 779 948 tenuis
813 888 1077 962 disperso
1107 889 1326 947 lumine
1347 886 1575 960 fulqor.

143 968 254 1030 Hic
279 986 505 1046 pressu
536 969 761 1047 duplici
793 972 1127 1044 palmarum
1162 968 1434 1030 continet
1462 972 1515 1030 A
1534 986 1821 1045 nguem,

141 1056 349 1130 Atque
379 1054 508 1116 eius
538 1055 672 1131 ipse
703 1062 907 1115 manet
934 1052 1223 1129 religatus
1261 1068 1524 1128 corpore
1558 1060 1749 1115 torto:

139 1137 415 1214 Namque
440 1138 634 1199 virum
669 1137 931 1198 medium
964 1152 1224 1212 serpens
1256 1135 1370 1197 sub
1400 1143 1654 1210 pectora
1681 1135 1887 1213 cingit.

142 1221 250 1281 llle
280 1227 481 1281 tamen
519 1222 717 1283 nitens
751 1220 1019 1296 graviter
1048 1218 1309 1295 vestigia
1340 1220 1530 1294 ponit,

141 1307 347 1380 Atque
378 1306 595 1366 oculos
625 1311 846 1380 urguet
873 1304 1135 1381 pedibus
1166 1309 1511 1380 pectusque
1537 1305 1793 1383 Nepai.

140 1388 259 1448 Hic
273 1434 289 1460 ‚
327 1406 570 1464 pressus
602 1390 821 1449 dextra
834 1435 849 1463 ‚
895 1391 1041 1449 tollit
1066 1405 1129 1449 se
1156 1393 1333 1462 parte
1360 1390 1618 1463 sinistra,

139 1470 233 1532 Ac·
258 1470 434 1531 Serta
463 1476 758 1546 attinqunt
782 1488 1045 1533 summae
1072 1472 1304 1531 Minoia
1332 1475 1545 1532 malae.

138 1554 260 1613 Sub
284 1558 455 1630 spira
482 1572 732 1630 quaeres
757 1558 1033 1615 immenso
1061 1571 1310 1630 corpore
1351 1556 1575 1628 Chelas,

144 1638 305 1707 Quae
334 1645 529 1699 tamen
557 1639 727 1699 haud
753 1654 1033 1712 maanum
1061 1642 1288 1699 iactant
1314 1656 1430 1715 pro
1462 1642 1609 1700 mole
1640 1643 1902 1701 nitorem.

263 1720 469 1797 Ipsam
501 1722 745 1784 Helicen
772 1725 1035 1796 sequitur
1049 1769 1063 1793 ,
1108 1739 1225 1783 non
1255 1724 1469 1799 dispar
1488 1722 1694 1795 forma
1723 1726 1983 1797 bubulce,

141 1805 708 1882 Arctophylax,
742 1806 927 1882 vulgo
960 1805 1065 1882 qui
1100 1805 1318 1868 dicitur
1347 1821 1489 1868 esse
1522 1807 1829 1880 BooteS,

142 1888 319 1962 Quod
353 1890 529 1965 quasi
558 1897 805 1951 temone
835 1889 1186 1952 adiunctam
1213 1908 1363 1967 prae
1394 1907 1464 1952 se
1494 1891 1686 1967 quatit
1710 1893 1966 1954 Arcton.

145 1974 358 2035 Clarus
385 1975 511 2048 hic,
554 1981 613 2035 et
643 1975 856 2036 subter
889 1973 1250 2050 praecordia
1281 1974 1403 2035 fixa
1434 1974 1676 2035 videtur

143 2055 331 2117 Stella
361 2056 595 2119 micans
623 2058 810 2120 radiis
845 2059 1232 2119 Arcturus
1262 2057 1509 2120 nomine
1550 2059 1735 2119 claro.

305 2141 423 2203 Hic
448 2160 511 2203 se
541 2142 657 2202 sub
689 2141 948 2217 pedibus
982 2143 1218 2217 profert
1244 2140 1413 2202 finita
1440 2141 1641 2213 Booti,

142 2223 391 2298 Spicum
425 2225 659 2286 illustre
691 2232 936 2297 tenens,
984 2224 1331 2301 splendenti
1365 2240 1628 2299 corpore
1656 2224 1914 2301 Virgo.

140 2307 273 2369 Sive
307 2311 398 2370 illi
422 2309 705 2369 Astraeus
727 2316 907 2384 pater
933 2317 1045 2382 est,
1088 2313 1195 2384 qui
1218 2311 1437 2371 dez-itur
1460 2310 1618 2370 idem

140 2390 444 2452 Sideribus
468 2393 761 2466 stellisque
774 2400 988 2467 pater,
1030 2409 1135 2453 seu
1166 2394 1404 2468 quilibet
1428 2395 1598 2465 alter,

140 2473 232 2535 Sit
247 2475 439 2547 felix.-
479 2492 626 2536 sane
656 2476 807 2537 baec
834 2482 1128 2537 narratur
1151 2477 1371 2549 fabula
1399 2478 1589 2550 vulqo.

137 2558 395 2620 Incoluit
415 2562 582 2621 caelo
608 2567 803 2621 terras
830 2561 1082 2621 Astraea
1108 2562 1328 2632 relicto,

145 2643 578 2720 Conventusque
605 2645 902 2705 hominum
934 2660 1052 2705 non
1083 2644 1408 2718 dediqnata
1423 2646 1718 2719 priorum,

70 2793 73 2796 ,
137 2727 262 2787 Sed
277 2745 396 2791 ‚nec
416 2729 706 2801 femineos
731 2745 1017 2804 spernens
1051 2729 1299 2787 invisere
1326 2735 1537 2800 coetus,

136 2811 268 2871 Leti
295 2828 515 2887 expers
542 2816 756 2888 qeneri
778 2813 1018 2874 mortali
1046 2813 1235 2871 macta
1261 2811 1495 2885 resedit,

138 2895 383 2955 Nomine
407 2894 675 2958 Iustitiae
695 2899 994 2972 caudens,
1036 2896 1380 2969 senibusque
1404 2897 1638 2968 coactis,

136 2979 213 3039 In
242 2994 526 3054 maqnove
547 2980 689 3053 foro
720 2984 907 3042 lateve
933 2984 1170 3056 patente
1202 2981 1422 3054 platea,

143 3064 348 3126 Civiles
369 3066 608 3141 populis
632 3065 889 3125 dictabat
910 3064 1119 3124 sedula
1144 3065 1334 3137 leqes:

137 3150 262 3209 Nec
287 3152 450 3209 mala
481 3150 556 3209 lis
576 3148 788 3221 fuerat
811 3149 1060 3209 necdum
1090 3147 1393 3207 discordia
1420 3151 1558 3207 nota

138 3231 263 3289 Nec
282 3231 427 3303 fera
454 3232 660 3292 seditio
678 3231 957 3304 furiarat
981 3231 1188 3292 mobile
1215 3233 1440 3305 vulqus,

139 3312 333 3371 Saeva
359 3330 468 3374 nec
496 3316 758 3375 audaces
779 3312 1037 3386 fuerant
1053 3314 1221 3387 freta
1237 3330 1430 3390 passa
1462 3313 1722 3384 carinas,

140 3392 290 3465 Sed,
336 3394 515 3455 bubus
541 3403 730 3458 tracto
755 3398 1048 3458 sulcantes
1077 3413 1306 3458 vomere
1334 3403 1546 3472 terras,

2114 165 2214 221 118

2137 1730 2205 1785 95

2110 2150 2210 2204 100

2106 2567 2209 2619 105

2115 2983 2213 3038 110

2108 3399 2210 3455 115
