2381 3723
126 102 215 183 '28
940 119 1043 179 DE
1076 117 1398 179 ormcns

133 278 196 332 et
225 270 676 332 animadversio
708 280 769 331 et
795 268 1114 346 castigatio
1145 266 1515 330 contumelia
1539 283 1760 328 vacare
1790 266 1974 327 debet
2002 280 2212 339 neque

139 356 216 415 ad
249 354 410 424 eius,
463 353 566 428 qui
598 354 845 431 punitur
873 353 1137 427 aliquem
1168 359 1277 413 aut
1308 350 1514 413 verbis
1545 349 1831 426 castigat,
1865 349 1978 410 sed
2007 349 2087 408 ad
2119 346 2208 408 rei

139 438 418 514 publicae
474 436 791 498 utilitatem
844 435 1077 498 referri.
1164 433 1267 496 89.
1331 435 1685 495 Cavendum
1745 440 1843 494 est
1892 431 2073 493 etiam
2130 447 2211 491 ne

134 521 328 585 maior
381 537 583 595 poena
627 537 810 596 quam
855 521 1039 595 culpa
1085 519 1168 580 sit
1227 527 1290 579 et
1330 537 1406 579 ne
1452 518 1670 579 iisdem
1720 519 1799 578 de
1845 514 2053 578 causis
2106 514 2209 574 alii

137 607 509 680 plectantur,
566 603 665 664 alii
705 621 782 664 ne
819 606 1207 681 appellentur
1240 602 1508 678 quidem.
1575 600 1963 663 Prohibenda
2001 608 2212 660 autem

133 686 397 748 maxime
445 695 540 748 est
589 687 679 747 ira
725 687 787 748 in
838 687 1174 764 puniendo.
1258 687 1600 761 Numquam
1652 682 1812 745 enim
1861 683 2052 744 iratus
2104 679 2211 757 qui

134 772 392 832 accedet
440 771 521 831 ad
561 784 827 847 poenam
868 769 1350 832 mediocritatem
1397 770 1554 829 illam
1599 768 1855 840 tenebit,
1910 782 2069 842 quae
2110 773 2220 826 est

134 854 293 915 inter
332 853 580 915 nimium
624 862 686 915 et
726 870 972 931 pamm,
1025 870 1186 930 quae
1229 855 1431 930 placet
1472 850 1890 927 Peripateticis
1937 858 2000 911 et
2037 858 2216 910 recte

138 940 372 1012 placet,
423 939 610 1000 modo
641 955 721 1001 ne
750 940 1071 1000 laudarent
1110 935 1485 998 iracundiam
1518 944 1581 996 et
1614 935 1887 997 dicerent
1917 932 2144 1001 utiliter
2174 950 2214 993 a

137 1029 354 1082 natura
394 1023 618 1083 datam.
691 1023 798 1082 Illa
839 1039 992 1084 vero
1041 1019 1325 1084 omnibus
1363 1019 1425 1080 in
1458 1019 1645 1080 rebus
1689 1017 2070 1095 repudianda
2112 1023 2214 1078 est

136 1105 630 1181 optandumque,
677 1113 746 1167 ut
776 1104 845 1181 ii,
879 1104 984 1181 qui
1017 1110 1314 1180 praesunt
1341 1120 1428 1164 ret
1456 1101 1769 1180 publicae,
1813 1104 2016 1177 legum
2047 1099 2211 1160 simi·

136 1190 227 1250 les
259 1187 411 1264 sint,
465 1207 623 1265 quae
666 1191 744 1250 ad
776 1189 1149 1264 puniendum
1196 1205 1317 1248 non
1363 1186 1710 1259 iracundia,
1760 1186 1871 1246 sed
1897 1183 2214 1259 aequitate

135 1272 461 1333 ducuntur.

259 1357 475 1417 XXVI.
521 1356 620 1416 90.
709 1358 915 1430 Atque
940 1353 1121 1416 etiam
1144 1352 1205 1414 in
1239 1355 1425 1416 rebus
1451 1351 1773 1431 prosperis
1797 1360 1860 1415 et
1882 1353 1962 1412 ad
1995 1353 2211 1412 volun-

137 1447 320 1500 tatem
353 1446 627 1498 nostram
659 1437 991 1498 fluentibus
1020 1438 1372 1514 superbiam
1401 1453 1623 1513 magno
1659 1453 1869 1514 opere,
1899 1434 2212 1496 fastidium

135 1521 685 1597 adrogantiamque
716 1520 1035 1596 fugiamus.
1112 1522 1259 1582 Nam
1290 1530 1358 1583 ut
1386 1523 1685 1582 adversas
1717 1538 1839 1593 res,
1872 1519 1962 1580 sic
1990 1534 2216 1579 secun·

139 1606 252 1666 das
297 1604 696 1666 immoderate
729 1606 887 1664 ferre
922 1604 1184 1666 levitatis
1237 1613 1332 1667 est
1368 1607 1808 1682 praeclaraque
1842 1610 1939 1665 est
1982 1618 2198 1678 aequa·

135 1688 381 1749 bilitas
368 1706 426 1748 m
461 1686 627 1750 omni
665 1686 788 1748 vita
831 1695 893 1748 et
928 1687 1088 1749 idem
1120 1705 1370 1765 semper
1397 1691 1601 1750 vultus
1642 1688 1985 1762 eademque
2013 1687 2210 1758 frona,

136 1779 203 1832 ut
232 1773 310 1832 de
347 1771 604 1833 Socrate
640 1770 909 1845 itemque
944 1774 1022 1832 de
1066 1773 1127 1832 C.
1164 1774 1369 1834 Laelio
1413 1769 1789 1847 accepimus·
1863 1769 2212 1855 Philippum

137 1855 383 1932 quidem
414 1855 821 1917 Macedonum
851 1872 1056 1932 regem
1091 1857 1279 1918 rebus
1302 1855 1496 1933 gestis
1526 1863 1590 1917 et
1599 1853 1809 1952 ‘gloria
1848 1860 2208 1930 superatum

135 1955 172 1999 a
205 1940 329 2001 filio
363 1939 645 2002 facilitate
687 1946 749 2001 et
780 1940 1153 2000 humanitate
1186 1940 1364 2001 video
1407 1939 1787 2016 superiorem
1815 1939 2210 1999 fuisse.1ta·

137 2041 260 2098 que
293 2026 447 2085 alter
476 2040 724 2100 semper
750 2039 1044 2099 magnus,
1079 2024 1235 2085 alter
1269 2040 1461 2100 saepe
1487 2021 1913 2099 turpissimus,
1938 2028 2008 2081 ut
2041 2029 2208 2082 recte

139 2107 495 2183 praecipere
541 2108 867 2168 videantur
922 2107 1023 2183 qui
1076 2113 1357 2181 monent,
1409 2114 1506 2180 ut,
1566 2113 1796 2183 quanto
1850 2103 2208 2181 superiores

137 2189 362 2263 simus,
422 2197 592 2250 tanto
644 2206 762 2250 nos
803 2206 1086 2264 geramus
1128 2189 1516 2253 submissius.
1588 2189 1911 2250 Panaetius
1961 2186 2204 2263 quidem

140 2272 530 2333 ‘Africanum
571 2272 914 2333 auditorem
945 2282 1008 2334 et
1048 2274 1399 2335 familiarem
1434 2291 1611 2335 suum
1657 2272 1933 2334 solitum’
1965 2270 2051 2331 ait
2082 2270 2208 2331 ‘di-

137 2370 309 2428 cere,
373 2363 442 2416 ut
494 2372 693 2431 equos
743 2363 998 2430 propter
1045 2359 1297 2419 crebras
1352 2356 1782 2419 contentiones
1834 2354 2207 2432 proeliorum

140 2439 457 2500 ferocitate
482 2440 885 2502 ‚exsultantes
936 2438 1346 2502 domitoribus
1403 2442 1644 2503 tradere
1690 2442 1959 2512 soleant,
2018 2445 2090 2499 ut
2137 2436 2208 2497 iis

138 2520 509 2583 facilioribus
542 2521 786 2598 possint
829 2522 946 2597 uti,
1009 2523 1100 2585 sic
1147 2524 1429 2586 homines
1463 2523 1753 2586 secundis
1794 2523 1977 2585 rebus
2030 2521 2209 2582 effre·

137 2610 316 2666 natos
366 2603 607 2681 sibique
660 2607 1073 2683 praefidentes
1124 2618 1431 2684 tamquam
1484 2608 1541 2668 in
1578 2624 1797 2686 gyrum
1840 2603 2094 2667 rationis
2146 2611 2211 2664 et

137 2688 454 2750 doctrinae
491 2688 633 2750 duci
664 2698 973 2766 oportere,
1009 2699 1076 2752 ut
1118 2690 1541 2769 perspicerent
1576 2707 1778 2752 rerum
1809 2690 2209 2750 humanarum

135 2770 600 2834 imbecillitatem
630 2774 1142 2850 'varietatemque
1197 2777 1524 2837 fortunae?
1612 2774 1713 2835 91.
1774 2778 1979 2849 Atque
2026 2770 2213 2832 etiam

135 2854 193 2914 in
233 2855 699 2918 secundissimis
735 2858 921 2919 rebus
951 2858 1217 2919 maxime
1245 2864 1343 2921 est
1370 2860 1659 2920 utendum
1697 2856 1953 2919 consilio
1984 2855 2213 2916 amico·

136 2956 269 2999 rum
323 2938 523 3014 iisque
580 2939 772 3002 maior
821 2941 1003 3002 etiam
1058 2959 1240 3018 quam
1292 2950 1433 3003 ante
1475 2941 1799 3005 tribuenda
1850 2938 2212 3001 auctoritas·

133 3021 486 3098 Iisdemque
517 3023 898 3099 temporibus
932 3027 1274 3087 cavendum
1296 3033 1495 3087 estne
1524 3024 2017 3090 adsentatoribus
2044 3029 2215 3099 pate·

135 3105 432 3167 faciamus
472 3123 654 3168 aures
697 3123 814 3168 nec
847 3108 1081 3170 adulari
1124 3126 1241 3171 nos
1281 3109 1588 3183 sinamus,
1631 3108 1690 3168 in
1722 3127 1846 3184 quo
1878 3106 2001 3170 falli
2035 3106 2215 3166 facile

132 3197 246 3249 est.
318 3192 497 3252 Tales
545 3190 705 3251 enim
746 3208 865 3253 nos
908 3209 1053 3254 esse
1090 3201 1407 3269 putamuS,
1457 3201 1526 3258 ut
1563 3194 1692 3257 iure
1733 3193 2081 3254 laudemur:
2130 3206 2212 3250 ex

134 3287 260 3344 quo
291 3283 625 3334 nascuntur
661 3274 1120 3337 innumerabilia
1148 3285 1434 3354 peccata,
1485 3294 1673 3374 qun-m
1708 3275 1987 3337 homines
2015 3272 2209 3334 inflato

131 3353 524 3429 opinionibus
555 3357 815 3432 turpiter
840 3356 1166 3420 irridentur
1196 3368 1257 3421 et
1291 3359 1348 3420 in
1379 3359 1656 3422 maximis
1687 3366 2013 3420 versantur
2042 3372 2185 3419 erro

351 3579 395 3609 k
