2381 3723
181 153 293 211 207
572 207 577 212 ,
830 144 994 204 CAP.
1029 152 1116 206 24.
1152 154 1239 207 25.
1286 153 1337 214 §-
1370 154 1633 210 85-91.
2146 143 2271 208 397

184 300 320 371 bat,
360 302 720 358 constanter
750 295 1034 372 perstitit.
1109 298 1244 372 Quo
1280 299 1440 358 facto
1478 296 1770 359 iudicavit
1802 303 1863 358 et
1893 296 1984 357 vir
2022 299 2273 375 sapiens

184 388 254 443 et
290 382 559 442 Platonis
605 379 942 456 discipulus
988 380 1137 456 quid
1185 388 1500 453 caeteroS,
1556 380 1659 457 qui
1706 380 2018 457 sapientes
2060 382 2275 443 haberi

184 467 435 537 volunt,
482 466 685 524 faeere
724 469 1030 540 oporteat.
1117 463 1220 526 89.
1267 467 1349 524 At
1378 465 1765 541 Trabeaspas
1802 466 1990 526 multo
2034 466 2272 539 fortius»,

186 549 245 610 si
279 548 525 624 quidem
560 545 670 607 filii
700 547 1047 623 morientis,
1110 565 1299 625 quum
1330 549 1493 610 ferro
1533 548 1932 622 traiiceretur,
1981 548 2114 611 sine
2146 550 2272 611 ullo

188 649 453 709 prorsus
502 632 722 693 dolore
780 639 1097 708 spectator
1145 631 1275 693 suit.
1365 633 1702 711 Cambyses
1754 632 1914 693 enim
1971 632 2164 695 iratus
2216 647 2278 694 et

189 714 402 777 ebrius
445 732 629 791 quum
661 714 792 777 eius
834 714 1023 776 filium
1077 715 1314 793 sagittis
1358 722 1597 793 peteret
1633 716 1878 792 iamque
1917 724 2138 793 pectus
2182 733 2276 778 re·

191 803 430 861 clusum
457 805 816 876 appareret,
862 805 1095 875 patrem
1124 800 1306 861 iussit
1342 799 1648 876 inspicere
1679 818 1823 861 num
1870 817 1979 861 cor
2024 817 2274 876 percus·

191 900 329 952 sum
373 889 571 945 esset.
649 882 756 945 Cui
785 901 972 959 quum
1019 891 1195 962 pater
1239 884 1671 961 respondisset
1714 884 1836 944 iam
1881 885 2053 945 cordi
2092 886 2276 960 sagit-

194 977 316 1027 tam
343 984 485 1029 esse
507 966 786 1040 infixam,
817 974 946 1029 tum
979 968 1348 1047 Cambyses:
1421 967 1577 1029 Num
1599 967 1744 1044 quid
1770 973 2028 1041 certam,
2059 967 2274 1044 inquit,

191 1052 394 1113 habeo
444 1051 729 1111 manum?
796 1050 882 1111 At
921 1058 1097 1127 pater
1137 1054 1305 1113 nullo
1354 1051 1586 1113 doloris
1633 1052 1811 1128 signo
1845 1052 1988 1112 dato
2032 1067 2148 1113 nec
2174 1068 2276 1112 us·

110 1167 119 1172 -
193 1152 381 1211 quam
425 1150 731 1196 conversa
764 1142 869 1195 aut
899 1142 1206 1197 commota
1241 1135 1428 1196 facie:
1507 1137 1594 1197 Ne
1622 1134 1971 1212 Apollinem
2007 1133 2273 1211 quidem,

194 1217 423 1294 inquit,
457 1217 753 1279 certiores
777 1218 1035 1294 sagittas
1062 1218 1432 1282 emissurum
1464 1219 1847 1280 crediderim.
1926 1218 2081 1294 Quid
2112 1219 2277 1280 hunc

195 1309 432 1379 patrem
463 1311 750 1379 putemus
795 1303 1095 1364 facturum
1138 1303 1367 1376 fuisse,
1420 1303 1474 1364 si
1504 1303 1665 1364 filius
1697 1302 1756 1363 in
1801 1319 2008 1378 pugna
2042 1302 2278 1363 sortiter

196 1385 496 1446 dimicans
550 1386 978 1459 occubuisset,
1035 1386 1139 1463 qui
1186 1386 1411 1449 nullius
1456 1389 1674 1464 culpae
1721 1386 2036 1448 conscium
2086 1387 2276 1448 filium

196 1468 624 1531 crudelissime
671 1470 967 1531 trucidari
1018 1488 1142 1532 non
1201 1472 1505 1532 doluerit?
1589 1471 1742 1532 Num
1793 1471 2117 1531 credamus
2171 1468 2276 1529 filii
2323 1506 2329 1512 -

196 1559 459 1614 mortem
492 1554 816 1615 honestam
858 1570 931 1614 ac
971 1571 1084 1630 pro
1132 1553 1330 1631 patria
1382 1561 1734 1632 susceptam
1781 1553 1886 1615 tali
1927 1554 2086 1631 patri
2118 1554 2275 1615 futu·

196 1654 331 1697 ram
352 1635 540 1697 fuisse
563 1635 1064 1700 iucundissimam
1083 1640 1127 1697 Τ
1145 1640 1272 1699 Nee
1297 1645 1498 1701 tamen
1526 1638 1738 1701 dubito
1762 1640 2103 1715 permultos
2122 1640 2274 1710 fore,

200 1719 308 1796 qui
363 1719 611 1797 impium
667 1721 833 1782 illum
879 1738 952 1783 ac
1006 1739 1203 1799 paene
1254 1722 1561 1785 viscerum
1615 1740 1870 1784 suorum
1926 1721 2273 1783 carnificem

207 1812 446 1866 aocent.
520 1805 645 1866 Sed
695 1804 916 1867 saciant
946 1822 1125 1880 sane,
1175 1811 1246 1868 ut
1279 1806 1477 1881 lubet,
1522 1807 1668 1869 dum
1711 1807 1832 1867 hoc
1874 1804 2017 1866 mihi
2060 1820 2275 1865 conce-

198 1890 379 1961 dant,
443 1891 787 1966 exemplum
844 1892 963 1952 hoc
1019 1890 1389 1953 fortitudinis
1442 1907 1516 1950 ac
1562 1889 1785 1950 devicti
1836 1888 2074 1949 doloris
2132 1903 2276 1948 esse

196 1972 801 2050 praeclarissimum:
869 1975 972 2035 90.
1026 1975 1205 2050 Quod
1249 1973 1303 2035 si
1331 1974 1416 2034 ita
1447 1980 1570 2047 est,
1621 1980 1691 2033 ut
1726 1972 2004 2033 infirmos
2036 1971 2274 2031 animos

196 2062 481 2132 spectata
533 2070 915 2118 caeterorum
963 2058 1154 2119 virtus
1189 2059 1394 2131 erigat
1420 2062 1482 2117 et
1516 2056 1868 2126 confirmet,
1921 2072 2101 2129 quem
2138 2069 2276 2114 cen·

195 2157 450 2201 seamus
492 2140 611 2200 iam
651 2140 851 2203 dolori
894 2156 1369 2212 concessurum,
1413 2158 1599 2217 quum
1632 2146 1751 2199 tam
1796 2140 2019 2199 multos
2050 2136 2278 2207 audiat,

198 2222 309 2299 qui
355 2240 426 2284 se
472 2223 647 2300 ipsos
701 2225 761 2285 in
814 2226 1033 2286 dolore
1091 2223 1457 2301 superarint.
1548 2221 1849 2300 Quocirca
1904 2228 2024 2282 tam
2091 2222 2279 2281 multa

198 2313 475 2367 veterum
528 2310 813 2385 exempla
863 2309 1152 2386 colligere
1200 2325 1422 2371 vereor
1469 2326 1548 2369 ne
1597 2322 2129 2384 supervacaneum
2176 2310 2282 2363 aut

197 2393 470 2451 fortasse
497 2391 776 2467 putidum
812 2392 1105 2454 videatur.
1181 2392 1360 2467 Quod
1395 2393 1448 2454 si
1496 2391 1755 2455 caeteris
1787 2397 2019 2451 tantum
2049 2396 2112 2450 et
2152 2404 2279 2449 non

194 2473 512 2536 nobismet
534 2474 686 2552 ipsis
719 2475 1130 2538 scriberemus
1149 2524 1163 2548 ,
1199 2478 1465 2537 fortasse
1492 2476 1812 2538 breviores
1835 2474 1895 2535 in
1927 2474 2278 2542 scribendo,

180 2556 258 2618 'in
298 2559 596 2633 exemplis
627 2567 826 2620 autem
860 2559 1261 2620 recensendis
1293 2558 1471 2619 etiam
1503 2559 1742 2633 priores
1778 2576 2082 2620 essemus.
2154 2556 2280 2616 Sed

194 2641 271 2701 fit
301 2641 512 2703 nescio
559 2661 682 2719 quo
731 2644 917 2705 modo
965 2655 1034 2703 ut
1077 2661 1154 2703 ex
1185 2643 1440 2705 aliorum
1484 2641 1730 2702 casibus
1761 2643 1836 2700 ad
1882 2643 2041 2700 mala
2071 2647 2281 2700 nostra

195 2726 481 2785 sananda
526 2726 891 2787 medicinam
934 2727 1314 2802 colligamus.
1382 2725 1571 2787 Nobis
1618 2722 1863 2799 quidem
1907 2723 1991 2783 ita
2017 2723 2279 2793 videtur,

195 2816 287 2880 et,
346 2825 533 2883 quum
577 2818 810 2872 nostro·
843 2811 1079 2871 vulneri
1123 2811 1506 2882 medeamur,
1558 2806 1761 2869 mirari
1792 2824 1914 2868 non
1951 2805 2281 2877 debebunt,

196 2889 309 2967 qui
336 2891 491 2952 haee
538 2893 595 2954 in
642 2911 858 2956 manus
904 2901 1176 2969 sument,
1229 2892 1460 2970 siquid
1493 2895 1760 2954 fortasse
1788 2893 1991 2967 paullo
2029 2904 2283 2967 expres-

195 2991 339 3035 sum
379 2976 630 3039 uberius
673 2977 1033 3039 invenerint.
1122 2977 1223 3039 91.
1265 2978 1419 3038 lllud
1468 2983 1635 3038 certe
1675 2975 2062 3054 propositum
2098 2973 2282 3033 habe-

195 3075 372 3129 πως,
434 3070 498 3121 ut
554 3061 839 3123 omnibus
895 3062 1216 3123 nobiscum
1270 3062 1574 3136 prodesse
1628 3058 2024 3134 omniumque
2083 3053 2284 3116 dolori

197 3158 389 3218 quam
429 3145 891 3208 accuratissime
926 3146 1058 3206 fieri
1094 3145 1297 3221 possit
1339 3143 1827 3207 consolationem
1864 3143 2106 3202 adferre
2137 3156 2285 3217 pos-

194 3227 417 3287 simus.
497 3229 687 3304 Quam
729 3230 809 3290 ob
852 3246 981 3290 rem
1012 3230 1106 3289 his
1158 3228 1590 3290 enumerandis
1636 3233 1911 3289 nostram
1952 3226 2135 3286 valde
2178 3223 2281 3283 im·

194 3308 391 3369 minui
433 3320 619 3387 atque
659 3313 933 3373 adlevari
985 3312 1327 3374 molestiam
1376 3312 1754 3391 experimur,
1809 3309 2066 3370 caeteris
2121 3308 2282 3366 idem

195 3403 489 3468 optamus
521 3412 624 3470 ac,
667 3396 717 3457 si
747 3395 953 3456 dicere
981 3397 1188 3469 liceat,
1234 3397 1410 3457 etiam
1447 3411 1790 3474 speramus.
1862 3394 2011 3453 Nam
2033 3390 2090 3452 in
2116 3396 2282 3449 tanta
