2381 3723
80 102 163 163 56
890 103 992 163 DE
1028 102 1125 163 OF
1126 103 1175 162 F
1176 102 1349 163 lCllS

82 260 234 324 tem,
287 254 386 313 vel
418 253 728 313 secundas
761 253 839 312 ad
873 270 973 313 res
1016 254 1112 313 vel
1143 253 1441 315 adversas
1474 250 1611 328 quis
1649 249 1890 327 ignorat
1904 253 1943 311 2·
2009 252 2157 312 Nam

88 343 149 395 et
181 353 365 411 quum
398 352 702 411 prospero
737 335 886 395 flatu
917 335 1049 395 eius
1095 335 1349 409 utimur,
1402 337 1479 395 ad
1523 334 1725 396 exitus
1769 333 2159 410 pervehimur

82 426 330 494 optatos
361 426 453 492 et,
489 436 676 493 quum
708 418 975 491 reflavit,
1012 417 1379 494 adfligimur.
1452 419 1619 479 Haec
1649 417 1834 492 igitur
1855 418 1997 494 ipsa
2032 417 2152 476 sor·

80 511 229 562 tuna
270 508 552 563 caeteros
609 517 796 561 casus
837 500 1104 561 rariores
1158 502 1371 575 habet,
1423 501 1684 578 primum
1739 501 1815 560 ab
1871 499 2159 560 inanimis-

80 586 414 661 procellas,
444 589 878 660 tempestates,
916 583 1262 660 naufragia,
1295 583 1537 658 ruinas,
1573 584 1883 653 incendia,
1934 582 2154 643 deinde

81 684 117 726 a
144 665 360 728 bestiis
393 666 576 739 ictus,
631 683 909 740 morsus,
964 666 1251 741 impetus.
1324 668 1495 728 Haec
1522 684 1702 743 erge,
1754 676 1822 728 ut
1851 665 2004 738 dixi,
2047 683 2157 725 ra-

78 750 261 810 riora.
352 748 453 809 20.
501 752 582 809 At
611 765 760 810 vero
796 749 1072 810 interitus
1103 749 1514 823 exercituum,
1546 758 1615 811 ut
1642 749 1920 827 proxime
1948 749 2155 822 trium,

81 849 272 909 saepe
314 835 671 906 multorum,
727 834 934 894 clades
975 833 1442 908 imperatorum,
1496 841 1562 894 ut
1601 849 1797 910 nuper
1828 831 2047 894 summi
2091 839 2160 892 et

81 916 408 992 singularis
460 914 601 988 viri,
675 915 938 977 invidiae
988 922 1311 993 praeterea
1364 915 1765 978 multitudinis
1830 924 2015 991 atque
2072 914 2168 975 ob-

80 1015 188 1061 eas
216 1000 379 1061 bene
410 999 762 1061 meritorum
803 1016 995 1076 saepe
1025 998 1247 1061 civium
1287 999 1715 1077 expulsioneS,
1759 997 2162 1072 calamitateS,
2207 1048 2210 1057 f

81 1084 280 1159 fugae,
310 1100 649 1159 rursusque
678 1084 989 1144 secundae
1022 1098 1156 1155 res,
1186 1083 1489 1157 honores,
1521 1082 1805 1158 imperia,
1839 1081 2165 1154 victoriae,

83 1182 449 1243 quamquam
503 1167 752 1228 fortuita
798 1173 966 1238 sunt,
1029 1172 1232 1227 tamen
1290 1164 1424 1229 sine
1481 1167 1790 1227 hominum
1846 1166 2072 1242 opibus
2096 1172 2164 1224 et

82 1247 303 1311 studiis
336 1258 613 1311 neutram
642 1249 703 1311 in
736 1258 969 1327 partem
993 1249 1154 1310 effici
1187 1257 1472 1326 possunt.
1540 1251 1678 1311 Hoc
1698 1249 1879 1327 igitur
1903 1248 2161 1324 cognito

82 1333 408 1394 dicendum
450 1341 548 1394 est
592 1350 860 1407 quonam
912 1333 1099 1394 modo
1140 1332 1451 1394 hominum
1498 1333 1702 1394 studia
1744 1333 1823 1393 ad
1862 1332 2167 1393 utilitates

82 1425 329 1477 nostras
360 1415 627 1476 adlicere
661 1422 848 1491 atque
878 1414 1147 1476 excitare
1190 1416 1525 1493 possimus.
1600 1419 1767 1492 Quae
1813 1415 1868 1477 si
1911 1412 2162 1490 longior

82 1499 263 1559 suerit
314 1497 541 1570 oratio,
602 1514 737 1559 cum
796 1498 1211 1573 magnitudine
1259 1498 1530 1560 utilitatis
1584 1506 2003 1576 comparetur:
2072 1496 2166 1557 ita<

82 1585 348 1642 sortasse
379 1581 557 1642 etiam
588 1580 836 1642 brevior
866 1580 1186 1643 videbitur.

209 1663 308 1722 21.
351 1665 786 1739 Quaecumque
814 1663 997 1740 igitur
1028 1665 1309 1726 homines
1343 1664 1571 1726 homini
1602 1665 1876 1726 tribuunt
1909 1663 1989 1724 ad
2012 1680 2157 1723 eum

81 1747 430 1823 augendum
488 1756 676 1822 atque
726 1747 1176 1809 honestandum
1198 1797 1213 1822 ,
1285 1755 1388 1809 aut
1439 1747 1907 1809 benevolentiae
1958 1746 2164 1823 gratia

83 1830 341 1904 faciunt,
376 1847 560 1908 quum
585 1829 789 1907 aliqua
823 1830 900 1891 de
931 1846 1120 1893 causa
1150 1831 1497 1908 quempiam
1521 1830 1797 1908 diligunt,
1828 1836 1935 1892 aut
1960 1830 2156 1891 hono—

80 1914 196 1989 riS‚
250 1913 303 1977 si
352 1913 527 1977 cuius
564 1913 845 1976 virtutem
890 1913 1236 1991 suspiciunt
1274 1932 1583 1991 quemque
1623 1915 1871 1992 dignum
1913 1915 2163 1976 fortuna

84 2015 266 2073 quam
301 1998 676 2077 amplissima
717 2005 933 2074 putant
959 2005 1065 2058 aut
1093 1997 1192 2059 cui
1221 1998 1407 2058 fidem
1435 1998 1665 2059 habent
1691 2006 1752 2059 et
1780 2000 1940 2059 bene
1966 1998 2160 2058 rebus

82 2083 211 2143 suis
243 2085 570 2145 consulere
601 2082 970 2143 arbitrantur
999 2089 1106 2142 aut
1135 2082 1309 2143 cuius
1342 2098 1498 2158 opes
1529 2088 1834 2154 metuunt,
1870 2088 1975 2142 aut
2008 2097 2153 2142 con·

82 2172 193 2238 tra,
225 2182 264 2225 a
295 2166 517 2240 quibus
541 2164 768 2239 aliquid
801 2173 1193 2241 exspectant,
1227 2172 1294 2226 ut
1318 2181 1505 2240 quum
1534 2181 1714 2240 reges
1738 2167 2158 2241 popularesve

79 2247 359 2308 homines
391 2245 743 2321 largitiones
777 2248 1015 2323 aliquas
1043 2257 1425 2324 proponunt,
1457 2254 1563 2308 aut
1591 2255 1910 2325 postremo
1946 2247 2165 2323 precio

80 2346 154 2390 ac
204 2331 492 2392 mercede
516 2330 874 2400 ducuntur,
941 2348 1101 2404 quae
1150 2329 1580 2393 sordidissima
1619 2339 1716 2393 est
1764 2330 1866 2391 illa
1908 2329 2157 2406 quidem

79 2414 234 2475 ratio
268 2419 330 2473 et
356 2411 848 2488 inquinatissima
876 2420 938 2474 et
969 2413 1096 2488 his,
1140 2414 1244 2490 qui
1276 2430 1349 2475 ea
1393 2422 1702 2488 tenentur,
1764 2423 1824 2475 et
1852 2412 1998 2486 illis,
2053 2415 2158 2489 qui

82 2497 158 2555 ad
204 2512 337 2557 eam
381 2498 715 2571 confugere
757 2504 1077 2558 conantur.
1165 2496 1268 2557 22.
1309 2498 1469 2558 Male
1509 2496 1670 2559 enim
1700 2514 1771 2558 se
1801 2513 1902 2558 res
1949 2497 2158 2569 habet,

80 2596 301 2656 quum,
339 2580 507 2657 quod
534 2577 758 2641 virtute
788 2579 949 2641 effici
981 2582 1193 2653 debet,
1227 2581 1287 2641 id
1319 2589 1652 2658 temptatur
1682 2580 1965 2659 pecunia.
2029 2579 2158 2642 Sed

80 2663 371 2739 quoniam
428 2681 553 2726 non
610 2680 943 2740 numquam
996 2664 1117 2725 hoc
1174 2664 1519 2725 subsidium
1571 2662 1989 2726 necessarium
2041 2672 2162 2736 est,

84 2764 265 2822 quem
296 2748 373 2807 ad
401 2748 652 2809 modum
684 2747 764 2809 sit
797 2748 1091 2809 utendum
1125 2764 1202 2808 eo
1236 2747 1541 2819 dicemus,
1571 2748 1625 2809 si
1649 2747 1821 2824 prius
1848 2745 1922 2808 iis
1954 2747 2034 2807 de
2066 2763 2156 2805 re·

80 2830 229 2903 bus,
272 2846 431 2906 quae
464 2829 668 2892 virtuti
707 2830 1037 2908 propiores
1078 2837 1252 2904 sunt,
1306 2830 1664 2893 dixerimus.
1733 2834 1943 2907 Atque
1976 2828 2156 2891 etiam

80 2912 408 2976 subiiciunt
431 2929 501 2974 se
530 2913 811 2975 homines
851 2913 1107 2990 imperio
1143 2908 1393 2975 alteriu‘s
1425 2921 1487 2975 et
1514 2913 1804 2992 potestati
1835 2914 1915 2974 de
1950 2912 2158 2974 causis

81 2995 377 3072 pluribus.
465 2996 785 3058 Ducuntur
836 2996 997 3057 enim
1043 3004 1150 3058 aut
1194 2997 1624 3059 benevolentia
1668 3004 1772 3058 aut
1824 2996 2157 3058 beneficio-

78 3096 212 3140 rum
245 3078 661 3156 magnitudine
700 3086 807 3141 aut
853 3079 1158 3156 dignitatis
1204 3083 1578 3157 praestantia
1620 3088 1726 3142 aut
1767 3097 1883 3157 spe
1928 3080 2044 3142 sibi
2095 3080 2157 3141 id

80 3164 225 3223 utile
253 3164 521 3223 futurum
554 3170 659 3223 aut
702 3169 869 3223 metu
899 3179 977 3224 ne
1007 3164 1068 3224 vi
1111 3180 1331 3241 parere
1361 3170 1659 3241 cogantur
1701 3173 1807 3225 aut
1834 3179 1950 3241 spe
1979 3164 2158 3239 largi·

70 3243 262 3314 tionis
302 3244 752 3321 promissisque
783 3246 945 3321 capti
983 3254 1089 3308 aut
1117 3253 1470 3323 postremo,
1517 3254 1585 3308 ut
1615 3263 1806 3323 saepe
1836 3246 1895 3307 in
1939 3254 2155 3309 nostra

78 3344 147 3388 re
177 3326 423 3403 publica
456 3327 764 3402 videmus,
800 3330 1087 3389 mercede
1110 3329 1420 3391 conducti.
1507 3332 1638 3392 Vll.
1681 3330 1783 3393 23.
1874 3329 2153 3396 Omnium
