2381 3723
82 109 124 172 8
894 106 996 166 DE
1029 106 1350 168 OFFICIIS

86 259 255 322 scien
263 257 380 320 tiae
421 257 916 335 cognitionisque
969 257 1333 320 versabitur.
1407 261 1503 320 Ac
1550 260 1630 320 de
1672 258 1868 338 primo
1920 260 2172 338 quidem

89 343 275 405 officii
309 345 478 405 fonte
513 342 801 404 diximus.

209 429 340 489 VII.
397 425 497 487 20.
585 430 675 488 De
717 425 911 488 tribus
964 432 1168 486 autem
1213 425 1464 503 reliquis
1521 425 1817 490 latissime
1873 437 2044 505 patet
2092 444 2167 490 ea
2223 448 2229 459 ·

87 511 271 583 ratio,
312 527 435 588 qua
469 511 740 572 societas
769 507 1081 572 hominum
1110 509 1269 571 inter
1295 509 1471 587 ipsos
1504 518 1565 572 et
1604 510 1764 572 vitae
1798 512 1976 589 quasi
2004 529 2167 574 com-

86 595 353 658 munitas
396 594 762 656 continetur.
849 592 1035 655 Cuius
1080 600 1292 671 partos
1350 595 1510 656 duae
1556 602 1731 657 sunt.
1789 595 2047 670 iustitia,
2099 594 2167 656 in

89 696 210 755 qua
241 676 482 740 virtutis
529 686 624 740 est
666 677 965 755 splendor
1002 680 1339 752 maximus,
1381 695 1460 739 ex
1501 696 1626 756 qua
1655 678 1768 741 viri
1796 681 1946 742 boni
1977 679 2168 741 nomi-

86 770 340 836 nantur,
396 772 457 824 et
501 762 644 823 huic
672 761 1001 824 coniuncta
1041 762 1477 837 beneficentia,
1528 780 1713 839 quam
1746 765 2019 826 eamdem
2064 764 2169 823 vel

85 845 520 923 benignitatem
553 848 652 907 vel
694 844 1114 907 liberalitatem
1155 847 1469 922 appellare
1504 845 1662 908 licet.
1733 847 1861 910 Sed
1903 844 2174 908 iustitiae

86 930 349 1008 primum
379 947 602 992 munus
633 937 760 1005 est,
793 937 862 991 ut
898 947 977 990 ne
1008 929 1107 990 cui
1151 929 1287 1006 quis
1322 936 1547 991 noceat
1573 929 1692 992 nisi
1724 930 2047 993 lacessitus
2076 928 2172 990 in-

85 1014 268 1089 iuria,
314 1013 538 1076 deinde
577 1021 646 1076 ut
679 1012 1104 1077 communibus
1150 1031 1264 1090 pro
1298 1013 1728 1077 communibus
1772 1022 2001 1088 utatur,
2046 1013 2172 1090 pri-

83 1099 244 1161 vatis
291 1108 358 1160 ut
397 1097 546 1160 suis,
638 1097 738 1161 21.
800 1099 958 1160 Sunt
1007 1104 1211 1158 autem
1258 1096 1496 1173 privata
1545 1101 1709 1159 nulla
1750 1107 1996 1173 natura,
2051 1098 2173 1160 sed

85 1191 188 1244 aut
218 1191 429 1244 vetere
463 1181 903 1260 occupatione,
937 1189 1004 1242 ut
1038 1181 1143 1257 qui
1175 1183 1491 1257 quondam
1521 1181 1581 1243 in
1615 1199 1814 1244 vacua
1844 1189 2178 1254 venerunt,

85 1275 191 1329 aut
229 1265 514 1342 victoria,
562 1275 632 1327 ut
677 1266 783 1342 qui
826 1267 986 1327 bello
1031 1265 1209 1342 potiti
1256 1273 1432 1338 sunt,
1492 1273 1598 1327 aut
1639 1269 1804 1343 lege,
1859 1267 2178 1342 pactione,

87 1350 483 1425 condicione,
537 1356 740 1412 sorte:
798 1368 875 1411 ex
909 1366 1032 1426 quo
1074 1349 1144 1410 fit
1179 1357 1250 1411 ut
1288 1366 1434 1426 ager
1472 1348 1741 1427 Arpinas
1782 1348 2172 1428 Arpinatium

85 1434 352 1508 dicatur,
400 1435 786 1497 Tusculanus
816 1435 1336 1508 Tusculanorum,
1394 1433 1733 1511 similisque
1773 1441 1871 1496 est
1908 1433 2175 1511 privata-

84 1535 220 1579 rum
268 1516 740 1594 possessionum
781 1515 1135 1593 descriptio.
1207 1518 1300 1579 Ex
1349 1536 1507 1594 quo,
1561 1518 1702 1594 quia
1745 1536 1925 1579 suum
1967 1516 2174 1579 cuius-

88 1601 336 1677 quent,
370 1616 616 1674 eorum,
653 1618 812 1676 quae
835 1607 1052 1662 natura
1075 1602 1318 1662 fuerant
1346 1601 1710 1674 communia,
1743 1602 1910 1677 quod
1945 1601 2174 1678 cuique

89 1683 333 1760 obtigit,
379 1683 442 1745 id
486 1684 751 1760 quisque
792 1690 1026 1757 teneat,
1070 1701 1104 1745 e
1150 1702 1274 1761 quo
1305 1685 1359 1747 si
1392 1685 1529 1762 quis
1561 1685 1677 1747 sibi
1718 1687 1859 1762 plus
1899 1692 2180 1762 appetet,

86 1767 338 1830 violabit
371 1766 468 1829 ius
496 1769 802 1829 humanae
825 1766 1162 1829 societatis.
1253 1767 1355 1829 22.
1402 1770 1528 1831 Sed
1554 1768 1872 1846 quoniam,
1908 1777 1970 1830 ut
1997 1785 2174 1845 prae-

89 1854 254 1914 clare
292 1851 588 1930 scriptum
621 1859 719 1914 est
758 1870 794 1913 a
827 1849 1110 1925 Platone,
1165 1869 1289 1914 non
1332 1853 1511 1915 nobis
1557 1855 1759 1916 solum
1795 1851 1918 1915 nati
1952 1870 2173 1915 sumus

89 1944 389 2014 ortusque
419 1936 612 2000 nostri
644 1945 879 2015 partem
924 1935 1120 2014 patria
1148 1935 1448 2012 vindicat,
1496 1945 1730 2014 partem
1776 1937 1953 1998 amici
1981 1944 2180 2018 atque

87 2029 155 2083 ut
193 2024 400 2099 placet
438 2022 666 2085 Stoicis
716 2038 876 2098 quae
925 2021 987 2082 in
1030 2019 1214 2082 terris
1256 2019 1584 2098 gignantur
1633 2022 1710 2081 ad
1758 2039 1940 2084 usum
1978 2019 2173 2082 homi·

87 2123 230 2166 num
256 2106 460 2168 omnia
491 2105 713 2179 creari,
759 2104 1041 2166 homines
1084 2112 1285 2166 autem
1319 2105 1630 2167 hominum
1675 2122 1865 2168 causa
1896 2121 2038 2167 esse
2067 2121 2174 2181 ge-

88 2196 369 2262 neratos,
411 2196 480 2249 ut
508 2186 630 2265 ipsi
663 2188 825 2248 inter
855 2205 926 2249 se
956 2188 1110 2249 alius
1153 2188 1252 2249 alii
1287 2191 1591 2266 prodesse
1621 2197 1913 2266 possent,
1955 2188 2179 2249 in’hoc

87 2279 368 2332 naturam
398 2272 695 2333 debemus
739 2272 957 2332 ducem
994 2274 1204 2347 sequi,
1249 2289 1608 2335 communes
1636 2272 1926 2335 utilitates
1955 2271 2015 2333 in
2048 2289 2174 2333 me-

87 2353 253 2415 dium
287 2356 531 2416 adferre
560 2354 900 2417 mutatione
933 2354 1313 2429 officiorum,
1356 2357 1563 2418 dando
1595 2357 1955 2435 accipiendo
1978 2405 1993 2431 ,
2044 2364 2176 2416 tum

88 2437 503 2513 artibu5,‘tum
536 2455 756 2515 opera,
810 2445 934 2499 tum
968 2438 1357 2502 facultatibus
1403 2439 1715 2502 devincire
1741 2441 2057 2503 homiuum
2086 2439 2176 2500 in-

86 2529 182 2581 ter
210 2519 491 2584 homines
526 2522 908 2584 societatem.
997 2521 1099 2583 23.
1139 2524 1628 2586 Fundamentum
1662 2532 1863 2586 autem
1904 2522 2178 2587 iustitiae

87 2611 184 2666 est
225 2605 414 2682 fides,
471 2606 533 2667 id
577 2613 701 2681 est,
758 2604 1061 2668 dictorum
1106 2616 1681 2684 conventorumque
1729 2607 2076 2670 constantia
2114 2614 2180 2667 et

88 2688 337 2752 veritas.
415 2691 509 2753 Ex
538 2708 661 2769 quo
678 2738 694 2767 ,
731 2708 1101 2768 quamquam
1130 2692 1255 2753 hoc
1290 2690 1596 2752 videbitur
1618 2694 1887 2754 fortasse
1911 2689 2178 2768 cuipiam

87 2771 332 2846 durius,
385 2781 589 2835 tamen
633 2776 972 2838 audeamus
1019 2774 1238 2836 imitari
1272 2774 1550 2849 StoicoS,
1606 2776 1711 2852 qui
1755 2775 2040 2838 studiose
2070 2791 2179 2836 ex-

88 2854 338 2931 quirunt
381 2858 547 2919 unde
589 2860 782 2920 verba
834 2857 957 2920 sint
1003 2860 1215 2931 ducta,
1272 2859 1754 2937 credamusque,
1808 2859 1954 2937 quia
1993 2858 2176 2918 ‘fiat’

88 2942 256 3015 quod
289 2939 519 3002 dictum
558 2950 681 3016 est,
733 2945 1103 3020 appellatam
1138 2944 1345 3005 fidem.

211 3024 337 3087 Sed
374 3024 704 3087 iniustitiae
743 3044 975 3103 genera
1019 3028 1143 3088 duo
1196 3035 1369 3089 sunt:
1413 3046 1604 3090 unum
1651 3044 1898 3102 eorum,
1948 3025 2056 3102 qui
2087 3024 2181 3086 in·

84 3108 317 3183 ferunt,
359 3110 616 3170 alterum
649 3127 895 3182 eorum,
950 3110 1051 3187 qui
1084 3111 1160 3171 ab
1184 3110 1293 3185 iis,
1337 3111 1561 3187 quibus
1601 3111 1889 3186 infertur,
1945 3109 1999 3171 si
2030 3124 2180 3187 pos-

83 3200 258 3263 sunt,
313 3209 439 3253 non
470 3196 842 3269 propulsant
888 3192 1188 3255 iniuriam.
1270 3196 1421 3257 Nam
1463 3198 1569 3272 qui
1610 3196 1837 3258 iniuste
1874 3160 2180 3270 impetum

81 3273 144 3335 in
168 3274 521 3352 quempiam
553 3275 697 3336 l'acit
725 3283 832 3336 aut
870 3275 962 3336 ira
991 3285 1098 3339 aut
1133 3277 1339 3354 aliqua
1369 3278 1832 3356 perturbatione
1866 3276 2175 3351 incitatus,

88 3356 145 3418 is
188 3356 365 3436 quasi
408 3373 624 3420 manus
675 3359 919 3419 adferre
962 3359 1206 3422 videtur
1245 3362 1452 3424 socio:
1511 3364 1615 3439 qui
1645 3370 1850 3424 autem
1901 3377 2030 3422 non
2071 3360 2179 3420 de-
