2381 3723
657 415 1625 494 PSEUDOCIOERONIS

351 581 461 636 An
506 581 909 638 POPULUM
951 582 1056 638 ET
1095 581 1470 651 EQmTEs
1520 580 1944 638 ROMANos

932 751 935 754 Δ
993 731 1124 769 Anu
1167 732 1306 775 Qun(

614 829 792 909 JR'ET
836 850 914 909 IN
951 848 1326 911 EXSILIUM
1368 849 1677 910 oRArlo.

221 1018 283 1076 ⁴l.
333 1018 387 1077 1.
462 1015 527 1077 Si
558 1017 807 1091 quando
838 1016 1219 1079 inimieorum
1250 1019 1544 1095 impeturn
1578 1019 1924 1095 propellere
1947 1033 2025 1077 ac
2053 1034 2198 1094 pro-

111 1103 361 1177 pulsare
416 1100 701 1176 cupistiS,
755 1101 1065 1163 defendite
1110 1119 1274 1165 nunc
1325 1102 1597 1164 universi
1640 1118 1855 1174 unum,
1917 1101 2060 1176 qui,
2120 1118 2207 1160 ne

114 1182 328 1246 ornnes
377 1183 784 1247 concideretis
825 1186 1173 1262 ardoreque
1206 1186 1489 1247 flammae
1520 1186 1985 1259 conflagraretis
2006 1232 2024 1258 ‚
2077 1183 2206 1244 mei

115 1268 330 1345 capitis
376 1266 648 1344 periculo
699 1285 821 1330 non
867 1269 1142 1330 dubitavi
1180 1270 1530 1347 provideret
1616 1270 1795 1339 Nam,
1850 1273 2035 1344 quem
2071 1268 2205 1327 vir·

112 1352 256 1413 tutis
301 1351 499 1428 gloria
546 1369 683 1414 cum
728 1369 969 1413 summa
1008 1355 1189 1414 laude
1226 1354 1304 1414 ad
1349 1354 1584 1414 caelum
1620 1350 1858 1425 extulit,
1901 1352 2206 1411 eumdem

110 1434 489 1496 inimicorum
522 1435 748 1496 invidia
779 1435 1197 1511 indignissime
1228 1453 1598 1514 oppressum
1625 1434 1908 1511 deprimit
1937 1435 2014 1495 ad
2046 1453 2203 1511 sup-

114 1517 378 1593 plicium.
466 1517 533 1578 Si
559 1520 817 1594 liberum
849 1529 1214 1597 conceptam
1243 1520 1625 1582 dulcedinem
1657 1517 1859 1580 animo
1892 1519 2203 1580 inclusam

113 1602 469 1673 continetiS,
523 1602 712 1664 nolite
758 1618 834 1663 eo
884 1605 1044 1666 velle
1084 1620 1329 1676 carere,
1374 1602 1480 1679 qui
1510 1601 1889 1664 carissimam
1917 1609 2200 1664 vestram

112 1682 603 1764 procreationem
634 1683 750 1745 sibi
781 1702 926 1747 esse
954 1688 1147 1752 duxit.
1226 1686 1283 1747 2.
1329 1688 1440 1749 Est
1462 1686 1622 1748 enim
1645 1685 1896 1748 liberale
1919 1685 2203 1746 officium

113 1784 322 1828 serere
362 1767 765 1844 beneficium,
821 1777 891 1830 ut
932 1777 1162 1831 metere
1206 1771 1413 1845 possis
1459 1772 1743 1832 fructum.
1829 1767 2003 1829 Fidei
2029 1785 2167 1831 con

113 1851 280 1915 ducit
318 1851 377 1913 in
410 1853 552 1914 loco
589 1852 855 1914 debitum
891 1853 1247 1916 retribuere.
1335 1854 1463 1917 illic
1491 1853 1652 1915 enim
1686 1852 1868 1914 animi
1900 1854 2200 1914 voluntas

112 1953 428 2013 propensa
471 1936 940 2014 comprobatur:
999 1937 1097 1999 hie
1141 1936 1436 2000 memoria
1467 1938 1868 2001 collaudatur.
1957 1939 2201 2012 Itaque,

112 2019 163 2080 si
212 2020 492 2082 omnibus
533 2037 723 2097 grave
770 2021 977 2097 iugum
1027 2022 1338 2085 servitutis
1383 2039 1528 2084 esse
1577 2022 1764 2082 debet
1806 2020 1863 2080 in
1911 2019 2203 2080 libertate

113 2104 421 2178 educatis,
465 2104 546 2165 sit
574 2104 801 2165 vestris
832 2105 1050 2169 animis
1080 2105 1551 2183 acceptissimus
1597 2104 1702 2182 qui
1741 2121 1779 2166 a
1800 2112 2013 2165 vestro
2057 2119 2198 2163 cor-

108 2203 266 2262 pore
325 2187 533 2264 iugum
587 2188 1048 2250 acerbissimum
1100 2191 1372 2267 reppulit
1418 2188 1749 2251 servitutis·
1853 2186 1914 2248 3.
1971 2187 2080 2258 Et,
2145 2185 2200 2247 si

111 2268 378 2331 maiores
413 2268 605 2331 vestri
634 2287 746 2331 eos
776 2270 1211 2347 imperatoreS,
1249 2273 1355 2347 qui
1384 2272 1634 2334 militum
1670 2271 1889 2332 virtute
1920 2269 2200 2332 hostium

112 2355 427 2427 fregerunt
477 2354 775 2427 furorem,
831 2353 1276 2417 iucundissimo
1321 2359 1525 2419 fructu
1573 2353 1869 2416 libertatis
1916 2352 2200 2414 reconci-

111 2436 253 2496 liato
295 2453 420 2497 non
465 2436 667 2514 solum
699 2438 918 2498 statuis
952 2439 1174 2514 dignos
1206 2446 1527 2516 putarunt,
1571 2439 1686 2500 sed
1722 2437 1902 2499 etiam
1938 2438 2200 2499 aeterna

110 2517 401 2594 triumphi
427 2519 609 2579 laude
638 2520 1039 2595 decorarunt,
1082 2531 1207 2584 tum
1235 2541 1350 2585 vos
1380 2541 1521 2585 eum
1547 2523 1895 2594 consulem,
1940 2520 2199 2597 quinon

111 2601 361 2684 militum
409 2603 720 2678 praesenti
761 2605 1147 2679 fortitudine,
1194 2607 1310 2669 sed
1353 2623 1469 2668 sua
1509 2605 1731 2668 eximia
1756 2605 1938 2666 animi
1968 2604 2200 2666 virtute

112 2687 395 2749 hostilem
437 2686 658 2749 civium
694 2696 958 2759 mentem
990 2697 1245 2752 senatus
1273 2690 1638 2753 auctoritate
1664 2686 2028 2760 vindicavit,
2066 2686 2196 2748 exi·

113 2771 353 2831 stimate
381 2771 561 2833 vobis
594 2772 977 2854 retinendum
1007 2791 1152 2835 esse
1180 2773 1240 2834 in
1274 2772 1536 2836 civitate.
1624 2774 1695 2834 11.
1739 2773 1802 2833 4.
1890 2771 1987 2843 Si,
2031 2787 2198 2844 quae

111 2854 413 2915 beneficia
451 2854 709 2930 singulis
752 2856 986 2919 civibus
1026 2856 1435 2934 privatimque
1477 2858 1726 2930 dantur,
1771 2872 1847 2916 ea
1883 2855 2092 2916 solent
2120 2852 2200 2913 iis

115 2953 257 2997 esse
300 2938 649 3013 fructuosa,
693 2956 730 2998 a
762 2941 984 3015 quibus
1015 2951 1160 3002 sunt
1190 2941 1496 3017 profecta,
1540 2941 1672 3001 iure
1704 2949 1765 3001 et
1796 2937 2010 2999 merito
2043 2953 2196 3014 pos-

114 3037 251 3081 sum
294 3037 411 3097 ego
460 3038 577 3083 vos
620 3021 701 3084 ad
737 3021 1158 3086 defensionem
1188 3041 1365 3085 meae
1393 3023 1606 3085 salutis
1643 3021 1983 3096 adhortari,
2029 3037 2194 3096 quos

115 3105 484 3168 conservavi
503 3105 853 3168 universos.
905 3110 1053 3169 Nam
1078 3124 1282 3184 neque
1305 3107 1502 3169 maius
1524 3115 1623 3168 est
1643 3107 1978 3168 defendere
1998 3121 2189 3165 unum

117 3203 298 3260 quam
340 3191 637 3267 populum
684 3206 889 3265 neque
934 3192 1139 3252 verius
1171 3192 1250 3252 ab
1280 3190 1537 3271 singulis
1571 3207 1753 3266 quam
1786 3191 1864 3250 ab
1905 3187 2191 3250 omnibus

114 3275 395 3342 repetere
415 3270 600 3331 officii
624 3273 884 3334 fructum
909 3282 970 3335 et
994 3275 1344 3349 praemium,
1376 3281 1708 3352 propterea
1730 3274 1898 3349 quod
1923 3272 1982 3333 in
2005 3270 2189 3331 unius

115 3348 385 3418 periculo
429 3368 625 3428 saepe
654 3356 963 3416 contentio
997 3375 1187 3431 parva
1218 3365 1341 3432 est,
1381 3365 1450 3418 ut
1478 3357 1634 3418 levis
1666 3357 1744 3418 sit
1775 3356 1948 3416 labor
1978 3355 2187 3415 defen·
