2381 3723
492 106 593 167 DE
627 105 943 167 OFFlcus
988 107 1130 168 [ΑΒ.
1167 108 1237 166 IL
1285 109 1449 168 CAP.
1484 121 1535 172 1.
1567 120 1620 170 2.
1665 117 1712 176 9.
1753 122 1939 172 1-5.
2163 110 2244 173 51

185 276 304 319 non
350 260 539 320 modo
581 261 659 320 ad
699 259 972 334 legendi,
1025 260 1138 319 sed
1181 259 1359 319 etiam
1402 260 1479 320 ad
1511 260 1820 320 scribendi
1848 260 2115 321 studium
2146 278 2245 323 ex-

187 341 558 421 citaverunt,
594 351 794 403 tamen
823 343 1127 403 interdum
1156 359 1378 403 vereor
1399 359 1478 403 ne
1509 342 1875 418 quibusdam
1896 343 2081 404 bonis
2102 345 2247 405 viris

187 425 614 501 philosophiae
648 441 873 486 nomen
917 425 998 487 sit
1035 422 1297 486 invisum
1341 426 1753 500 mirenturque
1794 425 1872 486 in>
1904 443 1976 487 ea
2015 434 2247 487 tantum

187 526 282 569 me
309 525 542 584 operae
574 516 638 570 et
681 509 973 585 temporis
1017 525 1269 585 ponere.
1345 511 1475 585 Ego
1504 517 1739 583 autem,
1798 527 1978 586 quam
2012 509 2114 570 diu
2146 527 2247 571 res

188 592 427 668 publica
482 609 601 668 per
653 610 765 654 eos
818 593 1173 668 gerebatur,
1244 591 1467 666 quibus
1527 610 1596 654 se
1645 593 1781 670 ipsa
1838 594 2245 669 commiserat,

190 692 401 736 omnes
460 692 627 736 meas
686 691 866 736 curas
922 675 1451 750 cogitationesque
1508 676 1568 737 in
1628 693 1762 738 eam
1833 679 2243 738 conferebam.

188 761 377 833 Quum
412 767 611 820 autem
641 759 953 820 dominatu
990 759 1170 820 unius
1204 760 1405 820 omnia
1446 767 1804 821 tenerentur
1834 778 2038 836 neque
2076 769 2248 822 esset

187 859 445 917 usquam
487 842 743 904 consilio
783 849 890 904 aut
917 840 1260 904 auctoritati
1294 845 1497 919 locus,
1539 842 1748 905 socios
1782 844 2046 921 denique
2075 852 2247 905 tuen-

188 928 301 987 dae
334 927 426 986 rei
457 927 762 1001 publicae,
809 943 1084 988 summos
1115 925 1314 1000 virOS,
1363 925 1737 998 amisissem,
1787 944 1900 988 nec
1931 944 2030 988 me
2058 944 2246 1004 ango-

188 1010 353 1071 ribus
384 1009 608 1083 dedidi,
641 1009 863 1084 quibus
886 1026 1088 1071 essem
1114 1012 1451 1083 consectuS,
1483 1008 1600 1070 nisi
1622 1009 1695 1070 iis
1718 1010 2097 1084 restitissem,
2129 1028 2246 1072 nec

187 1110 428 1154 rursum
465 1092 730 1169 indignis
760 1093 1003 1155 homine
1040 1095 1227 1155 docto
1260 1092 1698 1170 voluptatibus.
1786 1092 1846 1153 3.
1890 1097 2095 1169 Atque
2135 1094 2244 1155 uti·

187 1194 324 1236 nam
355 1193 457 1236 res
488 1177 729 1253 publica
758 1176 1032 1239 stetisset
1065 1194 1188 1252 quo
1220 1183 1513 1252 coeperat
1544 1182 1706 1237 statu
1735 1192 1851 1237 nec
1879 1176 1940 1238 in
1964 1176 2243 1238 homines

186 1277 307 1321 non
352 1268 476 1341 tam
520 1262 1084 1322 commutandarum
1115 1278 1299 1336 quam
1330 1261 1797 1320 evertendarum
1838 1277 2044 1320 rerum
2080 1259 2221 1337 cupi

187 1345 302 1404 dos
333 1342 678 1406 incidisset!
755 1344 1021 1405 Primum
1056 1345 1246 1418 enim,
1293 1351 1361 1403 ut
1401 1350 1602 1404 stante
1642 1360 1712 1404 re
1755 1343 1997 1420 publica
2042 1346 2244 1404 facere

185 1426 539 1488 solebamus
557 1427 661 1500 ,in
698 1429 939 1504 agendo
969 1429 1110 1504 plus
1143 1444 1323 1504 quarn
1354 1426 1413 1487 in
1444 1426 1772 1489 scribendo
1798 1444 2025 1503 operae
2058 1444 2243 1502 pone·

170 1526 422 1584 remuS,
462 1509 685 1571 deinde
711 1511 862 1588 ipsis
896 1511 1140 1588 scriptis
1171 1527 1293 1573 non
1332 1528 1435 1585 ea,
1465 1528 1626 1586 quae
1653 1528 1846 1585 nunc,
1904 1513 2017 1572 sed
2059 1511 2243 1572 actio·

183 1611 294 1653 nes
327 1601 572 1654 nostras
610 1597 1070 1668 mandat-emim,
1121 1604 1187 1654 ut
1216 1611 1403 1670 saepe
1448 1594 1722 1656 fecimus.
1798 1595 1995 1670 Quum
2040 1602 2242 1656 autem

182 1695 283 1739 res
316 1677 586 1754 publica,
630 1676 691 1738 in
727 1695 848 1755 qua
879 1677 1078 1739 omnis
1119 1695 1256 1738 mea
1286 1693 1462 1751 cura,
1507 1677 1827 1754 cogitatiO,
1860 1696 2052 1756 opera
2095 1676 2243 1755 poni

182 1762 452 1835 solebat,
512 1763 675 1821 nulla
722 1770 891 1823 esset
941 1761 1219 1835 omnino,
1277 1761 1415 1821 illae
1470 1760 1705 1822 scilicet
1758 1761 1990 1823 litterae
2054 1760 2243 1823 conti-

182 1852 443 1905 cuerunt
478 1845 758 1907 forenses
788 1851 853 1907 et
881 1845 1245 1908 senatoriae.
1330 1845 1389 1905 4.
1432 1843 1586 1906 Nihil
1610 1861 1796 1921 agere
1828 1853 2031 1907 autem
2055 1863 2242 1921 quum

180 1929 419 1990 animus
450 1946 572 1989 non
607 1936 851 2005 posset,
902 1930 962 1990 in
1000 1929 1097 1991 his
1139 1928 1355 1991 studiis
1388 1929 1465 1988 ab
1496 1928 1663 1988 initio
1697 1935 1978 1988 versatus
2026 1927 2242 1988 aetatis

180 2011 525 2072 existimavi
564 2012 998 2075 honestissime
1040 2012 1354 2074 molestias
1386 2027 1580 2095 posse
1615 2008 1873 2086 deponi,
1926 2010 1980 2071 si
2019 2026 2117 2069 me
2163 2010 2241 2068 ad

178 2094 633 2172 philosophiam
691 2096 1083 2158 rettulissem.
1173 2095 1282 2156 Cui
1332 2110 1518 2169 quum
1569 2095 1818 2154 multum
1877 2093 2241 2155 adolescens

177 2178 459 2240 discendi
503 2195 691 2241 causa
734 2178 1031 2256 temporis
1066 2178 1444 2249 tribuissem,
1509 2183 1725 2252 postea
1769 2193 1951 2253 quam
2000 2176 2241 2238 honori-

175 2263 294 2324 bus
329 2262 627 2323 inservire
659 2263 836 2339 coepi
887 2280 1110 2339 meque
1140 2269 1333 2324 totum
1372 2259 1461 2321 rei
1501 2260 1781 2338 publicae
1812 2260 2059 2333 tradidi,
2116 2269 2270 2321 tan-⁷

177 2355 304 2407 tum
335 2354 470 2406 erat
500 2346 925 2423 philosophiae
955 2345 1105 2419 loci,
1162 2351 1451 2422 quantum
1486 2345 1875 2420 superfuerat
1908 2342 2242 2406 amicorum

175 2437 239 2490 et
263 2428 358 2491 rei
386 2429 669 2506 publicae
709 2429 1019 2505 temporis.
1095 2431 1163 2490 ld
1203 2434 1405 2489 autem
1446 2444 1629 2489 omne
1670 2429 2145 2489 consumebatur
2181 2425 2238 2486 in

174 2514 475 2589 legendO,
522 2513 829 2574 scribendi
861 2512 1209 2575 otiumssnon
1241 2518 1391 2572 erat.
1479 2512 1550 2570 11.
1597 2511 1655 2570 5.
1742 2510 2022 2572 Maximis
2064 2510 2245 2585 igitur

172 2596 232 2655 in
275 2596 455 2657 malis
504 2597 624 2657 hoc
661 2605 864 2658 tamen
913 2596 1062 2657 boni
1102 2593 1379 2657 adsecuti
1428 2592 1739 2665 videmur,
1798 2599 1868 2653 ut
1907 2610 1980 2654 ea
2028 2591 2243 2652 litteris

172 2680 640 2752 mandaremus,
697 2696 858 2755 quae
912 2696 1028 2741 nec
1079 2687 1253 2740 erant
1294 2676 1445 2738 satis
1489 2683 1638 2737 nota
1676 2675 1905 2736 nostris
1960 2684 2019 2737 et
2073 2684 2246 2735 erant

173 2762 529 2839 cognitione
564 2762 937 2837 dignissima.
1013 2762 1166 2839 Quid
1205 2761 1364 2823 enim
1395 2767 1509 2834 est,
1556 2776 1666 2835 per
1692 2759 1876 2833 deos,
1919 2758 2243 2836 optabilius

173 2845 502 2923 sapientia,
527 2846 673 2922 quid
693 2845 1122 2922 praestantius,
1149 2844 1297 2921 quid
1316 2843 1546 2905 homini
1568 2841 1801 2917 meIiUS‚
1830 2846 1976 2919 quid
1997 2842 2245 2906 homine

172 2930 465 3005 dignius?
530 2930 701 2990 Hanc
744 2928 927 3006 igitur
968 2929 1072 3004 qui
1110 2935 1407 3005 expetunt
1445 2926 1798 3004 philosophi
1837 2928 2243 2997 nominantur,

172 3030 287 3073 nec
333 3011 674 3088 quidquam
718 3012 884 3073 aliud
934 3018 1030 3073 est
1075 3010 1494 3087 philosophia,
1546 3010 1600 3072 si
1637 3010 2020 3089 interpretari
2071 3008 2242 3079 velis,
2290 3017 2293 3020 ’

173 3104 423 3171 praeter
453 3095 720 3157 studium
750 3094 1106 3173 sapientiae.
1180 3093 1491 3171 Sapientia
1530 3105 1733 3155 autem
1765 3103 1879 3166 est,
1912 3102 1979 3155 ut
2012 3109 2050 3152 a
2078 3096 2243 3150 vete-

175 3177 342 3241 ribus
373 3179 763 3255 philosophis
795 3178 1108 3240 definitum
1139 3186 1263 3250 est,
1307 3192 1511 3237 rerum
1554 3176 1889 3237 divinarum
1934 3184 1996 3236 et
2034 3174 2243 3233 huma-
2313 3175 2317 3182 '

175 3279 388 3324 narum
422 3278 908 3339 causarumque,
956 3261 1179 3337 quibus
1210 3276 1322 3322 eae
1363 3276 1465 3320 res
1510 3258 1927 3325 continentur,
1971 3252 2242 3320 scientia,

177 3344 348 3406 cuius
406 3342 677 3407 studium
727 3345 842 3420 qui
872 3346 1181 3421 vituperat
1232 3341 1398 3403 haud
1439 3356 1590 3400 sane
1634 3336 1904 3472 intelligo
1955 3333 2241 3440 quidnam
