2381 3723
117 122 198 184 26
925 122 1026 181 DE
1061 120 1379 181 OFFICllS

114 273 534 347 splendidiora
580 280 642 333 et
688 271 920 333 maiora
965 269 1306 333 videantur.
1395 270 1498 333 83.
1553 272 1894 345 Numquam
1945 271 2196 331 omnino

114 355 370 432 periculi
404 359 547 432 fuga
579 356 1076 417 committendum
1109 363 1207 416 est
1235 364 1303 416 ut
1326 355 1605 417 imbelles
1644 353 1955 428 timidique
1984 353 2198 414 videa-

116 458 279 513 mur,
317 443 431 502 sed
462 440 813 516 fugiendum
844 439 993 499 illud
1025 438 1236 512 etiam,
1275 456 1352 500 ne
1387 440 1721 499 offeramus
1754 454 1870 499 nos
1902 437 2197 514 periculis

114 523 247 584 sine
289 540 510 598 causa,
567 541 691 598 quo
736 539 881 583 esse
918 522 1059 582 nihil
1114 530 1322 598 potest
1364 524 1629 583 stultius.
1703 523 2093 597 Quapropter
2133 522 2196 581 in

113 606 415 667 adeundis
449 606 741 683 periculis
766 608 1151 667 consuetudo
1188 605 1483 667 imitanda
1511 605 1888 667 medicorum
1920 613 2046 679 est,
2088 604 2197 681 qui

112 688 331 750 leviter
359 698 752 766 aegrotantes
790 689 1008 751 leniter
1038 699 1285 763 curant,
1315 688 1702 765 gravioribus
1726 695 1930 750 autem
1962 689 2197 751 morbis

112 772 498 848 periculosas
530 773 883 835 curationes
914 782 976 834 et
1003 772 1303 849 ancipites
1335 773 1630 834 adbibere
1663 781 1987 849 coguntur.
2063 774 2200 849 Qua

112 872 181 916 re
217 855 278 917 in
308 857 632 933 tranquillo
666 864 1093 933 tempestatem
1126 859 1452 918 adversam
1495 865 1712 933 optare
1747 856 2048 917 dementis
2079 865 2198 929 est,

110 940 447 1002 subvenire
477 949 678 1002 autem
698 940 1063 1016 tempestati
1106 940 1324 1017 quavis
1368 941 1605 1003 ratione
1651 939 1948 1016 sapientis
1989 957 2198 1016 eoque

107 1023 338 1100 magiS,
374 1026 426 1086 si
460 1028 597 1100 plus
629 1025 970 1102 adipiscare
1005 1042 1072 1086 re
1102 1024 1409 1101 explicata
1438 1025 1586 1087 boni
1620 1028 1802 1101 quam
1834 1023 2197 1085 addubitata

113 1108 275 1168 mali.
358 1110 750 1173 Periculosae
796 1116 999 1170 autem
1050 1125 1257 1169 rerum
1309 1108 1587 1170 actiones
1638 1107 1859 1185 partim
1904 1107 1980 1169 iis
2027 1115 2197 1181 sunt,

106 1190 218 1265 qui
259 1210 367 1254 eas
416 1194 792 1271 suscipiunt,
852 1192 1069 1269 partim
1121 1192 1211 1253 rei
1265 1193 1566 1268 publicae.
1636 1194 1911 1268 Itemque
1964 1190 2066 1251 alii
2117 1193 2200 1252 de

108 1273 266 1351 vita,
321 1277 420 1338 alii
462 1280 540 1339 de
572 1278 768 1354 gloria
811 1286 873 1337 et
902 1276 1332 1338 benevolentia
1370 1277 1592 1338 civium
1623 1276 1683 1337 in
1717 1275 2045 1337 discrimen
2088 1293 2198 1336 vo-

106 1365 344 1420 cantur.
420 1363 837 1437 Promptiores
878 1359 1063 1435 igitur
1105 1360 1405 1421 debemus
1461 1377 1606 1422 esse
1654 1361 1733 1420 ad
1784 1366 1997 1421 nostra
2038 1358 2198 1435 peri·

109 1443 247 1502 cula
300 1461 480 1519 quam
534 1446 613 1503 ad
656 1442 1004 1505 communia
1054 1443 1468 1520 dimicareque
1515 1443 1785 1519 paratius
1829 1443 2199 1504 dehonore

102 1531 169 1584 et
195 1527 391 1599 gloria
424 1545 606 1601 quam
639 1528 717 1587 de
747 1526 1006 1588 caeteris
1040 1526 1405 1588 commodis.

231 1607 333 1669 84.
385 1609 620 1670 Inventi
659 1618 862 1671 autem
895 1610 1059 1670 multi
1100 1619 1274 1684 sunt,
1318 1611 1422 1687 qui
1466 1628 1589 1671 non
1623 1611 1809 1671 modo
1842 1610 2195 1686 pecuniam,

104 1691 224 1751 sed
255 1693 437 1753 etiam
473 1693 655 1754 vitam
686 1695 1062 1770 profundere
1102 1712 1215 1771 pro
1248 1694 1446 1770 patria
1480 1693 1674 1770 parati
1709 1692 2195 1765 essent,.iidem

102 1774 340 1847 gloriae
378 1777 672 1837 iacturam
720 1793 798 1836 ne
840 1776 1142 1837 minimam
1179 1777 1427 1853 quidem
1464 1780 1668 1838 lacere
1699 1778 1956 1848 vellent,
2010 1786 2091 1837 ne
2124 1794 2197 1837 re

104 1858 353 1932 publica
389 1863 650 1937 quidem·
666 1861 1047 1939 postulante,
1077 1868 1144 1921 ut
1169 1860 1603 1934 Callicratidas,
1646 1859 1746 1937 qui
1782 1878 1969 1938 quum
2002 1861 2197 1921 Lace-

100 1942 572 2007 daemoniorum
626 1948 750 2008 dux
805 1944 1024 2005 fuisset
1073 1944 1605 2020 Peloponnesiaco
1660 1946 1821 2005 bello
1876 1947 2196 2019 multaque

102 2026 359 2090 fecisset
388 2030 665 2105 egregie,
714 2028 898 2090 vertit
926 2028 1006 2088 ad
1037 2035 1377 2089 extremum
1418 2027 1649 2103 omnia,
1704 2046 1892 2104 quum
1927 2028 2193 2090 consilio

102 2126 229 2170 non
275 2116 478 2187 paruit
508 2115 760 2185 eorum,
804 2112 908 2188 qui
943 2113 1205 2173 classem
1246 2112 1324 2175 ab
1355 2111 1714 2187 Arginussis
1747 2113 2193 2173 removendam

102 2208 220 2252 nec
263 2210 399 2255 cum
443 2195 925 2256 Atheniensibus
977 2195 1389 2257 dimicandum
1431 2196 1741 2270 putabant.
1822 2195 2056 2270 Quibus
2087 2195 2196 2256 ille

103 2279 428 2351 respondit
475 2277 1003 2339 Lacedaemonios
1059 2281 1263 2340 classe
1311 2279 1412 2339 illa
1461 2280 1690 2340 amissa
1736 2278 1912 2339 aliam
1965 2295 2194 2356 parare—

100 2373 328 2433 posse,
365 2379 436 2422 se
462 2362 674 2436 fugere
706 2361 840 2422 sine
871 2378 987 2422 suo
1014 2362 1326 2424 dedecore
1352 2379 1476 2424 non
1514 2380 1727 2439 posse.
1795 2368 2002 2438 Atque
2031 2364 2193 2442 baec

99 2440 353 2514 quidem
383 2443 887 2506 Lacedaemoniis
924 2446 1107 2521 plaga
1137 2446 1499 2520 mediocriS,
1555 2446 1655 2507 illa
1686 2447 2009 2523 pestifera,
2043 2463 2190 2522 qua,

101 2541 291 2598 quum
323 2529 749 2590 Cleombrotus
779 2526 1070 2589 invidiam
1091 2529 1313 2591 timens
1337 2539 1569 2591 temere
1594 2547 1731 2592 cum
1757 2530 2189 2606 Epaminonda

100 2610 520 2686 conflixisset,
581 2612 1206 2674 Lacedaemoniorum
1258 2630 1414 2688 opes
1468 2621 1850 2675 corruerunt.
1942 2614 2186 2687 Quanto

101 2692 172 2767 Q.
206 2694 510 2759 Maximus
542 2697 791 2757 melius!
833 2698 912 2757 de
944 2714 1066 2772 quo
1099 2695 1367 2758 Ennius:
1447 2727 1448 2730 ¹

274 2822 435 2883 Unus
461 2825 630 2884 homo
658 2826 821 2885 nobis
847 2825 1181 2885 cunctando
1205 2827 1457 2886 restituit
1479 2843 1625 2885 rem.

267 2906 531 2967 Noenum
558 2925 826 2969 rumores
853 2909 1114 2983 ponebat
1149 2915 1288 2969 ante
1324 2912 1589 2968 salutem.

265 2989 431 3065 Eryo
447 2998 700 3066 postque
728 2993 1032 3067 magisque
1065 2994 1186 3051 viri
1216 3009 1377 3052 nunc
1399 2996 1599 3067 yloria
1627 2996 1833 3054 claret.

90 3113 272 3186 Quod
315 3130 513 3189 genus
562 3115 861 3212 peccandi
893 3115 1210 3176 vitandum
1244 3126 1340 3178 est
1381 3116 1560 3178 etiam
1589 3116 1651 3178 in
1688 3119 1877 3182 rebus
1905 3117 2186 3178 urbanis.

90 3195 253 3256 Sunt
296 3197 454 3256 enim
487 3197 590 3273 qui
626 3198 795 3273 quud
838 3198 1135 3269 sentiunt,
1187 3200 1307 3261 etsi
1350 3199 1645 3277 optimum
1692 3200 1798 3273 sit,
1855 3209 2056 3294 tamen
2094 3201 2185 3261 in-

90 3277 296 3337 vidiae
328 3287 493 3339 metu
524 3298 646 3342 non
682 3281 912 3341 audent
934 3280 1171 3342 dicere.

213 3361 406 3422 XXV.
459 3361 559 3421 85
661 3361 919 3424 Omnino
994 3364 1099 3440 qui
1150 3365 1239 3427 rei
1292 3367 1576 3444 publicae
1637 3364 1977 3445 praefuturi
2025 3382 2182 3431 sunt
