2381 3723
138 101 221 163 62
947 101 1046 160 DE
1082 99 1401 160 OFFlclls

139 251 475 325 anteponit.
545 250 933 326 Maximeque
972 251 1350 311 admirantur
1393 266 1564 320 eum,
1624 249 1727 323 qui
1776 247 2037 324 pecunia
2083 267 2230 311 non

139 340 446 407 movetur,
475 337 641 410 quod
672 335 730 395 in
757 351 881 410 quo
908 332 1037 394 v1ro
1077 339 1468 408 perspectum
1498 331 1593 404 sit,
1626 333 1787 392 hunc
1818 330 1940 406 igni
1963 342 2226 406 specta-

138 425 264 478 tum
315 417 699 478 arbitrantur.
772 419 984 490 Itaque
1031 416 1132 476 illa
1173 416 1312 486 tria,
1365 432 1526 491 quae
1570 412 1891 490 proposita
1938 421 2084 474 sunt
2126 417 2221 476 ad

136 501 421 576 gloriam,
484 502 686 561 omnia
734 499 956 560 iustitia
1001 499 1272 573 conficit,
1337 506 1398 559 et
1455 496 1973 570 benevolentiam,
2036 500 2218 572 quod

135 585 441 659 prodesse
469 586 598 645 vult
632 582 938 659 plurimis,
993 592 1055 643 et
1084 585 1163 644 ob
1196 584 1471 643 eamdem
1501 598 1749 642 causam
1791 581 1976 640 fidem
2005 588 2070 640 et
2105 583 2210 640 ad-

136 664 544 739 mirationem,
576 667 745 742 quod
780 683 886 726 eas
914 684 1013 727 res
1047 666 1283 742 spernit
1311 673 1373 725 et
1401 665 1676 741 negligit,
1719 664 1799 724 ad
1838 681 1993 738 quas
2031 665 2218 741 pleri·

137 766 258 825 que
291 748 647 810 inflammati
679 749 966 810 aviditate
1003 750 1342 825 rapiuntur.

261 832 360 892 39.
408 836 500 893 Ac
540 850 676 893 mea
719 833 964 907 quidem
996 832 1298 893 sententia
1328 830 1526 893 omnis
1556 830 1709 892 ratio
1754 839 1940 908 atque
1969 831 2242 894 institu-‘

134 916 217 976 tio
264 913 426 976 vitae
469 916 817 977 adiumenta
868 916 1180 977 hominum
1225 913 1564 988 desiderat,
1616 913 1677 975 in
1718 913 2087 991 primisque,
2141 923 2211 975 ut

135 1000 358 1059 habeat
383 1000 747 1074 quibuscum
773 999 973 1075 possit
996 997 1320 1059 familiares
1348 1000 1628 1060 conferre
1649 1015 2001 1060 sermones:
2036 999 2209 1074 quod

135 1090 231 1143 est
255 1082 530 1157 difficile,
564 1082 678 1143 nisi
713 1082 979 1160 speciem
1006 1098 1153 1158 prae
1181 1091 1243 1142 te
1274 1081 1418 1142 boni
1442 1080 1554 1142 viri
1577 1083 1759 1142 feras.
1827 1084 1991 1156 Ergo
2021 1081 2207 1141 etiam

136 1166 410 1226 solitario
457 1166 687 1227 homini
732 1174 920 1243 atque
948 1165 1007 1225 in
1037 1182 1186 1241 agro
1217 1166 1400 1225 vitam
1436 1164 1639 1240 agenti
1684 1165 1891 1242 opinio
1937 1164 2212 1226 iustitiae

134 1248 488 1311 necessaria
516 1259 642 1319 est,
701 1266 904 1325 eoque
943 1250 1120 1310 etiam
1155 1249 1381 1323 magis,
1441 1250 1641 1324 quod,
1695 1265 1829 1309 eam
1858 1247 2067 1308 sinon
2103 1248 2210 1306 ha-

135 1334 395 1406 bebunt,
453 1331 656 1395 iniusti
708 1333 1111 1405 habebuntur,
1165 1331 1345 1394 nullis
1389 1330 1711 1408 praesidiis
1754 1330 1954 1408 saepti
1998 1331 2210 1392 multis

134 1416 498 1476 adlicientur
566 1415 816 1476 iniuriis.
916 1416 1018 1476 40.
1075 1418 1279 1491 Atque
1334 1415 1431 1475 his
1493 1416 1701 1487 etiam,
1774 1415 1879 1490 qui
1928 1414 2215 1475 vendunt

135 1506 376 1571 emunt,
444 1500 797 1558 conducunt
842 1501 1047 1560 locant
1091 1498 1651 1573 contrahendisque
1699 1499 1961 1574 negotiis
2013 1497 2215 1574 impli-

137 1589 380 1652 cantur,
415 1580 642 1641 iustitia
680 1581 758 1640 ad
782 1599 910 1641 rem
939 1584 1273 1657 gerendam
1296 1581 1651 1643 necessaria
1678 1591 1804 1654 est,
1837 1581 2009 1642 cuius
2038 1590 2215 1649 tanta

135 1663 229 1724 vis
262 1670 385 1733 est,
418 1670 485 1723 ut
509 1680 583 1724 ne
610 1662 694 1724 illi
717 1664 994 1738 quidem,
1031 1665 1133 1740 qui
1158 1664 1459 1726 maleficio
1492 1673 1555 1725 et
1579 1666 1817 1727 scelere
1846 1672 2215 1741 pascuntur,

138 1745 379 1822 possint
408 1746 544 1807 sine
580 1749 702 1807 ulla
735 1746 1032 1822 particula
1070 1747 1336 1809 iustitiae
1372 1750 1599 1810 vivere.
1675 1750 1823 1809 Nam
1855 1747 1958 1824 qui
1988 1765 2211 1809 eorum

138 1829 428 1910 cuipiam,
477 1829 580 1906 qui
630 1847 755 1892 una
797 1830 1266 1905 latrocinantur,
1320 1833 1554 1894 furatur
1596 1831 1823 1906 aliquid
1863 1838 1969 1894 aut
2007 1830 2210 1907 eripit,

134 1914 188 1976 is
221 1913 335 1976 sibi
379 1932 455 1976 ne
499 1915 558 1974 in
601 1914 917 1976 latrocinio
961 1913 1531 1991 quidem-relInquit
1573 1918 1802 1989 locum,
1850 1915 1949 1976 ille
1980 1924 2210 1988 autem,

137 1998 241 2074 qui
275 1999 639 2075 archipirata
667 1998 913 2072 dicitur,
953 1997 1068 2059 nisi
1103 1999 1503 2074 aequabiliter
1539 2000 1830 2076 praedam
1865 1998 2209 2073 dispertiat,

133 2088 238 2143 aut
267 2081 664 2144 interficiatur
704 2100 741 2141 a
781 2081 968 2143 sociis
1010 2089 1116 2143 aut
1152 2081 1547 2158 relinquatur.
1629 2081 1782 2158 Quin
1817 2082 1997 2143 etiam
2029 2084 2208 2157 leges

134 2166 435 2225 latronum
487 2181 629 2225 esse
680 2164 964 2226 dicuntur
1014 2166 1237 2241 quibus
1280 2174 1573 2241 pareant,
1636 2182 1790 2241 quas
1843 2166 2204 2226 observent.

134 2248 349 2321 Itaque
384 2254 638 2322 propter
675 2249 1055 2323 aequabilem
1091 2249 1361 2325 praedae
1389 2248 1776 2324 partitionem
1819 2257 1881 2309 et
1912 2248 2203 2325 Bardylis

133 2328 412 2406 Illyricus
447 2331 600 2391 latro
619 2376 634 2401 ‚
667 2330 745 2389 de
770 2348 892 2404 quo
926 2338 1024 2391 est
1047 2333 1212 2406 apud
1236 2332 1728 2408 Theopompum,
1757 2347 2010 2407 magnas
2041 2347 2203 2406 opes

135 2411 344 2472 habuit
388 2420 449 2472 et
495 2414 682 2473 multo
727 2411 991 2474 maiores
1031 2414 1344 2475 Viriathus
1389 2414 1745 2490 LusitanuS,
1805 2414 1904 2476 cui
1950 2414 2203 2489 quidem

135 2496 313 2555 etiam
358 2496 664 2556 exercitus
709 2496 902 2557 nostri
944 2496 1473 2574 imperatoresque
1514 2505 1864 2571 cesserunt,
1919 2513 2103 2573 quem
2135 2498 2201 2557 C.

134 2578 407 2653 LaeliuS,
452 2578 505 2641 is
541 2578 643 2654 qui
673 2580 933 2655 Sapiens
967 2589 1326 2656 usurpatur,
1374 2590 1622 2657 praetor
1652 2581 1829 2657 fregit
1858 2588 1919 2640 et
1952 2582 2198 2642 commi·

137 2662 264 2724 nuit
301 2664 802 2739 ferocitatemque
837 2664 969 2724 eius
1000 2663 1082 2724 ita
1123 2664 1450 2741 repressit,
1500 2673 1568 2725 ut
1602 2666 1777 2725 facile
1811 2664 2035 2724 bellum
2066 2664 2204 2725 reli-

136 2746 273 2820 quis
305 2749 590 2811 traderet.
659 2748 854 2821 Quum
877 2746 1060 2823 igitur
1089 2755 1255 2809 tanta
1277 2747 1369 2809 vis
1391 2747 1658 2809 iustitiae
1687 2748 1794 2821 sit,
1825 2756 1892 2808 ut
1914 2764 1989 2808 ea
2017 2747 2204 2807 etiarn

134 2831 437 2889 latronum
471 2847 626 2905 opes
657 2832 857 2891 firmet
885 2839 1070 2905 atque
1100 2838 1347 2906 augeat,
1398 2841 1684 2906 quantam
1726 2830 1856 2892 eius
1893 2829 2013 2891 vim
2043 2831 2206 2891 inter

133 2913 301 2985 leges
337 2920 398 2973 et
446 2912 670 2974 iudicia
711 2921 772 2974 et
811 2914 869 2974 in
918 2915 1248 2975 constituta
1297 2930 1365 2974 re
1406 2914 1650 2989 publica
1691 2915 1824 2976 fore
1870 2915 2205 2991 putamus?

130 2995 258 3055 ΧΗ.
300 2997 399 3055 41.
487 2995 633 3056 Mihi
665 2997 909 3069 quidem
939 3014 1061 3058 non
1097 2998 1262 3074 apud
1291 2998 1509 3059 Medos
1544 3000 1763 3070 solum,
1799 3005 1866 3059 ut
1896 2997 1978 3057 ait
2006 2997 2204 3057 Hero—

134 3078 349 3153 dotus,
402 3081 516 3139 sed
557 3079 736 3139 etiam
779 3082 943 3155 apud
989 3080 1251 3142 maiores
1300 3088 1551 3142 nostros
1590 3079 1855 3142 iustitiae
1902 3080 2203 3141 fruendae

134 3176 323 3222 causa
350 3161 633 3223 videntur
666 3162 805 3222 olim
834 3164 991 3224 bene
1014 3163 1231 3225 morati
1254 3181 1434 3240 reges
1460 3165 1788 3227 constituti.
1833 3165 1980 3224 Nam
2010 3180 2201 3237 quum

133 3253 514 3317 premeretur
552 3244 721 3305 initio
763 3245 1080 3308 multitudo
1123 3248 1200 3307 ab
1234 3248 1335 3320 iis,
1391 3247 1493 3324 qui
1525 3248 1788 3309 maiores
1820 3264 1973 3324 opes
2014 3246 2200 3306 habe·

132 3325 307 3397 bant,
361 3327 439 3384 ad
483 3345 667 3387 unum
717 3326 981 3402 aliquem
1026 3331 1459 3406 confugiebant
1501 3331 1722 3393 virtute
1763 3334 2192 3408 praestantem
