2381 3723
709 155 850 215 LIB.
883 157 927 216 Ι.
976 157 1142 216 CAP.
1175 164 1367 219 6—8.
1407 165 1459 226 S.
1497 164 1761 220 19—27.
2117 169 2127 185 ⁵
2234 158 2277 216 9

202 302 396 364 rendit
441 319 560 364 nec
611 304 884 380 obsistit,
950 305 1004 366 si
1053 313 1295 402 potest,
1354 305 1638 380 iniuriae,
1709 314 1829 368 tam
1880 313 1978 367 est
2024 305 2082 367 in
2129 307 2279 368 vitio

203 405 387 463 quam
418 386 473 447 si
509 395 798 464 parentes
829 395 935 450 aut
971 389 1207 452 amicos
1251 398 1355 451 aut
1384 390 1643 469 patriam
1674 391 1941 451 deserat.
2030 389 2131 450 24.
2180 393 2281 451 At-

202 487 324 546 que
353 470 495 530 illae
527 471 813 546 quidem
797 472 1080 546 iniuriae,
1135 489 1298 549 quae
1326 466 1594 535 nocendi
1628 490 1820 534 causa
1862 474 1941 534 de
1980 472 2284 535 industria

198 555 577 628 inferuntur,
631 572 823 634 saepe
857 574 894 616 a
926 563 1092 617 metu
1120 555 1629 634 proficiscuntur,
1683 574 1874 633 quum
1907 555 1991 629 is,
2035 555 2141 632 qui
2172 573 2283 618 no·

199 654 345 698 cere
376 636 553 699 alteri
582 639 841 715 cogitat,
886 638 1058 701 timet
1084 657 1196 714 ne,
1241 638 1358 709 nisi
1388 639 1451 700 id
1483 639 1725 715 fecerit,
1769 640 1906 718 ipse
1936 640 2143 716 aliquo
2176 641 2282 700 ad·

198 720 444 782 ficiatur
481 721 897 784 incommodo.
982 723 1308 784 Maximam
1357 732 1559 785 autem
1611 730 1846 802 partem
1888 724 1968 784 ad
2001 722 2280 785 iniuriam

197 804 549 866 faciendam
578 806 1049 883 adgrediuntur,
1089 813 1159 867 ut
1202 806 1620 884 adipiscantur
1649 824 1754 882 ea,
1799 824 1959 884 quae
1992 806 2283 884 concupi·

196 895 462 950 verunt:
506 888 567 949 in
597 907 723 966 quo
753 889 901 951 vitio
930 889 1227 952 latissime
1259 897 1426 966 patet
1462 891 1737 952 avaritia.

329 973 490 1032 vul.
534 972 636 1034 25.
688 975 1101 1052 Expetuntur
1124 983 1328 1035 autem
1354 974 1601 1035 divitiae
1626 992 1812 1050 quum
1838 976 1917 1035 ad
1939 991 2093 1037 usus
2117 972 2283 1034 vitae

201 1055 599 1117 necessarios
661 1064 789 1118 tum
848 1059 927 1118 ad
990 1059 1398 1134 perfruendas
1466 1059 1838 1136 voluptates.
1926 1060 1994 1118 In
2057 1059 2281 1134 quibus

202 1146 411 1201 autem
438 1136 633 1201 maior
674 1149 770 1202 est
807 1141 1074 1215 animus,
1126 1139 1187 1201 in
1235 1138 1307 1202 iis
1354 1140 1653 1216 pecuniae
1696 1138 2002 1219 cupiditas
2040 1146 2286 1219 spectat

201 1224 279 1283 ad
318 1240 477 1299 opes
508 1231 570 1284 et
595 1226 675 1285 ad
716 1224 1098 1300 gratificandi
1130 1227 1509 1298 facultatem,
1557 1231 1626 1286 ut
1668 1241 1868 1300 nuper
1905 1224 1985 1284 Μ.
2020 1226 2283 1286 Crassus

201 1308 473 1382 negabat
509 1309 696 1369 ullam
735 1308 887 1370 satis
935 1326 1218 1385 magnam
1266 1308 1587 1385 pecuniam
1633 1325 1778 1370 esse
1821 1306 1905 1381 ei,
1967 1307 2070 1382 qui
2108 1307 2169 1367 in
2217 1323 2285 1367 re

202 1389 454 1466 publica
486 1389 777 1470 princeps
809 1394 994 1453 vellet
1023 1409 1185 1465 esse,
1220 1391 1394 1453 cuius
1425 1391 1722 1454 fructibus
1753 1389 2091 1453 exercitum
2117 1393 2285 1452 alere

200 1491 325 1536 non
363 1481 600 1551 posset.
676 1476 995 1538 Delectant
1035 1474 1219 1536 etiam
1261 1475 1568 1551 magnifici
1613 1482 1946 1553 apparatus
1995 1473 2286 1551 vitaeque

201 1560 406 1619 cultus
433 1575 572 1620 cum
611 1559 914 1636 elegantia
941 1566 1003 1620 et
1033 1559 1245 1636 copia:
1293 1559 1515 1635 quibus
1542 1561 1727 1621 rebus
1761 1559 2053 1620 effectum
2084 1567 2181 1621 est
2216 1565 2288 1622 ut

197 1640 439 1703 infinita
484 1642 786 1719 pecuniae
836 1641 1138 1720 cupiditas
1183 1651 1373 1705 esset.
1449 1645 1578 1705 Nec
1624 1661 1776 1704 vero
1836 1642 1923 1704 rei
1975 1641 2285 1703 familiaris

201 1724 599 1802 amplificatio
644 1727 870 1788 nemini
919 1743 1154 1789 nocens
1197 1726 1601 1804 vituperanda
1650 1732 1776 1801 est,
1835 1728 1949 1788 sed
1996 1725 2287 1801 fugienda

201 1825 458 1887 semper
496 1807 714 1872 iniuria
753 1818 869 1873 est.
959 1809 1058 1872 26.
1104 1809 1371 1873 Maxime
1414 1818 1628 1873 autem.
1675 1811 2064 1873 adducuntur
2106 1807 2286 1887 pleri·

204 1910 356 1969 que,
410 1900 483 1955 ut
524 1911 635 1955 eos
680 1892 947 1957 iustitiae
982 1893 1187 1972 capiat
1220 1894 1478 1969 oblivio,
1537 1912 1723 1970 quum
1767 1893 1830 1954 in
1871 1892 2285 1971 imperiorum,

200 1977 542 2050 honorum,
597 1977 833 2053 gloriae
879 1977 1274 2054 cupiditatem
1320 1977 1700 2038 inciderunt.-
1768 1978 1947 2051 Quod
1986 1974 2147 2036 enim
2191 1982 2289 2036 est

202 2062 374 2136 apud
402 2060 685 2133 EnnIum,

1003 2190 1186 2251 Nulla
1218 2201 1428 2249 sancta
1462 2191 1725 2263 sociem,

375 2270 501 2331 Nec
523 2272 675 2344 fides
705 2274 879 2346 reym’
905 2280 1006 2346 est,

203 2397 266 2456 id
305 2395 492 2456 latius
535 2401 723 2471 patet.
800 2395 949 2455 Nam
993 2394 1292 2471 quidquid
1334 2395 1467 2457 eius
1510 2392 1681 2457 modi
1726 2402 1823 2455 est
1875 2393 1934 2454 in
1990 2409 2114 2468 quo
2162 2410 2290 2453 non

206 2478 453 2557 possint
500 2480 710 2554 plures
766 2480 1098 2553 excellere,
1149 2477 1212 2538 in
1265 2495 1341 2540 eo
1394 2479 1463 2538 fit
1511 2482 1877 2556 plerumque
1929 2482 2097 2537 tanta
2143 2492 2292 2538 con·

204 2562 424 2638 tentio,
454 2570 524 2623 ut
546 2560 962 2622 difficillimum
984 2561 1065 2623 sit
1085 2578 1339 2622 servare
1362 2567 1663 2622 ‘sanctam
1686 2560 2096 2622 societatem’.
2173 2561 2292 2620 De-

207 2643 464 2707 claravit
525 2644 589 2705 id
641 2645 828 2706 modo
878 2644 1187 2716 temeritas
1243 2646 1306 2706 C.
1362 2643 1671 2717 Caesaris,
1739 2642 1843 2718 qui
1897 2640 2102 2704 omnia
2155 2641 2288 2702 iura

206 2728 416 2791 divina
468 2736 532 2789 et
579 2729 848 2790 humana
887 2727 1181 2805 pervertit
1226 2735 1487 2805 propter
1525 2743 1695 2799 eum,
1757 2742 1939 2801 quem
1983 2723 2101 2785 sibi
2151 2724 2288 2802 ipse

206 2811 518 2890 opinionis
561 2829 772 2874 errore
817 2812 1108 2885 finxerat,
1162 2811 1591 2889 principatum.
1668 2811 1778 2870 Est
1821 2816 2027 2871 autem
2055 2807 2115 2869 in
2164 2811 2287 2870 hoc

203 2914 439 2974 genere
470 2898 833 2968 molestum,
868 2897 1038 2972 quod
1067 2894 1130 2955 in
1168 2892 1449 2957 maximis
1481 2894 1700 2955 animis
1746 2891 2291 2971 splendidissimis-

207 2998 329 3057 que
372 2978 636 3056 ingeniis
671 2981 1036 3056 plerumque
1084 2979 1391 3041 exsistunt
1417 2977 1705 3051 honoriS,
1755 2976 2025 3055 imperii,
2073 2985 2284 3055 poten-

208 3066 357 3137 tiae,
397 3062 632 3138 gloriae
664 3062 1049 3139 cupiditates.
1125 3065 1259 3138 Quo
1291 3061 1487 3138 magis
1521 3062 1866 3124 cavendum
1907 3069 2005 3123 cst
2032 3077 2111 3120 ne
2144 3058 2289 3135 quid

203 3149 264 3208 in
297 3164 375 3209 eo
430 3163 661 3221 genere
711 3153 1022 3224 peccetur.
1111 3146 1215 3206 27.
1272 3145 1396 3207 Sed
1456 3145 1518 3206 in
1571 3146 1737 3206 omni
1800 3142 2092 3206 iniustitia
2151 3160 2289 3220 per·

204 3233 462 3293 multum
523 3228 782 3291 interest
829 3237 1034 3291 utrum
1079 3230 1540 3306 perturbatione
1598 3228 1804 3303 aliqua
1854 3225 2067 3298 animi,
2130 3242 2291 3300 quae

206 3317 585 3410 plerumque
619 3312 826 3375 brevis
871 3320 969 3374 est
1007 3321 1071 3373 et
1115 3314 1196 3373 ad
1238 3319 1519 3386 tempus,
1576 3328 1653 3370 an
1704 3309 1992 3369 consulto
2042 3314 2122 3365 et
2146 3304 2287 3377 cogi

204 3405 330 3459 tata
361 3398 472 3457 fiat
505 3395 741 3457 iniuria.
811 3396 1076 3457 Leviora
1105 3393 1269 3456 enim
1303 3402 1449 3455 sunt
1485 3409 1590 3464 ea,
1645 3405 1805 3463 quae
1834 3386 2156 3462 repentino
2204 3382 2285 3439 ali
