2381 3723
191 111 300 168 217
372 131 381 134 ὴ
773 102 1233 165 CAP.35——38.
1277 111 1329 172 §-
1363 112 1692 165 122—130.
2147 105 2272 168 407

193 258 521 317 multarum
568 269 1049 330 magnarumque
1091 253 1470 314 miseriarum
1513 270 1702 315 sensu
1745 255 1960 316 liberet
2002 262 2063 316 et
2103 272 2139 315 a
2186 259 2273 317 fu-

196 338 352 400 turis
385 339 483 397 vel
522 336 963 398 calamitatibus
996 339 1094 397 vel
1128 337 1448 398 doloribus
1482 338 1820 409 abstrahat,
1862 338 2009 413 quid
2038 338 2156 398 iam
2182 358 2272 400 re·

194 423 508 496 linquetur
551 437 661 481 cur
705 438 826 481 non
877 428 1070 481 morte
1109 420 1323 481 laetari
1362 437 1434 481 ac
1477 422 1776 483 clarorum
1809 421 2121 483 hominum
2154 424 2271 483 vir-

190 513 420 577 tutem,
476 504 580 579 qui
624 503 842 565 nullius
891 503 1137 565 interitu
1177 504 1514 580 perturbati
1556 513 1733 578 sunt,
1789 506 2006 566 imitari
2050 507 2271 566 debea-

194 606 333 649 mus
352 590 380 648 ‘t
432 591 529 647 An
555 604 677 648 non
704 587 992 663 optimam
1021 589 1387 663 beatamque
1411 595 1667 649 mortem
1693 589 2001 650 iudicabat
2028 591 2094 649 L.
2116 590 2243 650 Bru

194 681 327 743 ωε,
385 688 571 746 quum
613 679 943 747 tyrannum
990 687 1241 744 arcens,
1298 686 1477 746 quem
1521 674 1870 748 expulerat,
1929 672 2112 732 vitam
2152 690 2266 749 pro

193 754 382 815 nihilo
427 755 733 815 ducebat?
805 756 952 813 Item
994 754 1192 828 Decii,
1237 770 1358 828 quo
1400 762 1678 830 tempore
1722 772 1858 816 cum
1891 756 2122 817 Latinis
2152 774 2266 833 pro

196 838 396 915 patria
426 837 782 899 dimicantes
825 852 969 898 sese
1006 837 1269 898 hostium
1310 837 1441 896 telis
1473 838 1878 912 obiiciebant?
1942 839 2270 900 Praeterea

196 921 437 1002 Scipio,
491 922 765 994 PaulluS,
829 922 1184 994 MarcelluS,
1246 920 1536 994 Albinus,
1602 938 1759 996 quos
1810 921 1991 982 vitam
2033 922 2094 982 in
2137 923 2268 982 acie

194 1006 501 1066 iuvandae
534 1004 763 1078 patriae
793 1017 980 1065 causa
1011 1003 1342 1065 fortissime
1372 1004 1729 1080 profudisse
1762 1005 2095 1066 memoriae
2127 1023 2267 1081 pro·

192 1089 387 1149 ditum
419 1088 693 1164 legimus.
779 1088 857 1147 Et
889 1104 1036 1148 vero
1068 1087 1215 1147 nihil
1244 1088 1355 1148 fuit
1383 1100 1561 1161 quam
1597 1089 1676 1148 ob
1714 1105 1842 1148 rem
1875 1090 2034 1149 elato
2066 1090 2268 1150 excel-

196 1169 397 1247 soque
441 1172 643 1233 animo
688 1171 964 1234 homines
1001 1171 1180 1230 vitam
1231 1188 1354 1232 non
1387 1171 1807 1246 despicerent,
1846 1180 1920 1233 ut
1949 1171 2269 1248 sempiter-

194 1272 335 1316 nam
376 1255 629 1330 gloriam
675 1254 973 1331 consequi
1008 1261 1290 1334 possent.
1374 1256 1521 1315 Nam
1567 1272 1703 1315 cum
1747 1257 1912 1316 nullo
1964 1257 2061 1315 vel
2102 1262 2269 1316 certe

195 1339 440 1399 minimo
474 1338 708 1399 doloris
740 1354 958 1410 sensu,
1002 1353 1180 1413 quem
1222 1338 1550 1399 morientes
1584 1341 1929 1415 perferunt,
1974 1338 2267 1400 infinitam

196 1423 439 1484 laudem
492 1422 964 1483 commutabant.
1060 1422 1359 1481 XXXVII.
1409 1421 1548 1482 127.
1636 1423 1813 1483 Hunc
1859 1421 2016 1482 enim
2066 1423 2267 1484 locum

197 1508 276 1565 de
317 1507 540 1580 exiguo
573 1507 667 1565 vel
712 1506 878 1566 nullo
918 1503 1122 1581 potius
1159 1505 1376 1565 dolore
1404 1506 1649 1581 mortiS,
1697 1522 1879 1581 quem
1911 1523 2102 1583 supra
2129 1522 2270 1581 per-

194 1589 582 1661 strinximuS,
635 1590 840 1663 paullo
885 1588 1136 1649 uberius
1177 1604 1631 1663 percurramus.
1718 1592 1932 1666 Neque
1966 1590 2126 1650 enim
2165 1591 2270 1651 ab·

194 1673 387 1732 surde
418 1671 649 1732 dixisse
677 1672 817 1731 mihi
846 1672 1083 1732 videtur
1102 1670 1184 1743 is,
1222 1671 1324 1745 qui
1350 1672 1734 1734 morientium
1761 1680 2264 1749 mortuorumque

196 1754 507 1818 hominum
551 1762 772 1815 statum
804 1762 866 1815 et
900 1754 1325 1815 condicionem
1360 1755 1599 1817 duabus
1644 1756 2034 1831 potissimum
2066 1774 2143 1817 ex
2172 1773 2268 1816 re-

192 1840 312 1900 bus
364 1838 595 1916 percipi
635 1846 822 1915 atque
867 1838 1116 1914 intelligi
1155 1854 1345 1914 posse
1376 1839 1748 1912 adfirmavit,
1796 1839 2052 1915 quarum
2084 1839 2265 1901 unam

190 1940 482 1984 somnum
524 1924 763 1996 statuit,
805 1924 1058 1982 alteram
1089 1938 1239 1983 vero
1274 1929 1518 1997 tempus
1553 1922 1730 1994 illud,
1774 1924 1942 1998 quod
1987 1929 2266 1984 nostrum

191 2007 497 2080 cuiusque
549 2015 746 2067 ortum
801 2004 1151 2066 antecessit.
1246 2003 1381 2064 128.
1433 2007 1510 2065 Et
1561 2021 1710 2066 sane
1761 2005 1842 2066 ita
1897 2013 2020 2077 est,
2074 2013 2140 2065 ut
2190 2022 2267 2064 ex

189 2090 479 2150 omnibus
504 2089 916 2167 opinionibuS,
951 2104 1206 2163 quarum
1232 2104 1442 2149 errore
1465 2089 1605 2149 duci
1632 2089 1850 2164 vulgus
1875 2090 2052 2162 solet,
2079 2105 2266 2164 quum

191 2174 279 2233 de
315 2180 513 2234 morte
553 2173 849 2248 loquitur,
896 2174 1058 2232 nulla
1100 2173 1283 2247 plane
1328 2171 1407 2231 ad
1453 2172 1770 2232 veritatem
1802 2171 2083 2232 videatur
2123 2188 2267 2231 esse

190 2256 582 2333 propensior.
672 2257 761 2316 Ita
806 2255 966 2317 enim
1008 2255 1179 2315 multi
1222 2254 1469 2328 vivunt,
1512 2263 1580 2316 ut
1610 2255 2040 2332 praesentibus
2083 2255 2264 2316 bonis

188 2342 470 2400 fruantur
514 2355 631 2400 nec
673 2356 824 2400 sane
866 2338 1135 2413 cogitent
1170 2338 1313 2415 quid
1361 2338 1572 2416 paucis
1604 2347 1752 2416 post
1778 2339 1952 2400 annis
1981 2340 2082 2398 vel
2111 2338 2264 2413 ipsis

186 2423 291 2482 vel
322 2422 581 2484 caeteris
612 2421 761 2483 boni
790 2429 899 2484 aut
928 2423 1068 2482 mali
1097 2422 1299 2500 possit
1329 2423 1594 2484 evenire.
1683 2425 1896 2499 Itaque
1924 2439 2115 2499 saepe
2139 2439 2261 2483 non

188 2505 456 2582 opinatis
528 2507 757 2568 morbis
784 2553 799 2579 ‚
869 2505 1425 2583 perturbationibus
1449 2549 1464 2576 ‚
1542 2507 1875 2582 angoribus
1941 2513 2263 2577 vexantur,

184 2589 403 2650 mortis
437 2606 614 2662 vero,
649 2590 726 2651 de
759 2605 880 2665 qua
910 2588 1295 2666 potissimum
1331 2588 1598 2664 cogitare
1631 2590 1999 2663 debuerant,
2031 2591 2118 2651 ita
2140 2606 2264 2649 non

186 2672 695 2745 reminiscuntur,
740 2680 808 2733 ut
851 2673 928 2732 ad
970 2689 1049 2733 ser
1083 2672 1390 2733 minimum
1431 2671 1593 2732 illam
1637 2674 1943 2748 pertinere
1987 2688 2101 2732 nec
2150 2687 2267 2732 sua

182 2756 519 2831 quidquam
579 2756 881 2817 interesse
935 2755 1295 2817 existiment.
1401 2755 1536 2816 129.
1601 2754 1711 2828 Qui
1738 2802 1753 2827 ,
1817 2763 1887 2817 ut
1935 2754 2261 2816 Panaetius

182 2840 544 2900 Africanum
586 2840 793 2901 dicere
824 2839 1070 2902 solitum
1101 2840 1311 2914 tradit,
1350 2839 1686 2901 ferociores
1720 2840 1919 2915 equos
1949 2839 2261 2900 domitori-

180 2923 302 2983 bus
343 2923 683 2985 tradendos
727 2939 899 2996 esse,
944 2930 1015 2983 ut
1052 2923 1361 3000 paullatim
1407 2939 1625 2998 parere
1660 2939 1854 3000 seque
1888 2922 2156 2984 mitiores
2188 2938 2263 2982 ac

183 3007 498 3067 molliores
544 3007 843 3082 praebere
880 3006 1201 3083 incipiant,
1240 3007 1330 3068 sic
1369 3007 1488 3082 ipsi
1530 3005 1591 3067 in
1625 3024 1844 3085 gyrum
1888 3006 2258 3067 fortitudinis

180 3105 255 3148 ac
300 3090 628 3164 patientiae
670 3090 1005 3151 reducendi
1046 3098 1217 3163 sunt,
1263 3107 1373 3162 ne,
1415 3090 1466 3151 si
1495 3107 1664 3152 mors
1695 3090 2116 3167 imprudentes
2151 3105 2260 3164 op-

181 3173 511 3248 presserit,
544 3182 996 3250 perterreantur
1019 3176 1327 3251 planeque
1352 3173 1696 3237 concidant.
1758 3174 2081 3235 XXXVIII.
2116 3171 2256 3234 130.

180 3254 309 3316 Sed
351 3258 565 3319 nescio
609 3275 731 3333 quo
779 3258 964 3320 modo
1011 3260 1328 3334 voluptate
1367 3259 1640 3334 luxuque
1670 3258 1916 3319 delinita
1946 3256 2259 3318 hominum

178 3342 573 3402 consuetudo
607 3342 685 3402 de
714 3348 882 3401 recta
910 3341 1208 3402 maiorum
1234 3342 1356 3401 vita
1379 3342 1632 3403 deflexit
1659 3357 1859 3417 eoque
1892 3339 2121 3402 sensim
2154 3340 2259 3399 de·

2207 3582 2237 3600 A
