2381 3723
208 123 332 186 204
987 122 1507 203 FRAGMENTA.
2207 130 2281 186 14

207 286 439 337 turum:
481 272 703 349 quibus
734 273 879 347 iste,
925 272 1029 347 qui
1053 271 1259 333 omnia
1286 270 1587 333 sacrificia
1613 280 1860 347 nosset,
1899 271 2077 333 facile
2099 273 2175 333 ab
2206 288 2280 336 se

208 360 362 419 deos
383 358 614 506 placari
638 375 830 432 posse
855 356 1280 440 arbitrabatur.
1332 369 1849 437 [Quintilianus
1868 372 1955 421 lib.
1980 370 2067 424 IX.
2094 386 2205 436 cap.
2223 373 2277 424 2.

206 446 257 505 §-
296 442 380 493 96.
884 477 910 502 .-

334 526 529 599 Quum
572 540 641 583 se
689 524 769 582 ad
809 523 1051 598 plebem
1095 521 1353 581 transire
1388 523 1546 580 velle
1589 519 1853 594 diceret,
1906 522 2016 581 sed
2057 521 2282 583 misere

207 608 428 668 fretum
479 605 740 667 transire
793 612 1073 681 cuperet,
1132 606 1290 665 hanc
1334 606 1658 679 loquacem
1699 603 1962 663 Siciliam
2004 622 2129 666 non
2176 608 2280 666 de·

206 690 429 764 spexit.
511 700 1166 769 [Pseudoasconius]
1763 709 1779 722 ³

329 788 460 848 Iam
490 804 627 847 vero
654 804 735 847 ex
760 788 978 847 iudicio
999 794 1118 846 tam
1143 804 1322 861 eqens
1347 789 1589 847 emissus
1602 831 1617 859 ,
1647 801 1824 859 quam
1846 785 2089 858 quidam
2111 786 2277 844 iudi-

203 890 300 932 ces
343 875 470 931 eius
511 876 647 931 ante
692 872 846 931 illud
885 871 1164 931 iudicium
1208 870 1462 943 fuerunt
1507 878 1566 929 et
1603 870 1689 928 ad
1734 868 1978 941 aliquod
2020 871 2281 946 severius

203 956 485 1015 iudicium
527 960 886 1027 reservatus,
934 961 1000 1013 ut
1026 956 1089 1013 in
1128 957 1451 1014 contionem
1497 955 1583 1013 ad
1606 954 1957 1028 popularem
1998 953 2277 1011 iactatio-

204 1055 334 1099 nem
364 1040 738 1110 escenderat,
788 1044 994 1112 aperte
1020 1039 1258 1097 victrice
1285 1040 1545 1111 nequitia
1587 1053 1662 1095 ac
1691 1036 1932 1095 libidine
1973 1038 2282 1095 exsultans

201 1128 260 1182 et
288 1124 700 1197 triumphans,
751 1123 1152 1180 accesserunt
1190 1120 1274 1179 ita
1315 1118 1525 1195 pauci,
1575 1125 1643 1179 ut
1681 1135 1817 1178 eum
1854 1133 1977 1178 non
2022 1118 2103 1176 ad
2134 1132 2279 1178 con·

203 1203 464 1278 tionem,
498 1206 612 1265 sed
637 1220 938 1280 sponsum
968 1203 1208 1264 diceres
1232 1204 1601 1264 advocasse.
1640 1214 2276 1285 [Pseudoasconius]

334 1318 520 1389 Quasi
544 1334 681 1377 vero
702 1320 1036 1392 periculum
1064 1319 1140 1376 sit
1167 1319 1230 1375 in
1260 1317 1602 1389 spondendo
1626 1330 1740 1391 pro
1766 1331 1861 1388 e0,
1893 1313 2066 1374 cuius
2098 1313 2274 1375 satis·

204 1400 484 1462 dationes
518 1415 766 1482 semper
795 1398 1079 1459 dicuntur
1107 1397 1343 1458 induci!
1416 1412 1972 1477 [Pseudoasconiu
1994 1410 2094 1487 s.]·

324 1498 498 1557 Nunc
536 1513 644 1570 eqo
675 1497 1003 1568 furialibus
1040 1500 1158 1557 illis
1198 1498 1427 1556 vocibus
1465 1495 1828 1570 respondebo
1843 1540 1857 1567 ,
1908 1510 2058 1568 quas
2100 1499 2191 1565 tu,
2240 1508 2277 1554 o

98 1561 121 1584 ⁸
202 1597 473 1650 coenum,
521 1595 556 1639 o
601 1580 795 1653 labes,
845 1596 880 1640 o
918 1583 1101 1653 pestis
1140 1583 1479 1655 importuna
1494 1624 1507 1651 ,
1565 1581 1627 1637 in
1654 1578 2012 1637 contionibus
2050 1578 2274 1636 misisti.

201 1664 355 1723 Nam
384 1680 537 1739 quae
566 1663 652 1721 ad
670 1662 972 1735 fautorem
1011 1667 1097 1722 tui
1112 1667 1362 1737 flaqitii,
1403 1664 1654 1738 patroni
1695 1664 1783 1720 tui
1809 1664 2027 1732 fitium,
2071 1662 2271 1735 perti-

200 1752 366 1817 nent,
420 1748 698 1820 quamvis
715 1748 814 1806 ille
858 1762 1178 1821 operarum
1230 1763 1305 1807 ac
1362 1749 1695 1824 qreqalium
1746 1753 1975 1804 tuorum
2027 1744 2157 1803 dux
2211 1745 2274 1801 in

198 1830 559 1891 contionibus
597 1845 722 1890 meo
761 1832 991 1891 nomine
1033 1831 1119 1890 ad
1163 1831 1449 1891 invidiam
1489 1846 1630 1891 usus
1658 1830 1734 1888 sit
1758 1819 2275 1903 contumelioseque

200 1931 291 1973 me
318 1916 588 1986 laeserit,
625 1920 818 1974 tamen
847 1915 997 1975 haec
1016 1931 1190 1986 nunc,
1221 1922 1505 1989 quantum
1532 1930 1630 1972 res
1645 1915 1946 1987 patiatur,
1978 1913 2274 1985 antiquae,

199 2014 353 2072 quae
374 1999 523 2057 milti
544 2014 677 2057 cum
693 2005 878 2072 patre
904 2002 1030 2058 eius
1057 1999 1256 2058 adhuc
1277 1999 1418 2071 fuit,
1453 1999 1749 2056 amicitiae
1779 2003 1836 2055 et
1862 1994 2283 2054 necessitudini

197 2082 596 2145 condonanda
617 2085 814 2156 potius
838 2081 1096 2156 intelligo
1129 2098 1312 2156 quam
1340 2081 1400 2140 in
1433 2080 1745 2139 absentem
1781 2094 1923 2139 esse
1958 2077 2241 2137 dicenda.

324 2191 427 2249 1V.
479 2191 531 2248 1.
619 2189 880 2251 Primum
916 2192 1100 2252 horno
1148 2192 1339 2251 durus
1387 2206 1459 2250 ac
1493 2190 1736 2265 priscus
1767 2186 2049 2247 invectus
2078 2192 2175 2247 est
2210 2188 2271 2247 in

199 2290 340 2346 θος,
397 2270 500 2346 qui
546 2289 759 2333 mense
800 2274 995 2347 Aprili
1043 2275 1209 2350 apud
1245 2273 1425 2334 Baias
1480 2279 1693 2333 essent
1738 2277 1799 2330 et
1838 2271 2015 2346 aquis
2057 2269 2274 2331 calidis

199 2362 531 2417 uterentur.
608 2354 760 2427 Quid
789 2373 926 2417 cum
949 2357 1068 2418 hoc
1092 2358 1339 2417 homine
1368 2355 1545 2418 nobis
1578 2363 1699 2416 tam
1730 2353 1883 2415 tristi
1908 2370 1981 2414 ac
2004 2369 2228 2415 severo
2248 2355 2278 2415 'l

200 2439 258 2497 2.
316 2439 448 2498 Non
486 2445 752 2513 possunt
791 2439 853 2499 hi
894 2457 1098 2501 mores
1147 2443 1308 2500 ferre
1352 2455 1516 2500 nunc
1549 2448 1670 2499 tam
1707 2444 2018 2498 austerum
2055 2444 2117 2496 et
2149 2443 2273 2497 tam

201 2523 637 2583 vehementem
687 2524 1071 2599 magistrum,
1136 2541 1247 2599 per
1304 2541 1486 2620 quem
1541 2522 1883 2583 hominibus
1943 2519 2276 2581 maioribus

199 2613 342 2666 natu
370 2623 449 2666 ne
483 2607 546 2669 in
577 2607 705 2669 suis
745 2608 990 2691 quidem
1020 2607 1323 2683 praediis
1308 2624 1558 2682 impune
1601 2614 1777 2679 tunc,
1825 2623 2008 2680 quum
2040 2607 2276 2665 Romae

197 2691 338 2750 nihil
369 2693 595 2766 agitur,
632 2692 811 2752 liceat
839 2708 981 2752 esse
1009 2690 1465 2790 valetudinique
1487 2690 1739 2750 servire.
1811 2690 2044 2749 Verum
2067 2695 2274 2747 tamen

196 2775 457 2837 caeteris
489 2775 689 2851 possit
717 2775 1070 2851 ignoscere,
1121 2779 1180 2835 ei
1222 2790 1399 2847 vero,
1447 2778 1553 2849 qui
1584 2778 1785 2834 villam
1830 2774 2045 2832 habeat
2072 2770 2134 2830 in
2165 2770 2274 2830 illo

196 2858 367 2930 loce,
429 2861 594 2919 nullo
650 2862 873 2920 modo:
947 2859 1138 2934 ‘Quid
1187 2858 1447 2920 homini’
1507 2856 1705 2932 inquit
1762 2855 2077 2931 ‘Arpinati
2130 2870 2276 2914 cum.

192 2938 385 3014 Baiis,
432 2942 660 3017 agresti
690 2960 763 3004 ac
795 2942 1099 3003 rustico?’
1190 2943 1249 3004 3.
1294 2945 1425 3018 Quo
1458 2943 1597 3003 loco
1632 2940 1715 3001 ita
1746 2940 1856 3001 fuit
1896 2955 2149 3010 caecus,
2201 2944 2274 2996 ut

194 3024 368 3084 facile
412 3034 741 3101 appareret
786 3025 1017 3088 vidisse
1050 3043 1184 3086 eum
1225 3027 1389 3101 quod
1434 3027 1525 3085 fas
1558 3042 1682 3086 non
1726 3022 1974 3085 fuisset:
2048 3025 2106 3081 4.
2152 3036 2277 3080 nee

193 3108 350 3167 enim
379 3109 654 3185 respexit
688 3109 894 3170 illum
878 3128 1082 3186 ipsum
1106 3117 1431 3184 patronum
1455 3107 1721 3169 libidinis
1754 3124 1904 3168 suae
1928 3123 2052 3166 non
2081 3105 2273 3167 modo

191 3192 355 3260 apud
379 3192 560 3254 Baias
585 3209 758 3263 esse,
789 3210 1003 3254 verum
1034 3210 1141 3254 eas
1175 3194 1344 3270 ipsas
1372 3208 1566 3267 aquas
1591 3192 1847 3264 habere,
1892 3206 2050 3266 quae
2083 3193 2273 3284 gustu

191 3277 391 3330 tamen
440 3274 752 3350 Arpinatis
809 3276 1087 3338 fuissent
1169 3278 1294 3339 Sed
1344 3277 1546 3337 videte
1600 3275 1989 3336 metuendam
2039 3269 2272 3331 inimici

192 3357 253 3408 et
290 3352 485 3415 hostis
531 3358 712 3418 bilem
766 3365 828 3444 et
885 3358 1236 3421 licentiam!
1293 3361 1351 3421 Is
1402 3376 1500 3420 me
1552 3358 1703 3422 dixit
1754 3357 2111 3428 aedificare,
2161 3351 2270 3415 ubi
