2381 3723
200 173 304 229 195
812 159 979 221 cAP.
1013 167 1273 222 13—15.
1317 164 1371 227 s.
1401 166 1665 222 47—55.
2153 155 2277 219 385

199 315 484 375 iestatem
521 311 824 386 cogitare,
877 316 983 372 aut
1028 327 1066 370 a
1093 309 1190 372 dis
1231 308 1672 371 immortalibus
1704 314 1970 370 mentem
2014 314 2077 368 et
2102 308 2280 369 ratio·

201 414 373 469 nem,
424 401 493 455 ut
540 394 709 456 utilia
759 410 1173 470 cognoscere,
1226 394 1489 456 honesta
1527 410 1566 454 a
1605 390 1890 469 turpibus
1932 408 2283 465 secernere,

199 496 407 557 aequa
435 477 749 555 amplecti,
805 478 882 538 ab
917 476 1144 553 iniquis
1167 477 1478 539 abstinere
1516 493 1883 554 possemuS,
1923 492 2083 537 voce
2115 475 2282 536 deni-

197 581 327 642 que
357 563 495 641 ipsa
530 569 592 622 et
624 562 901 623 oratione
931 561 1075 635 frui,
1130 578 1291 636 quae
1322 560 1502 623 nullis
1531 559 1942 622 animantibus
1976 576 2283 622 concessa

199 658 302 709 est
330 661 577 723 quaque
623 644 885 707 caeteris
934 644 1253 719 omnibus,
1305 662 1465 720 quae
1518 646 1635 706 sub
1667 646 1840 706 caelo
1867 652 2044 718 sunt,
2074 642 2282 705 viven-

199 732 357 792 tium
408 728 640 791 naturis
686 728 1146 790 antecellimus?
1203 729 1406 790 inania
1454 729 1609 790 haec
1648 728 1842 789 videri
1886 736 2175 805 possent,
2231 727 2285 788 si

201 823 328 876 tam
360 812 563 874 multis
596 829 673 873 ex
703 813 970 874 adverso
1002 811 1263 874 miseriis
1297 829 1606 888 oppressa
1641 812 1903 874 hominis
1937 819 2157 874 natura
2181 828 2284 871 ne·

204 914 329 973 que
359 913 431 958 se
463 896 541 956 ad
573 895 863 957 caelestia
890 894 1128 972 erigere
1162 911 1279 957 nec
1314 896 1499 957 tantis
1536 896 1749 969 boniS,
1801 894 2024 972 quibus
2052 893 2286 956 maiora

205 983 374 1042 nulla
425 996 571 1041 esse
618 985 985 1056 potuerunt,
1041 979 1127 1041 uti
1178 989 1417 1056 posset.
1506 979 1605 1040 52.
1659 980 1786 1041 Sed
1843 980 2153 1055 profecte,
2218 984 2288 1040 ut

206 1071 427 1126 contra
453 1062 827 1139 serpentium
856 1063 1028 1124 virus
1059 1063 1529 1139 pharmacorum
1558 1080 1786 1139 genera
1816 1064 2033 1137 multa,
2070 1070 2287 1123 contra

207 1146 453 1225 inopiae
483 1146 888 1207 calamitatem
919 1146 1196 1208 sollertia
1224 1162 1286 1207 et
1324 1146 1652 1220 industria,
1706 1155 1924 1208 contra
1965 1145 2285 1222 turpitudi-

211 1232 310 1292 nis
367 1232 748 1307 voluptatem
799 1231 1006 1306 pudor
1054 1239 1117 1291 et
1163 1230 1569 1303 verecundia,
1634 1230 1726 1292 sic
1786 1237 2001 1293 contra
2050 1228 2285 1291 doloris

211 1330 487 1375 morsum
533 1313 927 1391 philosophia
977 1314 1156 1376 nobis
1210 1316 1354 1376 data
1402 1322 1499 1376 est
1544 1315 1806 1378 deorum
1854 1313 2303 1376 immortalium.

208 1413 521 1459 concessu
552 1405 739 1473 atque
770 1414 1044 1459 munere.
1114 1399 1306 1474 Quam
1350 1406 1418 1459 ut
1449 1415 1631 1460 nemo
1664 1397 1816 1461 satis
1846 1415 1961 1475 pro
1995 1397 2286 1474 dignitate

209 1482 462 1542 laudare
481 1488 692 1557 queat,
726 1481 816 1542 sic
840 1498 1022 1557 quam
1045 1482 1287 1557 plurimi
1317 1482 1535 1544 mentis
1558 1483 2075 1558 tranquillitatem,
2102 1479 2286 1541 animi

209 1563 726 1638 moderationem,
785 1567 845 1625 in
899 1567 1251 1640 voluptates
1301 1566 1652 1643 imperium,
1702 1566 1763 1628 in
1816 1566 2038 1627 acerba
2084 1563 2289 1627 omnia

207 1664 510 1709 summam
543 1649 867 1723 quamdam
896 1648 1020 1709 vim
1054 1666 1127 1711 ac
1157 1650 1567 1712 fortitudinem
1598 1650 1681 1710 illi
1704 1650 1811 1713 uni
1842 1657 2161 1727 acceptam
2190 1665 2287 1709 re-

209 1736 410 1793 serant
437 1748 698 1793 necesse
721 1741 837 1794 est.
899 1732 1114 1807 Neque
1142 1751 1259 1795 nos
1302 1742 1407 1795 aut
1438 1734 1496 1795 in
1530 1734 1711 1796 exilio
1745 1734 2047 1811 patientes
2078 1742 2185 1795 aut
2224 1733 2285 1792 in

208 1818 515 1878 honorum
563 1831 749 1878 cursu
793 1823 1210 1894 temperantes
1258 1819 1586 1880 fuissemus
1636 1824 1743 1879 aut
1792 1834 1957 1881 nunc
2005 1818 2070 1879 in
2115 1824 2284 1879 tanto

208 1915 496 1960 maerore
536 1899 848 1977 sapienter
890 1908 952 1962 et
999 1903 1240 1963 fortiter
1281 1919 1693 1975 versaremur,
1756 1902 1874 1964 nisi
1903 1909 2041 1974 tuo,
2094 1900 2287 1976 philo·

208 1983 434 2059 sophia
498 1983 726 2060 optima
790 2001 996 2045 rerum
1048 1985 1448 2046 humanarum
1493 1985 1897 2058 moderatrix,
1959 1981 2285 2046 beneficio.

205 2069 347 2129 XV.
388 2066 489 2128 53.
577 2067 668 2128 Tu
692 2084 843 2129 vero
877 2068 1022 2129 felix
1054 2075 1117 2128 et
1142 2069 1357 2142 beata,
1395 2068 1589 2129 Tullia
1620 2084 1784 2141 mea,
1829 2067 1884 2129 si
1916 2066 2053 2142 quis
2087 2067 2195 2128 tibi
2226 2067 2288 2126 in

209 2157 411 2212 morte
439 2167 665 2212 sensus
713 2160 836 2225 est,
881 2167 1042 2228 quae
1082 2159 1176 2214 tot
1219 2152 1524 2228 tantisque
1566 2151 1855 2226 miseriis,
1897 2151 2119 2227 quibus
2150 2166 2289 2227 pro·

213 2233 418 2310 posita
445 2233 671 2296 fuisses
700 2235 759 2295 in
800 2235 950 2310 vita,
1004 2252 1129 2297 una
1158 2244 1355 2298 morte
1385 2237 1707 2313 perfuncta
1737 2253 1836 2310 eS,
1888 2252 1925 2296 a
1957 2234 2287 2314 praesenti-

209 2321 330 2380 bus
365 2317 536 2379 malis
581 2318 899 2393 expedita,
955 2319 1033 2380 ab
1078 2319 1575 2396 impendentibus
1625 2327 1841 2397 erepta
1875 2329 1937 2381 et
1964 2320 2025 2381 in
2051 2325 2182 2381 tuto
2217 2333 2290 2377 ac

212 2400 540 2477 tranquillo
569 2400 790 2476 quietis
811 2411 994 2479 portu
1026 2406 1347 2466 collocata.
1417 2405 1637 2466 Merito
1660 2404 1768 2465 tibi
1797 2412 2056 2467 mortem
2082 2403 2289 2465 iucun-

211 2487 357 2545 dam
387 2484 580 2546 suisse
608 2493 846 2561 putem,
902 2505 1091 2562 quum
1132 2489 1232 2548 vel
1278 2504 1353 2549 ea
1394 2488 1588 2561 bona,
1642 2488 1864 2563 quibus
1900 2487 2128 2550 viventi
2172 2485 2292 2548 frui

211 2566 410 2642 licuit,
447 2568 649 2629 animo
674 2579 926 2645 reputas
955 2572 1056 2630 vel
1087 2573 1275 2645 mala,
1321 2587 1481 2646 quae
1514 2571 1785 2633 moriens
1823 2572 2052 2645 vitasti,
2086 2578 2291 2632 mente

210 2668 289 2712 ac
320 2650 693 2728 cogitatione
724 2656 1176 2730 complecteris.
1266 2655 1367 2715 54.
1409 2654 1541 2730 Ego
1577 2661 1813 2727 autem,
1859 2672 2045 2730 quum
2075 2662 2136 2714 te
2166 2652 2289 2713 feli-

210 2753 349 2798 cem
383 2734 650 2799 iudicem
686 2752 787 2810 ac,
825 2738 878 2798 si
910 2738 1118 2799 dicere
1149 2738 1358 2810 liceat,
1404 2753 1602 2814 paene
1632 2737 1827 2798 oculis
1859 2753 2137 2810 cernam,
2181 2751 2293 2795 cur

209 2829 319 2880 tua
352 2826 548 2880 morte
592 2820 952 2883 excrucier?
1018 2822 1228 2884 Potius
1272 2822 1548 2883 laetabor
1585 2837 1658 2882 ac
1701 2819 1810 2881 tibi
1853 2827 2163 2897 tamquam
2212 2821 2291 2878 de

210 2920 283 2964 re
327 2903 713 2981 optatissima
761 2907 1134 2981 gratulabor.
1212 2906 1320 2966 Cui
1361 2904 1479 2967 nisi
1528 2906 1852 2967 molestum
1896 2914 1994 2968 est
2035 2921 2132 2965 me
2167 2904 2289 2964 iam

210 2993 416 3049 aetate
447 2989 796 3050 confectum
820 2989 883 3050 in
905 2997 1027 3051 tam
1061 2991 1416 3067 perturbata
1437 3006 1505 3050 re
1526 2988 1771 3065 publica
1792 2997 2044 3065 tamque
2063 2988 2288 3049 misero

213 3071 376 3132 vitae
418 3088 649 3148 genere
687 3072 1045 3150 reliquisse,
1101 3073 1245 3149 quid
1286 3074 1405 3134 iam
1446 3090 1635 3149 grave
1670 3080 1775 3134 aut
1815 3074 2291 3134 acerbum-esse

214 3154 456 3232 possit?
545 3157 647 3216 55.
692 3157 819 3218 Sed
858 3159 980 3220 hoc
1013 3174 1266 3233 quoque
1296 3155 1532 3218 ratione
1560 3157 1698 3232 ipsa
1733 3155 1929 3217 levius
1973 3156 2287 3232 aliquanto

213 3238 512 3314 efficitur,
563 3257 768 3316 neque
793 3249 859 3303 tu
891 3258 1055 3303 nunc
1091 3242 1238 3315 quid
1270 3258 1370 3302 me
1412 3241 1689 3318 perferre
1719 3256 1981 3301 necesse
2024 3240 2133 3313 sit,
2178 3239 2291 3299 sed

218 3340 402 3399 quam
433 3325 781 3391 non„‚multo
815 3332 959 3402 post
979 3333 1182 3387 tecum
1218 3324 1439 3386 iisdem
1461 3324 1640 3388 bonis
1673 3341 1897 3386 usurus
1939 3323 2052 3385 sim
2097 3323 2289 3383 debes

215 3406 512 3482 cogitare.
584 3408 738 3469 Nihil
785 3409 941 3470 enim
994 3408 1276 3471 accidere
1324 3410 1504 3470 valde
1544 3424 1735 3486 grave
1778 3413 1987 3550 p2otest
2023 3406 2129 3480 iis,
2188 3404 2295 3480 qui

305 3508 416 3551 cm.
449 3494 554 3552 IV.
589 3503 643 3557 3.
1841 3493 1877 3550 5
