2381 3723
180 72 308 191 ⁶139
354 110 357 113 ’
959 134 1517 204 POEMATORUM.
2149 157 2276 219 329

195 277 328 338 Non
358 280 443 338 ita
473 281 529 338 si
551 298 801 345 recavus
831 303 1054 349 summo
1081 291 1156 351 de
1181 299 1454 368 maraine
1484 308 1706 375 surqat,

193 362 454 435 Fulqeat
487 371 594 424 aut
620 371 851 441 sparsis
883 372 1077 432 radiis
1091 419 1106 447 ‚
1144 392 1302 450 pars
1327 382 1532 440 tendat
1558 384 1645 442 ad
1671 387 1967 464 Austrum,

192 445 351 504 Pars
377 451 478 506 eat
501 448 589 508 ad
611 448 856 511 Borean
882 457 1224 532 mediusque
1257 465 1530 524 renideat
1558 469 1731 542 orbis,

201 527 366 590 Tunc
393 537 500 590 aut
523 540 826 607 suspectus
853 538 957 598 tibi
978 541 1056 599 sit
1079 541 1263 603 Notus
1290 553 1396 606 aut
1416 553 1622 622 pravis
1654 554 1855 614 imber.

203 610 277 672 Ut
302 613 530 688 videas,
570 617 826 679 subsitne
852 637 956 682 suo
982 626 1093 683 lux
1116 629 1435 701 splendida
1461 631 1601 706 Soli,
2165 655 2269 708 100

189 695 431 770 Inspice
455 696 646 759 Solem
673 703 864 776 ipsum
889 737 977 751 -
1005 723 1261 784 namque
1287 715 1339 772 is
1363 719 1720 780 certissimus
1749 729 1955 784 auctor
1980 756 2082 800 -—-,

190 777 427 855 Inspice
440 827 455 854 ‚
498 799 641 843 num
665 786 904 860 rubeat,
945 822 1032 835 ·—·
1059 794 1203 864 sieri
1224 799 1384 869 quod
1402 815 1582 875 saepe
1608 805 1901 866 videmus:

191 861 408 924 Creber
431 869 587 927 enim
620 868 820 931 educit
842 879 1149 938 contracta
1179 880 1334 940 nube
1359 884 1631 945 ruborem
1659 919 1744 932 —

186 945 282 1006 An
314 950 488 1022 niqer
513 950 784 1014 obscuret
798 955 1057 1027 faciem:
1098 962 1272 1036 niqer
1302 965 1530 1027 indicat
1558 971 1787 1046 imbres,

183 1028 509 1106 Bubraque
536 1043 809 1098 venturos
834 1045 1058 1115 species
1085 1044 1407 1108 denunciat
1430 1051 1643 1113 Euros.
2160 1074 2259 1125 105

185 1112 295 1174 Sin
320 1116 501 1176 ruber
528 1120 770 1194 incipiet
792 1127 954 1184 color
983 1127 1367 1192 immiscerier
1393 1142 1540 1208 atro,

189 1195 399 1258 Omnia
427 1206 566 1262 tunc
596 1202 801 1265 Borea
826 1212 1064 1282 pariter
1079 1215 1407 1290 pluviaque
1435 1220 1652 1281 videbis

181 1281 472 1343 Fervere:
511 1289 603 1345 sin
631 1287 824 1350 radiis
854 1297 1066 1354 coeant
1087 1306 1473 1374 crescuntque
1504 1305 1611 1364 sub
1647 1322 1844 1382 unum,

183 1364 373 1436 Quum
394 1372 612 1444 pelaqo
650 1371 821 1432 Titan
849 1380 1095 1438 terrisve
1124 1382 1451 1445 admoverit
1477 1388 1689 1463 orbem,

179 1449 301 1509 Aut
325 1453 512 1513 lateat
537 1456 721 1516 victus
742 1474 859 1533 per
886 1461 1090 1522 nubila
1115 1467 1237 1525 sive
1264 1469 1474 1529 relicta
2154 1491 2273 1544 lle⁴

180 1531 359 1595 Nocte
378 1542 587 1610 petens
617 1541 807 1601 lucem
835 1559 939 1604 seu
969 1545 1193 1608 noctem
1219 1554 1352 1611 luce
1378 1557 1602 1629 relicta,

175 1614 304 1676 Illa
332 1619 456 1678 dies
475 1623 717 1695 pluvias
740 1631 800 1686 et
828 1643 983 1701 quae
1007 1643 1289 1694 nascetur
1318 1636 1393 1695 ab
1423 1639 1530 1698 illa

100 1751 109 1758 .
174 1699 488 1772 Proseret:
530 1705 656 1767 Eoo
679 1725 790 1770 nec
813 1713 871 1770 si
887 1719 1244 1787 praeeuntia
1268 1724 1433 1780 caelo

175 1783 397 1845 Nubila
424 1785 529 1848 Sol
551 1790 746 1852 radiis
761 1795 929 1870 picto
957 1797 1254 1861 disiecerit
1279 1810 1456 1876 astro,

173 1866 271 1927 Sis
293 1872 536 1945 pluviae
564 1875 849 1949 iqnarus:
887 1883 944 1941 si
967 1898 1031 1942 se
1067 1883 1332 1946 Titanius
1359 1889 1515 1949 orbis
2148 1909 2248 1959 115

173 1951 299 2013 Eoo
325 1955 445 2015 late
472 1956 786 2031 diffuderit
809 1979 1066 2039 aequore
1091 1984 1359 2043 sumens,
1751 1993 1755 1998 ·
1955 2010 1965 2021 ·

167 2034 326 2096 Inde
350 2043 653 2116 magisque
681 2049 986 2123 maqisque
1010 2066 1363 2125 exsparsum
1393 2058 1707 2117 contrahat
1728 2060 1941 2133 iqnem,

167 2117 418 2182 Dulcior
445 2125 658 2187 aethra
684 2130 902 2203 subest,
935 2133 1138 2207 pluvio
1164 2152 1229 2196 se
1255 2143 1512 2212 tempore
1539 2157 1895 2216 quamquam

167 2202 483 2266 Abdiderit
505 2208 768 2273 Phoebus
782 2233 803 2273 .·
841 2216 898 2274 si
919 2220 1084 2278 caelo
1112 2218 1334 2280 decidit
1358 2223 1557 2296 imber,
1849 2297 1862 2300 ,

167 2285 273 2345 Ex
300 2289 474 2349 imbri
498 2295 741 2355 alterius
768 2304 981 2360 sortem
1009 2305 1064 2361 te
1090 2318 1382 2375 quaerere
1406 2309 1556 2367 lucis
2140 2321 2243 2374 120

165 2368 498 2447 Nubilaque
525 2383 584 2437 et
606 2381 782 2439 solem
810 2397 1012 2443 moneo
1042 2391 1313 2460 spectare
1340 2390 1663 2452 cadentem.

162 2451 320 2520 Nam
345 2458 402 2515 si
423 2461 636 2532 niqrae
661 2463 858 2524 obiens
885 2467 1179 2528 condatur
1202 2486 1449 2533 carcere
1475 2476 1644 2535 nubis

166 2535 431 2599 Phoebus
457 2549 516 2601 et
545 2547 763 2619 exiquo
793 2551 964 2610 radii
983 2550 1231 2626 sulqore
1258 2556 1541 2617 micantes

158 2618 517 2684 Immensum
545 2629 771 2690 nebulis
798 2634 1366 2706 circumfundantur
1393 2641 1454 2697 in
1489 2642 1701 2715 orbem,

159 2702 294 2764 Non
322 2708 440 2767 erit
463 2712 707 2774 alterius
732 2717 939 2776 melior
958 2717 1212 2788 fortuna
1242 2722 1377 2782 diei.
1529 2745 1532 2750 ⁴
2135 2736 2234 2789 125
2345 2723 2348 2724 ἢ

158 2787 364 2849 Purus
391 2796 458 2850 at
479 2792 804 2871 Hesperias
830 2801 887 2858 si
907 2799 1013 2861 Sol
1035 2803 1276 2863 labatur
1302 2808 1366 2865 in
1393 2807 1607 2879 undaS,

163 2870 467 2948 Quumque
488 2887 677 2952 parat
700 2885 877 2943 terris
902 2885 965 2943 in
993 2900 1186 2960 aquas
1214 2890 1479 2962 miqrare
1504 2892 1742 2965 relictis,

172 2955 419 3019 Vicinae
445 2961 700 3024 rubeant
720 2966 931 3041 nubes,
972 2985 1088 3029 non
1114 2974 1412 3044 crastinus
1440 2973 1640 3048 imber,

153 3037 289 3098 Non
316 3042 422 3102 tibi
444 3053 730 3109 nocturno
754 3057 843 3110 est
866 3055 1209 3114 metuendus
1236 3065 1498 3130 tempore
1520 3059 1765 3119 nimbus.
2336 3122 2339 3126 ,

151 3120 228 3181 Si
248 3121 404 3185 Solis
431 3129 601 3190 radii
622 3134 814 3206 niyris
842 3135 1128 3197 absconsa
1159 3139 1410 3198 tenebris
2125 3150 2233 3206 130

150 3203 495 3271 Marcentes
527 3215 712 3275 nitido
741 3217 1095 3293 depromant
1120 3224 1347 3281 lumina
1380 3227 1561 3296 caelo,

149 3287 233 3349 Ut
260 3307 448 3365 quum
476 3294 621 3357 luna
652 3314 862 3360 means
891 3301 1267 3380 Hyperionis
1301 3304 1491 3366 officit
1525 3306 1676 3382 orbi,

150 3368 557 3451 Stinguuntur
585 3381 739 3442 radii
775 3398 959 3444 caeca
989 3386 1244 3464 ealigine
1272 3388 1433 3464 teeti,
