2381 3723
128 152 189 204 u
538 120 550 130 ’
780 141 940 201 cAP.
974 152 1204 206 8—10.
1248 151 1299 213 s.
1330 154 1596 208 26—33.
2086 148 2208 210 127

119 289 487 351 Libidinosa
510 290 668 350 enim
704 299 765 352 et
793 291 1208 369 intemperans
1245 295 1664 356 adolescentia
1694 297 1943 358 effetum
1976 312 2206 373 corpus

120 372 305 434 tradit
338 375 665 435 senectuti.
752 375 851 436 30.
900 378 1097 452 Cyrus
1131 377 1378 453 quidem
1423 380 1586 456 apud
1619 380 2094 455 Xenophontem
2130 398 2205 444 eo

119 473 449 532 sermone,
513 475 696 534 quem
747 460 1015 521 moriens
1066 461 1310 534 habuit,
1373 480 1559 538 quum
1620 463 1950 524 admodum
2014 480 2210 525 senex

120 548 324 615 esset,
392 548 580 618 negat
621 558 693 602 se
740 560 1029 619 umquam
1071 545 1349 607 sensisse
1394 553 1773 608 senectutem
1817 563 1989 608 suam
2024 546 2210 608 imbe-

121 624 423 713 cilliorem
468 627 688 686 factam
738 644 920 702 quam
961 629 1381 691 adolescentia
1419 630 1653 692 fuisset.
1729 633 1861 707 Ego
1901 632 1968 691 L.
1998 631 2207 692 Metel-

119 711 245 769 lum
271 708 525 769 memini
557 725 740 784 puer,
787 710 892 785 qui
927 729 1113 787 quum
1150 713 1553 788 quadriennio
1588 722 1733 789 post
1773 716 2030 777 alterum
2062 732 2205 776 con·

121 795 395 854 sulatum
453 793 732 869 pontifex
788 795 1090 856 maximus
1143 798 1342 858 factus
1395 805 1594 871 esset,
1657 796 1867 874 viginti
1926 810 1988 859 et
2045 801 2209 860 duos

121 894 323 938 annos
363 876 419 936 ei
450 877 801 939 sacerdotio
837 880 1126 954 praefuit,
1161 880 1246 940 ita
1274 880 1453 942 bonis
1487 898 1630 942 esse
1660 882 1893 943 viribus
1925 890 2204 943 extremo

122 970 411 1037 tempore
466 960 717 1034 aetatis,
780 969 848 1022 ut
892 962 1372 1025 adolescentiam
1427 981 1553 1025 non
1607 964 1965 1041 requireret.
2052 965 2204 1026 Nihil

120 1060 394 1106 necesse
424 1052 522 1106 est
551 1044 693 1104 mihi
736 1046 815 1106 de
844 1062 942 1106 me
983 1045 1122 1122 ipso
1160 1046 1395 1121 dicere,
1452 1063 1823 1123 quamquam
1855 1055 1951 1108 est
1978 1048 2041 1108 id
2077 1049 2182 1124 qui

122 1131 266 1190 dem
320 1127 518 1189 senile
572 1127 881 1205 aetatique
932 1138 1184 1192 nostrae
1242 1131 1619 1192 conceditur.
1706 1133 1783 1192 X.
1837 1132 1938 1192 31.
2022 1132 2206 1191 Vide-

124 1213 286 1275 tisne
314 1220 385 1273 ut
408 1213 573 1288 apud
603 1213 935 1274 Homerum
968 1213 1333 1290 saepissime
1361 1217 1587 1276 Nestor
1614 1215 1694 1275 de
1724 1214 2050 1276 virtutibus
2077 1215 2209 1275 suis

123 1297 484 1374 praedicet?
553 1296 812 1357 Tertiam
865 1298 1023 1358 enim
1074 1298 1194 1359 iam
1250 1306 1510 1359 aetatem
1567 1297 1879 1360 hominum
1941 1297 2205 1372 vivebat,

124 1398 241 1442 nec
275 1388 409 1441 erat
449 1379 505 1440 ei
535 1382 869 1441 verendum
909 1399 989 1442 ne
1016 1399 1166 1442 vera
1198 1382 1561 1457 praedicans
1604 1383 1682 1443 de
1726 1398 1796 1444 se
1825 1380 2001 1442 nimis
2041 1379 2201 1442 vide-

124 1473 299 1527 retur
319 1472 429 1525 aut
455 1463 730 1525 insolens
764 1472 868 1525 aut
898 1467 1147 1541 loquax.
1222 1465 1480 1541 Etenim,
1512 1473 1579 1527 ut
1606 1465 1690 1527 ait
1716 1468 2054 1539 HomeruS,
2089 1470 2109 1501 ‘
2129 1482 2207 1526 ex

126 1550 262 1610 eius
294 1549 503 1624 ling-ua
543 1550 721 1609 melle
755 1548 993 1609 dulcior
1030 1549 1264 1611 fluebat
1305 1550 1558 1625 oratio’‚
1603 1567 1784 1627 quam
1822 1552 1897 1612 ad
1942 1549 2208 1612 suavita·

126 1642 250 1695 tem
284 1632 465 1693 nullis
500 1632 720 1708 egebat
762 1632 1041 1708 corporis
1074 1632 1323 1696 viribus.
1399 1637 1474 1696 Et
1509 1643 1710 1696 tamen
1740 1636 1868 1696 dux
1899 1634 1999 1695 ille
2026 1635 2206 1700 Grae·

130 1716 263 1778 ciae
305 1733 611 1793 nusquam
658 1723 831 1792 optat
864 1724 930 1777 ut
968 1715 1173 1779 Aiacis
1217 1717 1444 1780 similes
1487 1720 1711 1780 habeat
1755 1721 2003 1793 decem,
2048 1725 2109 1778 at
2139 1725 2205 1778 ut

130 1800 440 1875 Nestoris,
496 1801 663 1876 quod
699 1799 753 1861 si
795 1799 912 1860 sibi
954 1800 1275 1878 acciderit,
1307 1820 1431 1865 non
1464 1803 1698 1865 dubitat
1728 1803 1870 1879 quin
1915 1801 2088 1864 brevi
2130 1801 2204 1863 sit

132 1884 315 1947 Troia
359 1884 646 1961 peritura.
736 1884 835 1946 32.
881 1885 1007 1947 Sed
1052 1887 1244 1949 redeo
1289 1888 1366 1947 ad
1412 1904 1529 1948 me.
1606 1890 1896 1963 Quartum
1941 1902 2057 1960 ago
2102 1902 2203 1945 an·

129 1987 280 2030 num
311 1977 374 2030 et
413 1967 891 2045 octogesimum,
944 1971 1159 2029 vellem
1204 1972 1488 2047 equidem
1519 1969 1680 2030 idem
1724 1985 1917 2043 posse
1958 1968 2207 2041 gloriari

133 2053 305 2130 quod
339 2054 569 2131 CyruS‚
623 2052 735 2114 sed
781 2059 978 2113 tamen
1018 2054 1141 2114 hoc
1172 2071 1336 2129 queo
1378 2053 1616 2126 dicere,
1666 2068 1789 2112 non
1832 2066 1929 2110 me
1960 2047 2204 2124 quidem

130 2137 204 2199 iis
235 2153 382 2198 esse
409 2135 672 2210 viribuS‚
731 2136 952 2212 quibus
979 2145 1084 2197 aut
1116 2137 1290 2197 miles
1317 2138 1477 2197 bello
1511 2135 1740 2197 Punico
1771 2140 1878 2194 aut
1915 2138 2213 2207 quaestor

133 2222 357 2283 eodem
396 2221 557 2281 bello
598 2228 703 2280 aut
744 2222 959 2282 consul
991 2220 1049 2280 in
1084 2219 1378 2297 Hispania
1414 2219 1626 2281 fuerim
1658 2226 1765 2281 aut
1806 2214 2206 2294 quadriennio

133 2312 314 2383 post,
378 2321 561 2380 quum
617 2303 895 2365 tribunus
952 2302 1222 2366 militaris
1283 2303 1632 2381 depugnavi
1691 2304 1852 2380 apud
1920 2302 2204 2362 Thermo·
2288 2343 2291 2348 -

134 2391 318 2467 pylas
358 2388 461 2447 Μ’.
507 2387 834 2449 Glabrione
882 2390 1168 2464 consule,
1233 2390 1345 2450 sed
1395 2397 1624 2461 tamen,
1688 2395 1756 2448 ut
1797 2404 1913 2448 vos
1964 2384 2206 2457 videtis

133 2490 260 2534 non
312 2472 496 2548 plane
546 2488 644 2531 me
695 2472 1013 2533 enervavit
1055 2488 1172 2532 nec
1215 2471 1453 2532 adflixit
1499 2478 1823 2544 senectus,
1874 2487 1997 2531 non
2042 2467 2207 2529 curia

131 2556 303 2617 vires
329 2571 498 2615 meas
530 2553 872 2628 desiderat,
919 2571 1041 2615 non
1073 2556 1328 2628 Rostra,
1375 2571 1499 2615 non
1528 2553 1733 2636 amici,
1776 2570 1900 2614 non
1934 2552 2207 2623 clienteS‚

135 2657 259 2701 non
289 2639 589 2715 hospites.
663 2641 788 2700 Nec
832 2637 991 2699 enim
1032 2656 1322 2714 umquam
1364 2654 1498 2699 sum
1544 2638 1852 2697 adsensus
1895 2634 2087 2694 veteri
2125 2633 2208 2692 illi

134 2724 518 2797 laudatoque
555 2720 918 2798 proverbio,
964 2724 1133 2798 quod
1169 2729 1378 2783 monet
1411 2727 1682 2783 ‘mature
1714 2717 1845 2778 fieri
1869 2733 2108 2788 senem,
2156 2714 2208 2776 si

137 2807 241 2869 diu
271 2806 427 2867 velis
461 2822 652 2867 senex
682 2810 871 2868 esse.’
947 2808 1077 2882 Ego
1115 2823 1266 2867 vero
1304 2821 1402 2865 me
1441 2803 1639 2865 minus
1684 2801 1788 2864 diu
1823 2818 2034 2863 senem
2066 2815 2209 2861 esse

135 2893 382 2952 mallem
416 2906 595 2965 quam
638 2906 781 2951 esse
813 2907 1024 2951 senem
1066 2897 1208 2969 ante
1246 2906 1429 2965 quam
1474 2904 1698 2950 essem.
1773 2887 1985 2963 Itaque
2025 2901 2207 2946 nemo

135 2976 341 3035 adhuc
377 2971 710 3035 convenire
741 2991 840 3034 me
867 2973 1062 3035 voluit
1094 2974 1188 3034 eui
1222 2972 1437 3034 fuerim
1470 2980 1828 3048 occupatus.
1897 2973 1983 3031 At
2010 2968 2208 3029 minus

137 3060 337 3120 babeo
383 3056 598 3118 virium
639 3074 819 3133 quam
861 3064 1133 3119 vestrum
1179 3056 1438 3118 utervis!
1529 3056 1628 3118 33.
1674 3057 1762 3117 Ne
1803 3073 1921 3116 vos
1966 3052 2211 3128 quidem

140 3144 204 3203 Τ.
226 3140 429 3203 Pontii
462 3140 835 3202 centurionis
865 3140 1029 3201 vires
1053 3141 1323 3201 habetis:
1355 3157 1498 3200 num
1521 3138 1751 3201 idcirco
1777 3146 1876 3199 est
1904 3136 2004 3195 ille
2038 3149 2213 3209 prae-

139 3225 443 3288 stantior?
514 3224 854 3286 Moderatio
898 3224 1082 3286 modo
1116 3224 1333 3285 virium
1375 3223 1536 3285 adsit
1567 3231 1629 3284 et
1656 3230 1887 3283 tantum
1920 3226 2212 3293 quantum

138 3317 351 3388 potest
381 3307 646 3385 quisque
682 3309 933 3382 nitatur,
987 3324 1066 3369 ne
1096 3307 1197 3369 ille
1227 3325 1351 3368 non
1387 3324 1608 3383 magno
1645 3301 1952 3365 desiderio
1986 3298 2214 3395 tenebi-

141 3405 236 3457 tur
259 3393 503 3454 virium.
585 3391 902 3469 Olympiae
930 3408 1042 3469 per
1072 3390 1337 3452 stadium
1370 3391 1688 3465 ingressus
1726 3401 1867 3446 esse
1892 3382 2036 3444 Milo
2069 3383 2212 3440 diei-
