<?xml version="1.0" encoding="UTF-8"?>
<!DOCTYPE html PUBLIC "-//W3C//DTD XHTML 1.0 Transitional//EN"
    "http://www.w3.org/TR/xhtml1/DTD/xhtml1-transitional.dtd">
<html xmlns="http://www.w3.org/1999/xhtml" xml:lang="en" lang="en">
 <head>
  <title>
</title>
<meta http-equiv="Content-Type" content="text/html;charset=utf-8" />
  <meta name='ocr-system' content='tesseract 3.04.00' />
  <meta name='ocr-capabilities' content='ocr_page ocr_carea ocr_par ocr_line ocrx_word'/>
</head>
<body>
  <div class='ocr_page' id='page_1' title='image "./scriptaquaemans01wesegoog_0408.png"; bbox 0 0 2381 3723; ppageno 0'>
   <div class='ocr_carea' id='block_1_1' title="bbox 186 132 2286 221">
    <p class='ocr_par' dir='ltr' id='par_1_1' title="bbox 186 132 2286 221">
     <span class='ocr_line' id='line_1_1' title="bbox 186 132 2286 221; baseline 0.001 -23"><span class='ocrx_word' id='word_1_1' title='bbox 186 133 314 199; x_wconf 82' lang='grc'>886</span> <span class='ocrx_word' id='word_1_2' title='bbox 607 133 914 194; x_wconf 83' lang='lat' dir='ltr'>INCERTI</span> <span class='ocrx_word' id='word_1_3' title='bbox 948 132 1337 196; x_wconf 81' lang='lat' dir='ltr'><strong>AUCTORIS</strong></span> <span class='ocrx_word' id='word_1_4' title='bbox 1372 132 1852 195; x_wconf 88' lang='lat' dir='ltr'>CONSOLATlO</span> <span class='ocrx_word' id='word_1_5' title='bbox 2180 145 2286 221; x_wconf 74' lang='lat'>19⁶</span> 
     </span>
    </p>
   </div>
   <div class='ocr_carea' id='block_1_2' title="bbox 164 282 2282 3467">
    <p class='ocr_par' dir='ltr' id='par_1_2' title="bbox 164 282 2282 3467">
     <span class='ocr_line' id='line_1_2' title="bbox 186 282 2282 362; baseline 0.001 -15"><span class='ocrx_word' id='word_1_6' title='bbox 186 302 304 362; x_wconf 90' lang='lat' dir='ltr'>spe</span> <span class='ocrx_word' id='word_1_7' title='bbox 336 285 455 346; x_wconf 86' lang='lat' dir='ltr'>iam</span> <span class='ocrx_word' id='word_1_8' title='bbox 499 285 852 362; x_wconf 85' lang='lat' dir='ltr'>propinqua</span> <span class='ocrx_word' id='word_1_9' title='bbox 899 284 1086 346; x_wconf 76' lang='lat' dir='ltr'>futuri</span> <span class='ocrx_word' id='word_1_10' title='bbox 1132 282 1292 345; x_wconf 86' lang='lat' dir='ltr'>boni</span> <span class='ocrx_word' id='word_1_11' title='bbox 1311 293 1669 346; x_wconf 88' lang='lat' dir='ltr'>recreantur</span> <span class='ocrx_word' id='word_1_12' title='bbox 1708 291 1772 348; x_wconf 89' lang='lat' dir='ltr'>et</span> <span class='ocrx_word' id='word_1_13' title='bbox 1810 287 2073 351; x_wconf 84' lang='lat' dir='ltr'>aluntur.</span> <span class='ocrx_word' id='word_1_14' title='bbox 2148 286 2282 349; x_wconf 88' lang='lat' dir='ltr'>Sed</span> 
     </span>
     <span class='ocr_line' id='line_1_3' title="bbox 186 368 2281 446; baseline 0.001 -17"><span class='ocrx_word' id='word_1_15' title='bbox 186 368 400 430; x_wconf 89' lang='lat' dir='ltr'>nescio</span> <span class='ocrx_word' id='word_1_16' title='bbox 446 369 552 446; x_wconf 91' lang='lat' dir='ltr'>qui</span> <span class='ocrx_word' id='word_1_17' title='bbox 594 387 712 431; x_wconf 88' lang='lat' dir='ltr'>nos</span> <span class='ocrx_word' id='word_1_18' title='bbox 767 375 970 430; x_wconf 73' lang='lat' dir='ltr'>teneat</span> <span class='ocrx_word' id='word_1_19' title='bbox 1010 383 1186 430; x_wconf 86' lang='lat' dir='ltr'>error</span> <span class='ocrx_word' id='word_1_20' title='bbox 1213 375 1321 429; x_wconf 88' lang='lat' dir='ltr'>aut</span> <span class='ocrx_word' id='word_1_21' title='bbox 1368 368 1731 430; x_wconf 85' lang='lat' dir='ltr'>miserabilis</span> <span class='ocrx_word' id='word_1_22' title='bbox 1759 368 2062 446; x_wconf 82' lang='lat' dir='ltr'><strong>ignoratio</strong></span> <span class='ocrx_word' id='word_1_23' title='bbox 2116 372 2281 432; x_wconf 79' lang='lat' dir='ltr'>veri.</span> 
     </span>
     <span class='ocr_line' id='line_1_4' title="bbox 184 452 2281 532; baseline 0.001 -18"><span class='ocrx_word' id='word_1_24' title='bbox 184 455 319 514; x_wconf 85' lang='lat' dir='ltr'>Non</span> <span class='ocrx_word' id='word_1_25' title='bbox 357 454 517 514; x_wconf 87' lang='lat' dir='ltr'>enim</span> <span class='ocrx_word' id='word_1_26' title='bbox 550 461 720 515; x_wconf 85' lang='lat' dir='ltr'>tanto</span> <span class='ocrx_word' id='word_1_27' title='bbox 759 468 952 529; x_wconf 83' lang='lat' dir='ltr'>opere</span> <span class='ocrx_word' id='word_1_28' title='bbox 990 452 1173 514; x_wconf 80' lang='lat' dir='ltr'>bonis</span> <span class='ocrx_word' id='word_1_29' title='bbox 1199 453 1585 515; x_wconf 78' lang='lat' dir='ltr'><strong>delectamur</strong></span> <span class='ocrx_word' id='word_1_30' title='bbox 1614 469 1800 529; x_wconf 85' lang='lat' dir='ltr'>quam</span> <span class='ocrx_word' id='word_1_31' title='bbox 1831 454 2003 516; x_wconf 87' lang='lat' dir='ltr'>malis</span> <span class='ocrx_word' id='word_1_32' title='bbox 2034 454 2281 532; x_wconf 85' lang='lat' dir='ltr'>adfligi·</span> 
     </span>
     <span class='ocr_line' id='line_1_5' title="bbox 186 536 2281 613; baseline 0.002 -17"><span class='ocrx_word' id='word_1_33' title='bbox 186 553 340 597; x_wconf 87' lang='lat' dir='ltr'>mur.</span> <span class='ocrx_word' id='word_1_34' title='bbox 420 538 512 597; x_wconf 85' lang='lat' dir='ltr'>Ex</span> <span class='ocrx_word' id='word_1_35' title='bbox 556 553 680 612; x_wconf 90' lang='lat' dir='ltr'>quo</span> <span class='ocrx_word' id='word_1_36' title='bbox 711 537 781 598; x_wconf 83' lang='lat' dir='ltr'>fit</span> <span class='ocrx_word' id='word_1_37' title='bbox 820 543 887 597; x_wconf 89' lang='grc' dir='ltr'>ιιι</span> <span class='ocrx_word' id='word_1_38' title='bbox 928 537 1083 597; x_wconf 83' lang='lat' dir='ltr'>haec</span> <span class='ocrx_word' id='word_1_39' title='bbox 1125 536 1307 598; x_wconf 89' lang='lat' dir='ltr'>etiam</span> <span class='ocrx_word' id='word_1_40' title='bbox 1347 539 1630 599; x_wconf 79' lang='lat' dir='ltr'>nolentes</span> <span class='ocrx_word' id='word_1_41' title='bbox 1671 553 2050 613; x_wconf 75' lang='lat' dir='ltr'>augeamuS,</span> <span class='ocrx_word' id='word_1_42' title='bbox 2106 540 2281 600; x_wconf 78' lang='lat' dir='ltr'>bona</span> 
     </span>
     <span class='ocr_line' id='line_1_6' title="bbox 185 619 2278 697; baseline 0.002 -17"><span class='ocrx_word' id='word_1_43' title='bbox 185 629 422 694; x_wconf 88' lang='lat' dir='ltr'>autem,</span> <span class='ocrx_word' id='word_1_44' title='bbox 473 637 633 694; x_wconf 86' lang='lat' dir='ltr'>quae</span> <span class='ocrx_word' id='word_1_45' title='bbox 660 622 952 696; x_wconf 78' lang='lat' dir='ltr'>fruendo,</span> <span class='ocrx_word' id='word_1_46' title='bbox 989 620 1350 697; x_wconf 83' lang='lat' dir='ltr'>cogitando,</span> <span class='ocrx_word' id='word_1_47' title='bbox 1391 622 1728 697; x_wconf 77' lang='lat' dir='ltr'>gaudendo</span> <span class='ocrx_word' id='word_1_48' title='bbox 1760 621 1996 683; x_wconf 87' lang='lat' dir='ltr'>maiora</span> <span class='ocrx_word' id='word_1_49' title='bbox 2016 619 2278 684; x_wconf 74' lang='lat' dir='ltr'>efficere</span> 
     </span>
     <span class='ocr_line' id='line_1_7' title="bbox 183 703 2274 783; baseline 0.002 -19"><span class='ocrx_word' id='word_1_50' title='bbox 183 704 537 779; x_wconf 76' lang='lat' dir='ltr'>expediret,</span> <span class='ocrx_word' id='word_1_51' title='bbox 570 703 752 764; x_wconf 85' lang='lat' dir='ltr'>etiam</span> <span class='ocrx_word' id='word_1_52' title='bbox 784 705 1169 767; x_wconf 82' lang='lat' dir='ltr'>deteramus:</span> <span class='ocrx_word' id='word_1_53' title='bbox 1217 705 1384 781; x_wconf 87' lang='lat' dir='ltr'>quod</span> <span class='ocrx_word' id='word_1_54' title='bbox 1430 712 1599 766; x_wconf 88' lang='lat' dir='ltr'>certe</span> <span class='ocrx_word' id='word_1_55' title='bbox 1634 704 1880 768; x_wconf 87' lang='lat' dir='ltr'>minime</span> <span class='ocrx_word' id='word_1_56' title='bbox 1926 713 2274 783; x_wconf 81' lang='lat' dir='ltr'>oporteret.</span> 
     </span>
     <span class='ocr_line' id='line_1_8' title="bbox 183 787 2272 866; baseline 0.002 -18"><span class='ocrx_word' id='word_1_57' title='bbox 183 788 366 859; x_wconf 85' lang='lat' dir='ltr'>Nam,</span> <span class='ocrx_word' id='word_1_58' title='bbox 423 787 478 848; x_wconf 91' lang='lat' dir='ltr'>si</span> <span class='ocrx_word' id='word_1_59' title='bbox 507 787 674 849; x_wconf 89' lang='lat' dir='ltr'>serio</span> <span class='ocrx_word' id='word_1_60' title='bbox 708 787 1026 863; x_wconf 82' lang='lat' dir='ltr'>disputare</span> <span class='ocrx_word' id='word_1_61' title='bbox 1065 792 1383 862; x_wconf 81' lang='lat' dir='ltr'>volumus,</span> <span class='ocrx_word' id='word_1_62' title='bbox 1442 806 1554 850; x_wconf 89' lang='lat' dir='ltr'>cur</span> <span class='ocrx_word' id='word_1_63' title='bbox 1596 789 1849 851; x_wconf 84' lang='lat' dir='ltr'>dolores</span> <span class='ocrx_word' id='word_1_64' title='bbox 1891 804 2127 866; x_wconf 88' lang='lat' dir='ltr'>resque</span> <span class='ocrx_word' id='word_1_65' title='bbox 2167 793 2272 852; x_wconf 78' lang='lat' dir='ltr'>ad-</span> 
     </span>
     <span class='ocr_line' id='line_1_9' title="bbox 181 872 2273 950; baseline 0.002 -20"><span class='ocrx_word' id='word_1_66' title='bbox 181 887 399 932; x_wconf 88' lang='lat' dir='ltr'>versas</span> <span class='ocrx_word' id='word_1_67' title='bbox 442 872 855 949; x_wconf 74' lang='lat' dir='ltr'>refugiamus,</span> <span class='ocrx_word' id='word_1_68' title='bbox 907 890 1071 948; x_wconf 86' lang='lat' dir='ltr'>quae</span> <span class='ocrx_word' id='word_1_69' title='bbox 1111 872 1529 935; x_wconf 73' lang='lat' dir='ltr'>fortitudinem</span> <span class='ocrx_word' id='word_1_70' title='bbox 1574 872 1634 934; x_wconf 92' lang='lat' dir='ltr'>in</span> <span class='ocrx_word' id='word_1_71' title='bbox 1676 873 1858 936; x_wconf 81' lang='lat' dir='ltr'>nobis</span> <span class='ocrx_word' id='word_1_72' title='bbox 1898 873 2165 950; x_wconf 85' lang='lat' dir='ltr'>gignunt</span> <span class='ocrx_word' id='word_1_73' title='bbox 2211 884 2273 935; x_wconf 89' lang='lat' dir='ltr'>et</span> 
     </span>
     <span class='ocr_line' id='line_1_10' title="bbox 180 955 2270 1034; baseline 0.001 -18"><span class='ocrx_word' id='word_1_74' title='bbox 180 955 497 1016; x_wconf 75' lang='lat' dir='ltr'>efficiunt?</span> <span class='ocrx_word' id='word_1_75' title='bbox 582 956 688 1018; x_wconf 82' lang='lat'>56.</span> <span class='ocrx_word' id='word_1_76' title='bbox 733 958 903 1033; x_wconf 75' lang='lat' dir='ltr'>Quae</span> <span class='ocrx_word' id='word_1_77' title='bbox 946 958 1000 1018; x_wconf 91' lang='lat' dir='ltr'>si</span> <span class='ocrx_word' id='word_1_78' title='bbox 1043 959 1215 1017; x_wconf 86' lang='lat' dir='ltr'>nulla</span> <span class='ocrx_word' id='word_1_79' title='bbox 1264 964 1507 1031; x_wconf 83' lang='lat' dir='ltr'>essent,</span> <span class='ocrx_word' id='word_1_80' title='bbox 1564 959 1732 1019; x_wconf 83' lang='lat' dir='ltr'>nulla</span> <span class='ocrx_word' id='word_1_81' title='bbox 1778 960 2059 1034; x_wconf 74' lang='lat' dir='ltr'>profecto</span> <span class='ocrx_word' id='word_1_82' title='bbox 2112 959 2270 1019; x_wconf 80' lang='lat' dir='ltr'>forti·</span> 
     </span>
     <span class='ocr_line' id='line_1_11' title="bbox 180 1040 2269 1117; baseline 0.001 -18"><span class='ocrx_word' id='word_1_83' title='bbox 180 1040 331 1101; x_wconf 89' lang='lat' dir='ltr'>tudo</span> <span class='ocrx_word' id='word_1_84' title='bbox 369 1048 833 1116; x_wconf 78' lang='lat' dir='ltr'>agnosceretur.</span> <span class='ocrx_word' id='word_1_85' title='bbox 876 1042 1027 1102; x_wconf 10' lang='lat' dir='ltr'>,Gur</span> <span class='ocrx_word' id='word_1_86' title='bbox 1067 1047 1328 1103; x_wconf 79' lang='lat' dir='ltr'>mortem</span> <span class='ocrx_word' id='word_1_87' title='bbox 1358 1042 1751 1115; x_wconf 81' lang='lat' dir='ltr'>horreamus,</span> <span class='ocrx_word' id='word_1_88' title='bbox 1785 1058 1964 1117; x_wconf 83' lang='lat' dir='ltr'>-quae</span> <span class='ocrx_word' id='word_1_89' title='bbox 2005 1043 2269 1104; x_wconf 78' lang='lat' dir='ltr'>adsidua</span> 
     </span>
     <span class='ocr_line' id='line_1_12' title="bbox 183 1123 2259 1202; baseline 0 -17"><span class='ocrx_word' id='word_1_90' title='bbox 183 1123 279 1185; x_wconf 92' lang='lat' dir='ltr'>sui</span> <span class='ocrx_word' id='word_1_91' title='bbox 320 1124 617 1187; x_wconf 90' lang='lat' dir='ltr'>memoria</span> <span class='ocrx_word' id='word_1_92' title='bbox 657 1140 775 1185; x_wconf 88' lang='lat' dir='ltr'>nos</span> <span class='ocrx_word' id='word_1_93' title='bbox 822 1132 890 1186; x_wconf 83' lang='lat' dir='ltr'>ut</span> <span class='ocrx_word' id='word_1_94' title='bbox 928 1123 1218 1188; x_wconf 81' lang='lat' dir='ltr'>meliores</span> <span class='ocrx_word' id='word_1_95' title='bbox 1261 1125 1454 1187; x_wconf 88' lang='lat' dir='ltr'>simus</span> <span class='ocrx_word' id='word_1_96' title='bbox 1498 1126 1827 1187; x_wconf 77' lang='lat' dir='ltr'>admonet?</span> <span class='ocrx_word' id='word_1_97' title='bbox 1879 1141 1997 1187; x_wconf 91' lang='lat' dir='ltr'>nec</span> <span class='ocrx_word' id='word_1_98' title='bbox 2040 1128 2259 1202; x_wconf 78' lang='lat' dir='ltr'>patitur</span> 
     </span>
     <span class='ocr_line' id='line_1_13' title="bbox 181 1208 2267 1286; baseline 0.001 -19"><span class='ocrx_word' id='word_1_99' title='bbox 181 1208 261 1267; x_wconf 89' lang='lat' dir='ltr'>ad</span> <span class='ocrx_word' id='word_1_100' title='bbox 291 1223 367 1268; x_wconf 88' lang='lat' dir='ltr'>ea</span> <span class='ocrx_word' id='word_1_101' title='bbox 396 1225 513 1270; x_wconf 85' lang='lat' dir='ltr'>nos</span> <span class='ocrx_word' id='word_1_102' title='bbox 554 1208 822 1270; x_wconf 87' lang='lat' dir='ltr'>animum</span> <span class='ocrx_word' id='word_1_103' title='bbox 864 1208 1233 1285; x_wconf 81' lang='lat' dir='ltr'>adiungere,</span> <span class='ocrx_word' id='word_1_104' title='bbox 1275 1226 1438 1286; x_wconf 87' lang='lat' dir='ltr'>quae</span> <span class='ocrx_word' id='word_1_105' title='bbox 1464 1210 1729 1285; x_wconf 78' lang='lat' dir='ltr'>aliquam</span> <span class='ocrx_word' id='word_1_106' title='bbox 1772 1208 2005 1271; x_wconf 87' lang='lat' dir='ltr'>nomini</span> <span class='ocrx_word' id='word_1_107' title='bbox 2046 1218 2267 1271; x_wconf 87' lang='lat' dir='ltr'>nostro</span> 
     </span>
     <span class='ocr_line' id='line_1_14' title="bbox 164 1291 2264 1370; baseline 0.002 -21"><span class='ocrx_word' id='word_1_108' title='bbox 164 1293 280 1352; x_wconf 85' lang='lat' dir='ltr'>·vel</span> <span class='ocrx_word' id='word_1_109' title='bbox 337 1291 841 1370; x_wconf 66' lang='lat' dir='ltr'>intemperantiae</span> <span class='ocrx_word' id='word_1_110' title='bbox 899 1295 998 1353; x_wconf 88' lang='lat' dir='ltr'>vel</span> <span class='ocrx_word' id='word_1_111' title='bbox 1046 1293 1379 1355; x_wconf 81' lang='lat' dir='ltr'>iniustitiae</span> <span class='ocrx_word' id='word_1_112' title='bbox 1440 1301 1644 1356; x_wconf 90' lang='lat' dir='ltr'>notam</span> <span class='ocrx_word' id='word_1_113' title='bbox 1703 1293 1948 1368; x_wconf 88' lang='lat' dir='ltr'>possint</span> <span class='ocrx_word' id='word_1_114' title='bbox 1995 1292 2264 1355; x_wconf 85' lang='lat' dir='ltr'>inurere.</span> 
     </span>
     <span class='ocr_line' id='line_1_15' title="bbox 180 1363 2266 1454; baseline 0.001 -18"><span class='ocrx_word' id='word_1_115' title='bbox 180 1363 358 1436; x_wconf 79' lang='lat' dir='ltr'>Bona</span> <span class='ocrx_word' id='word_1_116' title='bbox 384 1392 536 1438; x_wconf 83' lang='lat' dir='ltr'>vero</span> <span class='ocrx_word' id='word_1_117' title='bbox 568 1384 632 1438; x_wconf 89' lang='lat' dir='ltr'>et</span> <span class='ocrx_word' id='word_1_118' title='bbox 656 1393 763 1451; x_wconf 84' lang='lat' dir='ltr'>ea,</span> <span class='ocrx_word' id='word_1_119' title='bbox 799 1394 957 1452; x_wconf 91' lang='lat' dir='ltr'>quae</span> <span class='ocrx_word' id='word_1_120' title='bbox 990 1378 1331 1454; x_wconf 82' lang='lat' dir='ltr'>probantur</span> <span class='ocrx_word' id='word_1_121' title='bbox 1351 1376 1412 1437; x_wconf 91' lang='lat' dir='ltr'>in</span> <span class='ocrx_word' id='word_1_122' title='bbox 1434 1380 1687 1453; x_wconf 85' lang='lat' dir='ltr'>vulgus,</span> <span class='ocrx_word' id='word_1_123' title='bbox 1725 1393 1835 1438; x_wconf 86' lang='lat' dir='ltr'>cur</span> <span class='ocrx_word' id='word_1_124' title='bbox 1864 1384 2038 1440; x_wconf 84' lang='lat' dir='ltr'>tanto</span> <span class='ocrx_word' id='word_1_125' title='bbox 2071 1394 2266 1453; x_wconf 87' lang='lat' dir='ltr'>opere</span> 
     </span>
     <span class='ocr_line' id='line_1_16' title="bbox 181 1459 2261 1539; baseline 0.002 -20"><span class='ocrx_word' id='word_1_126' title='bbox 181 1461 589 1536; x_wconf 72' lang='lat' dir='ltr'>appetamus?</span> <span class='ocrx_word' id='word_1_127' title='bbox 652 1476 809 1536; x_wconf 88' lang='lat' dir='ltr'>quae</span> <span class='ocrx_word' id='word_1_128' title='bbox 856 1459 1178 1523; x_wconf 83' lang='lat' dir='ltr'>consecuti</span> <span class='ocrx_word' id='word_1_129' title='bbox 1230 1460 1541 1522; x_wconf 83' lang='lat' dir='ltr'>molliores</span> <span class='ocrx_word' id='word_1_130' title='bbox 1586 1462 2055 1539; x_wconf 82' lang='lat' dir='ltr'>plerumqueac</span> <span class='ocrx_word' id='word_1_131' title='bbox 2097 1463 2261 1523; x_wconf 85' lang='lat' dir='ltr'>dete-</span> 
     </span>
     <span class='ocr_line' id='line_1_17' title="bbox 178 1542 2262 1621; baseline 0.001 -18"><span class='ocrx_word' id='word_1_132' title='bbox 178 1544 377 1603; x_wconf 88' lang='lat' dir='ltr'>riores</span> <span class='ocrx_word' id='word_1_133' title='bbox 434 1542 774 1605; x_wconf 88' lang='lat' dir='ltr'>evadimus.</span> <span class='ocrx_word' id='word_1_134' title='bbox 860 1546 1021 1606; x_wconf 86' lang='lat' dir='ltr'><strong>XVI.</strong></span> <span class='ocrx_word' id='word_1_135' title='bbox 1075 1546 1178 1606; x_wconf 83' lang='lat'>57.</span> <span class='ocrx_word' id='word_1_136' title='bbox 1266 1547 1481 1621; x_wconf 84' lang='lat' dir='ltr'>ltaque</span> <span class='ocrx_word' id='word_1_137' title='bbox 1515 1545 1609 1606; x_wconf 81' lang='lat' dir='ltr'>his</span> <span class='ocrx_word' id='word_1_138' title='bbox 1656 1547 2045 1621; x_wconf 83' lang='lat' dir='ltr'>voluptatum</span> <span class='ocrx_word' id='word_1_139' title='bbox 2092 1546 2262 1606; x_wconf 88' lang='lat' dir='ltr'>leno-</span> 
     </span>
     <span class='ocr_line' id='line_1_18' title="bbox 181 1625 2262 1705; baseline 0.002 -21"><span class='ocrx_word' id='word_1_140' title='bbox 181 1625 354 1686; x_wconf 78' lang='lat' dir='ltr'>ciniis</span> <span class='ocrx_word' id='word_1_141' title='bbox 404 1625 747 1701; x_wconf 82' lang='lat' dir='ltr'>obruimur,</span> <span class='ocrx_word' id='word_1_142' title='bbox 797 1637 867 1689; x_wconf 90' lang='lat' dir='ltr'>ut</span> <span class='ocrx_word' id='word_1_143' title='bbox 915 1627 1266 1691; x_wconf 75' lang='lat' dir='ltr'>discessum</span> <span class='ocrx_word' id='word_1_144' title='bbox 1310 1646 1388 1690; x_wconf 88' lang='lat' dir='ltr'>ex</span> <span class='ocrx_word' id='word_1_145' title='bbox 1417 1629 1535 1688; x_wconf 86' lang='lat' dir='ltr'>hac</span> <span class='ocrx_word' id='word_1_146' title='bbox 1586 1628 1712 1689; x_wconf 71' lang='lat' dir='ltr'>vita</span> <span class='ocrx_word' id='word_1_147' title='bbox 1755 1628 2115 1705; x_wconf 83' lang='lat' dir='ltr'>impendere</span> <span class='ocrx_word' id='word_1_148' title='bbox 2158 1628 2262 1689; x_wconf 81' lang='lat' dir='ltr'>vix</span> 
     </span>
     <span class='ocr_line' id='line_1_19' title="bbox 178 1709 2261 1789; baseline 0.003 -21"><span class='ocrx_word' id='word_1_149' title='bbox 178 1709 510 1785; x_wconf 76' lang='lat' dir='ltr'>aliquando</span> <span class='ocrx_word' id='word_1_150' title='bbox 547 1712 966 1774; x_wconf 85' lang='lat' dir='ltr'>recordemur.</span> <span class='ocrx_word' id='word_1_151' title='bbox 1044 1712 1372 1788; x_wconf 86' lang='lat' dir='ltr'>Sapienter</span> <span class='ocrx_word' id='word_1_152' title='bbox 1417 1712 1927 1787; x_wconf 83' lang='lat' dir='ltr'>philosophorum</span> <span class='ocrx_word' id='word_1_153' title='bbox 1970 1712 2261 1789; x_wconf 83' lang='lat' dir='ltr'>princeps</span> 
     </span>
     <span class='ocr_line' id='line_1_20' title="bbox 179 1793 2257 1874; baseline 0.001 -20"><span class='ocrx_word' id='word_1_154' title='bbox 179 1801 241 1854; x_wconf 91' lang='lat' dir='ltr'>et</span> <span class='ocrx_word' id='word_1_155' title='bbox 268 1793 563 1871; x_wconf 75' lang='lat' dir='ltr'>magister</span> <span class='ocrx_word' id='word_1_156' title='bbox 588 1795 789 1857; x_wconf 87' lang='lat' dir='ltr'>Plato:</span> <span class='ocrx_word' id='word_1_157' title='bbox 844 1813 1003 1874; x_wconf 85' lang='lat' dir='ltr'>quae</span> <span class='ocrx_word' id='word_1_158' title='bbox 1043 1812 1269 1858; x_wconf 89' lang='lat' dir='ltr'>sensus</span> <span class='ocrx_word' id='word_1_159' title='bbox 1302 1794 1540 1874; x_wconf 89' lang='lat' dir='ltr'>appetit</span> <span class='ocrx_word' id='word_1_160' title='bbox 1576 1803 1682 1858; x_wconf 91' lang='lat' dir='ltr'>aut</span> <span class='ocrx_word' id='word_1_161' title='bbox 1710 1796 1882 1857; x_wconf 83' lang='lat' dir='ltr'>timet</span> <span class='ocrx_word' id='word_1_162' title='bbox 1913 1795 2061 1857; x_wconf 82' lang='lat' dir='ltr'>nihil</span> <span class='ocrx_word' id='word_1_163' title='bbox 2093 1796 2257 1858; x_wconf 87' lang='lat' dir='ltr'>aliud</span> 
     </span>
     <span class='ocr_line' id='line_1_21' title="bbox 179 1879 2260 1958; baseline -0 -17"><span class='ocrx_word' id='word_1_164' title='bbox 179 1895 323 1941; x_wconf 88' lang='lat' dir='ltr'>esse</span> <span class='ocrx_word' id='word_1_165' title='bbox 352 1896 535 1956; x_wconf 87' lang='lat' dir='ltr'>quam</span> <span class='ocrx_word' id='word_1_166' title='bbox 570 1881 843 1943; x_wconf 88' lang='lat' dir='ltr'>somnia:</span> <span class='ocrx_word' id='word_1_167' title='bbox 888 1883 1095 1958; x_wconf 87' lang='lat' dir='ltr'>itaque</span> <span class='ocrx_word' id='word_1_168' title='bbox 1126 1879 1373 1958; x_wconf 82' lang='lat' dir='ltr'>penitus</span> <span class='ocrx_word' id='word_1_169' title='bbox 1399 1882 1852 1942; x_wconf 83' lang='lat' dir='ltr'>contemnenda</span> <span class='ocrx_word' id='word_1_170' title='bbox 1881 1897 2045 1943; x_wconf 89' lang='lat' dir='ltr'>esse.</span> <span class='ocrx_word' id='word_1_171' title='bbox 2097 1882 2260 1942; x_wconf 85' lang='lat' dir='ltr'>Mala</span> 
     </span>
     <span class='ocr_line' id='line_1_22' title="bbox 182 1964 2256 2042; baseline 0.002 -21"><span class='ocrx_word' id='word_1_172' title='bbox 182 1979 329 2024; x_wconf 88' lang='lat' dir='ltr'>vero</span> <span class='ocrx_word' id='word_1_173' title='bbox 367 1970 434 2024; x_wconf 91' lang='lat' dir='ltr'>ut</span> <span class='ocrx_word' id='word_1_174' title='bbox 456 1964 754 2041; x_wconf 81' lang='lat' dir='ltr'>vitentur,</span> <span class='ocrx_word' id='word_1_175' title='bbox 808 1967 884 2025; x_wconf 83' lang='lat' dir='ltr'>ad</span> <span class='ocrx_word' id='word_1_176' title='bbox 917 1975 1168 2028; x_wconf 88' lang='lat' dir='ltr'>aeterna</span> <span class='ocrx_word' id='word_1_177' title='bbox 1201 1966 1691 2042; x_wconf 87' lang='lat' dir='ltr'>properandum:</span> <span class='ocrx_word' id='word_1_178' title='bbox 1740 1982 1864 2040; x_wconf 90' lang='lat' dir='ltr'>quo</span> <span class='ocrx_word' id='word_1_179' title='bbox 1896 1965 2013 2026; x_wconf 89' lang='lat' dir='ltr'>nisi</span> <span class='ocrx_word' id='word_1_180' title='bbox 2045 1968 2256 2027; x_wconf 75' lang='lat' dir='ltr'>conlu-</span> 
     </span>
     <span class='ocr_line' id='line_1_23' title="bbox 175 2046 2256 2127; baseline 0.002 -22"><span class='ocrx_word' id='word_1_181' title='bbox 175 2046 339 2121; x_wconf 88' lang='lat' dir='ltr'>gias,</span> <span class='ocrx_word' id='word_1_182' title='bbox 395 2046 568 2109; x_wconf 80' lang='lat' dir='ltr'>vitari</span> <span class='ocrx_word' id='word_1_183' title='bbox 609 2066 941 2125; x_wconf 88' lang='lat' dir='ltr'>numquam</span> <span class='ocrx_word' id='word_1_184' title='bbox 984 2066 1199 2127; x_wconf 86' lang='lat' dir='ltr'>posse.</span> <span class='ocrx_word' id='word_1_185' title='bbox 1270 2052 1353 2110; x_wconf 86' lang='lat' dir='ltr'>At</span> <span class='ocrx_word' id='word_1_186' title='bbox 1397 2050 1476 2110; x_wconf 90' lang='lat' dir='ltr'>ad</span> <span class='ocrx_word' id='word_1_187' title='bbox 1524 2057 1775 2111; x_wconf 87' lang='lat' dir='ltr'>aeterna</span> <span class='ocrx_word' id='word_1_188' title='bbox 1815 2066 1894 2110; x_wconf 92' lang='lat' dir='ltr'>ne</span> <span class='ocrx_word' id='word_1_189' title='bbox 1935 2049 2256 2126; x_wconf 87' lang='lat' dir='ltr'>properari</span> 
     </span>
     <span class='ocr_line' id='line_1_24' title="bbox 179 2129 2253 2208; baseline 0 -17"><span class='ocrx_word' id='word_1_190' title='bbox 179 2129 424 2205; x_wconf 83' lang='lat' dir='ltr'>quidem</span> <span class='ocrx_word' id='word_1_191' title='bbox 471 2139 681 2207; x_wconf 88' lang='lat' dir='ltr'>potest</span> <span class='ocrx_word' id='word_1_192' title='bbox 720 2133 837 2195; x_wconf 91' lang='lat' dir='ltr'>nisi</span> <span class='ocrx_word' id='word_1_193' title='bbox 882 2141 1080 2195; x_wconf 89' lang='lat' dir='ltr'>morte</span> <span class='ocrx_word' id='word_1_194' title='bbox 1109 2133 1372 2195; x_wconf 89' lang='lat' dir='ltr'>ianitore</span> <span class='ocrx_word' id='word_1_195' title='bbox 1406 2150 1480 2194; x_wconf 88' lang='lat' dir='ltr'>ac</span> <span class='ocrx_word' id='word_1_196' title='bbox 1526 2135 1704 2195; x_wconf 88' lang='lat' dir='ltr'>duce.</span> <span class='ocrx_word' id='word_1_197' title='bbox 1791 2132 1895 2193; x_wconf 89' lang='lat'>58.</span> <span class='ocrx_word' id='word_1_198' title='bbox 1948 2134 2253 2208; x_wconf 81' lang='lat' dir='ltr'>Quorsum</span> 
     </span>
     <span class='ocr_line' id='line_1_25' title="bbox 176 2213 2252 2292; baseline 0.001 -20"><span class='ocrx_word' id='word_1_199' title='bbox 176 2213 369 2274; x_wconf 80' lang='lat' dir='ltr'>haec?</span> <span class='ocrx_word' id='word_1_200' title='bbox 411 2223 480 2275; x_wconf 92' lang='lat' dir='ltr'>ut</span> <span class='ocrx_word' id='word_1_201' title='bbox 507 2215 915 2291; x_wconf 82' lang='lat' dir='ltr'>intelligamus</span> <span class='ocrx_word' id='word_1_202' title='bbox 946 2234 1070 2278; x_wconf 92' lang='lat' dir='ltr'>non</span> <span class='ocrx_word' id='word_1_203' title='bbox 1105 2217 1291 2279; x_wconf 89' lang='lat' dir='ltr'>modo</span> <span class='ocrx_word' id='word_1_204' title='bbox 1324 2233 1364 2277; x_wconf 89' lang='lat' dir='ltr'>a</span> <span class='ocrx_word' id='word_1_205' title='bbox 1394 2218 1609 2278; x_wconf 87' lang='lat' dir='ltr'>dolore</span> <span class='ocrx_word' id='word_1_206' title='bbox 1639 2233 1929 2290; x_wconf 80' lang='lat' dir='ltr'>vacuam,</span> <span class='ocrx_word' id='word_1_207' title='bbox 1964 2217 2252 2292; x_wconf 83' lang='lat' dir='ltr'>quietam,</span> 
     </span>
     <span class='ocr_line' id='line_1_26' title="bbox 176 2299 2253 2377; baseline 0.001 -20"><span class='ocrx_word' id='word_1_208' title='bbox 176 2306 616 2373; x_wconf 79' lang='lat' dir='ltr'>opportunam,</span> <span class='ocrx_word' id='word_1_209' title='bbox 664 2299 889 2359; x_wconf 86' lang='lat' dir='ltr'>bonam</span> <span class='ocrx_word' id='word_1_210' title='bbox 922 2300 1185 2377; x_wconf 89' lang='lat' dir='ltr'>denique</span> <span class='ocrx_word' id='word_1_211' title='bbox 1217 2317 1363 2362; x_wconf 84' lang='lat' dir='ltr'>esse</span> <span class='ocrx_word' id='word_1_212' title='bbox 1392 2309 1681 2374; x_wconf 89' lang='lat' dir='ltr'>mortem,</span> <span class='ocrx_word' id='word_1_213' title='bbox 1723 2301 1836 2362; x_wconf 87' lang='lat' dir='ltr'>sed</span> <span class='ocrx_word' id='word_1_214' title='bbox 1870 2300 2048 2360; x_wconf 82' lang='lat' dir='ltr'>etiam</span> <span class='ocrx_word' id='word_1_215' title='bbox 2093 2317 2253 2362; x_wconf 88' lang='lat' dir='ltr'>sum-</span> 
     </span>
     <span class='ocr_line' id='line_1_27' title="bbox 175 2382 2251 2458; baseline 0.003 -19"><span class='ocrx_word' id='word_1_216' title='bbox 175 2395 412 2440; x_wconf 87' lang='lat' dir='ltr'>morum</span> <span class='ocrx_word' id='word_1_217' title='bbox 434 2390 630 2458; x_wconf 83' lang='lat' dir='ltr'>atque</span> <span class='ocrx_word' id='word_1_218' title='bbox 661 2382 1088 2443; x_wconf 83' lang='lat' dir='ltr'>immortalium</span> <span class='ocrx_word' id='word_1_219' title='bbox 1120 2385 1427 2444; x_wconf 83' lang='lat' dir='ltr'>bonorum</span> <span class='ocrx_word' id='word_1_220' title='bbox 1457 2384 1765 2446; x_wconf 87' lang='lat' dir='ltr'>liberalem</span> <span class='ocrx_word' id='word_1_221' title='bbox 1805 2400 1878 2444; x_wconf 85' lang='lat' dir='ltr'>ac</span> <span class='ocrx_word' id='word_1_222' title='bbox 1907 2385 2251 2445; x_wconf 75' lang='lat' dir='ltr'>beneficam</span> 
     </span>
     <span class='ocr_line' id='line_1_28' title="bbox 174 2462 2255 2549; baseline 0.004 -28"><span class='ocrx_word' id='word_1_223' title='bbox 174 2462 525 2524; x_wconf 86' lang='lat' dir='ltr'>ministram.</span> <span class='ocrx_word' id='word_1_224' title='bbox 597 2467 811 2541; x_wconf 87' lang='lat' dir='ltr'>ltaque</span> <span class='ocrx_word' id='word_1_225' title='bbox 844 2465 992 2527; x_wconf 85' lang='lat' dir='ltr'>Cato</span> <span class='ocrx_word' id='word_1_226' title='bbox 1036 2466 1129 2528; x_wconf 90' lang='lat' dir='ltr'>sic</span> <span class='ocrx_word' id='word_1_227' title='bbox 1181 2484 1216 2527; x_wconf 93' lang='lat' dir='ltr'>e</span> <span class='ocrx_word' id='word_1_228' title='bbox 1265 2466 1391 2528; x_wconf 90' lang='lat' dir='ltr'>vita</span> <span class='ocrx_word' id='word_1_229' title='bbox 1433 2466 1773 2549; x_wconf 56' lang='lat' dir='ltr'>discessit„</span> <span class='ocrx_word' id='word_1_230' title='bbox 1803 2475 1873 2530; x_wconf 91' lang='lat' dir='ltr'>ut</span> <span class='ocrx_word' id='word_1_231' title='bbox 1921 2470 2255 2531; x_wconf 88' lang='lat' dir='ltr'>laetaretur</span> 
     </span>
     <span class='ocr_line' id='line_1_29' title="bbox 174 2551 2255 2615; baseline 0.003 -9"><span class='ocrx_word' id='word_1_232' title='bbox 174 2561 422 2607; x_wconf 89' lang='lat' dir='ltr'>causam</span> <span class='ocrx_word' id='word_1_233' title='bbox 452 2564 522 2609; x_wconf 89' lang='lat' dir='ltr'>se</span> <span class='ocrx_word' id='word_1_234' title='bbox 556 2557 797 2611; x_wconf 78' lang='lat' dir='ltr'>nactum</span> <span class='ocrx_word' id='word_1_235' title='bbox 836 2567 979 2612; x_wconf 89' lang='lat' dir='ltr'>esse</span> <span class='ocrx_word' id='word_1_236' title='bbox 1015 2552 1337 2613; x_wconf 88' lang='lat' dir='ltr'>moriendi.</span> <span class='ocrx_word' id='word_1_237' title='bbox 1411 2554 1536 2612; x_wconf 89' lang='lat' dir='ltr'>lam</span> <span class='ocrx_word' id='word_1_238' title='bbox 1571 2551 1796 2613; x_wconf 85' lang='lat' dir='ltr'>nemini</span> <span class='ocrx_word' id='word_1_239' title='bbox 1821 2552 2076 2614; x_wconf 88' lang='lat' dir='ltr'>dubium</span> <span class='ocrx_word' id='word_1_240' title='bbox 2107 2569 2255 2615; x_wconf 92' lang='lat' dir='ltr'>esse</span> 
     </span>
     <span class='ocr_line' id='line_1_30' title="bbox 175 2633 2251 2711; baseline 0.001 -19"><span class='ocrx_word' id='word_1_241' title='bbox 175 2638 379 2704; x_wconf 88' lang='lat' dir='ltr'>potest</span> <span class='ocrx_word' id='word_1_242' title='bbox 431 2633 572 2708; x_wconf 87' lang='lat' dir='ltr'>quin</span> <span class='ocrx_word' id='word_1_243' title='bbox 623 2634 714 2694; x_wconf 91' lang='lat' dir='ltr'>vir</span> <span class='ocrx_word' id='word_1_244' title='bbox 767 2634 1311 2711; x_wconf 80' lang='lat' dir='ltr'>prudentissimuS,</span> <span class='ocrx_word' id='word_1_245' title='bbox 1375 2634 1429 2696; x_wconf 90' lang='lat' dir='ltr'>si</span> <span class='ocrx_word' id='word_1_246' title='bbox 1481 2653 1594 2697; x_wconf 86' lang='lat' dir='ltr'>sua</span> <span class='ocrx_word' id='word_1_247' title='bbox 1645 2643 1842 2697; x_wconf 82' lang='lat' dir='ltr'>morte</span> <span class='ocrx_word' id='word_1_248' title='bbox 1889 2636 2251 2710; x_wconf 85' lang='lat' dir='ltr'>laetabatur,</span> 
     </span>
     <span class='ocr_line' id='line_1_31' title="bbox 174 2718 2252 2795; baseline 0.003 -21"><span class='ocrx_word' id='word_1_249' title='bbox 174 2724 428 2777; x_wconf 88' lang='lat' dir='ltr'>mortem</span> <span class='ocrx_word' id='word_1_250' title='bbox 472 2719 650 2779; x_wconf 82' lang='lat' dir='ltr'>etiam</span> <span class='ocrx_word' id='word_1_251' title='bbox 695 2718 988 2795; x_wconf 87' lang='lat' dir='ltr'>optimam</span> <span class='ocrx_word' id='word_1_252' title='bbox 1041 2735 1184 2781; x_wconf 88' lang='lat' dir='ltr'>esse</span> <span class='ocrx_word' id='word_1_253' title='bbox 1221 2727 1613 2795; x_wconf 83' lang='lat' dir='ltr'>agnosceret.</span> <span class='ocrx_word' id='word_1_254' title='bbox 1702 2719 1804 2781; x_wconf 88' lang='lat'>59.</span> <span class='ocrx_word' id='word_1_255' title='bbox 1857 2719 2037 2780; x_wconf 89' lang='lat' dir='ltr'>Certe</span> <span class='ocrx_word' id='word_1_256' title='bbox 2089 2720 2252 2780; x_wconf 90' lang='lat' dir='ltr'>enim</span> 
     </span>
     <span class='ocr_line' id='line_1_32' title="bbox 169 2797 2247 2880; baseline 0.002 -23"><span class='ocrx_word' id='word_1_257' title='bbox 169 2797 241 2858; x_wconf 84' lang='lat' dir='ltr'>in</span> <span class='ocrx_word' id='word_1_258' title='bbox 263 2816 329 2860; x_wconf 90' lang='lat' dir='ltr'>re</span> <span class='ocrx_word' id='word_1_259' title='bbox 365 2818 508 2876; x_wconf 91' lang='lat' dir='ltr'>sua,</span> <span class='ocrx_word' id='word_1_260' title='bbox 545 2819 703 2878; x_wconf 90' lang='lat' dir='ltr'>quae</span> <span class='ocrx_word' id='word_1_261' title='bbox 734 2802 1096 2880; x_wconf 75' lang='lat' dir='ltr'>praesertim</span> <span class='ocrx_word' id='word_1_262' title='bbox 1122 2819 1320 2864; x_wconf 78' lang='lat' dir='ltr'>sensu</span> <span class='ocrx_word' id='word_1_263' title='bbox 1354 2804 1755 2880; x_wconf 78' lang='lat' dir='ltr'>percipiatur,</span> <span class='ocrx_word' id='word_1_264' title='bbox 1793 2820 1974 2863; x_wconf 86' lang='lat' dir='ltr'>nemo</span> <span class='ocrx_word' id='word_1_265' title='bbox 2003 2804 2247 2865; x_wconf 80' lang='lat' dir='ltr'>fallitur.</span> 
     </span>
     <span class='ocr_line' id='line_1_33' title="bbox 171 2881 2249 2964; baseline 0.002 -22"><span class='ocrx_word' id='word_1_266' title='bbox 171 2881 345 2956; x_wconf 79' lang='lat' dir='ltr'>Quod</span> <span class='ocrx_word' id='word_1_267' title='bbox 379 2887 788 2961; x_wconf 88' lang='lat' dir='ltr'>comprobare</span> <span class='ocrx_word' id='word_1_268' title='bbox 823 2903 1080 2963; x_wconf 87' lang='lat' dir='ltr'>possum</span> <span class='ocrx_word' id='word_1_269' title='bbox 1115 2888 1444 2961; x_wconf 88' lang='lat' dir='ltr'>Artabani,</span> <span class='ocrx_word' id='word_1_270' title='bbox 1486 2887 1706 2948; x_wconf 83' lang='lat' dir='ltr'>Xerxis</span> <span class='ocrx_word' id='word_1_271' title='bbox 1737 2887 1971 2964; x_wconf 88' lang='lat' dir='ltr'>patrui,</span> <span class='ocrx_word' id='word_1_272' title='bbox 2009 2887 2122 2947; x_wconf 89' lang='lat' dir='ltr'>viri</span> <span class='ocrx_word' id='word_1_273' title='bbox 2154 2905 2249 2949; x_wconf 85' lang='lat' dir='ltr'>sa·</span> 
     </span>
     <span class='ocr_line' id='line_1_34' title="bbox 169 2965 2246 3047; baseline 0.003 -23"><span class='ocrx_word' id='word_1_274' title='bbox 169 2965 565 3042; x_wconf 89' lang='lat' dir='ltr'>pientissimi,</span> <span class='ocrx_word' id='word_1_275' title='bbox 595 2970 972 3033; x_wconf 89' lang='lat' dir='ltr'>testimonio.</span> <span class='ocrx_word' id='word_1_276' title='bbox 1047 2973 1134 3031; x_wconf 81' lang='lat' dir='ltr'>De</span> <span class='ocrx_word' id='word_1_277' title='bbox 1158 2989 1283 3046; x_wconf 90' lang='lat' dir='ltr'>quo</span> <span class='ocrx_word' id='word_1_278' title='bbox 1309 2977 1406 3032; x_wconf 89' lang='lat' dir='ltr'>est</span> <span class='ocrx_word' id='word_1_279' title='bbox 1428 2972 1595 3047; x_wconf 90' lang='lat' dir='ltr'>apud</span> <span class='ocrx_word' id='word_1_280' title='bbox 1617 2971 2021 3044; x_wconf 83' lang='lat' dir='ltr'>Herodotum,</span> <span class='ocrx_word' id='word_1_281' title='bbox 2058 2989 2246 3047; x_wconf 87' lang='lat' dir='ltr'>quum</span> 
     </span>
     <span class='ocr_line' id='line_1_35' title="bbox 167 3050 2243 3132; baseline 0.002 -23"><span class='ocrx_word' id='word_1_282' title='bbox 167 3050 409 3115; x_wconf 85' lang='lat' dir='ltr'>Xerxes</span> <span class='ocrx_word' id='word_1_283' title='bbox 439 3054 747 3116; x_wconf 87' lang='lat' dir='ltr'>exercitus</span> <span class='ocrx_word' id='word_1_284' title='bbox 785 3054 879 3114; x_wconf 92' lang='lat' dir='ltr'>sui</span> <span class='ocrx_word' id='word_1_285' title='bbox 921 3055 1133 3132; x_wconf 84' lang='lat' dir='ltr'>copias</span> <span class='ocrx_word' id='word_1_286' title='bbox 1165 3071 1367 3130; x_wconf 91' lang='lat' dir='ltr'>paene</span> <span class='ocrx_word' id='word_1_287' title='bbox 1399 3054 1871 3116; x_wconf 88' lang='lat' dir='ltr'>innumerabiles</span> <span class='ocrx_word' id='word_1_288' title='bbox 1912 3063 2055 3116; x_wconf 89' lang='lat' dir='ltr'>ante</span> <span class='ocrx_word' id='word_1_289' title='bbox 2083 3072 2156 3116; x_wconf 91' lang='lat' dir='ltr'>se</span> <span class='ocrx_word' id='word_1_290' title='bbox 2185 3055 2243 3114; x_wconf 90' lang='lat' dir='ltr'>in</span> 
     </span>
     <span class='ocr_line' id='line_1_36' title="bbox 168 3133 2242 3200; baseline 0.003 -8"><span class='ocrx_word' id='word_1_291' title='bbox 168 3133 359 3194; x_wconf 89' lang='lat' dir='ltr'>aciem</span> <span class='ocrx_word' id='word_1_292' title='bbox 409 3136 741 3199; x_wconf 85' lang='lat' dir='ltr'>instructas</span> <span class='ocrx_word' id='word_1_293' title='bbox 791 3137 1037 3200; x_wconf 90' lang='lat' dir='ltr'>intuens</span> <span class='ocrx_word' id='word_1_294' title='bbox 1086 3138 1534 3200; x_wconf 87' lang='lat' dir='ltr'>collacrimatus</span> <span class='ocrx_word' id='word_1_295' title='bbox 1583 3145 1753 3200; x_wconf 89' lang='lat' dir='ltr'>esset</span> <span class='ocrx_word' id='word_1_296' title='bbox 1806 3140 2112 3199; x_wconf 87' lang='lat' dir='ltr'>neminem</span> <span class='ocrx_word' id='word_1_297' title='bbox 2167 3156 2242 3199; x_wconf 83' lang='lat' dir='ltr'>ex</span> 
     </span>
     <span class='ocr_line' id='line_1_37' title="bbox 171 3219 2239 3297; baseline 0.004 -23"><span class='ocrx_word' id='word_1_298' title='bbox 171 3222 262 3276; x_wconf 88' lang='lat' dir='ltr'>tot</span> <span class='ocrx_word' id='word_1_299' title='bbox 312 3219 552 3282; x_wconf 86' lang='lat' dir='ltr'>milibus</span> <span class='ocrx_word' id='word_1_300' title='bbox 593 3222 672 3281; x_wconf 90' lang='lat' dir='ltr'>ad</span> <span class='ocrx_word' id='word_1_301' title='bbox 725 3230 966 3283; x_wconf 88' lang='lat' dir='ltr'>centum</span> <span class='ocrx_word' id='word_1_302' title='bbox 1016 3238 1215 3284; x_wconf 90' lang='lat' dir='ltr'>annos</span> <span class='ocrx_word' id='word_1_303' title='bbox 1274 3222 1664 3297; x_wconf 88' lang='lat' dir='ltr'>superstitem</span> <span class='ocrx_word' id='word_1_304' title='bbox 1718 3223 2015 3295; x_wconf 81' lang='lat' dir='ltr'>futurum,</span> <span class='ocrx_word' id='word_1_305' title='bbox 2074 3222 2239 3283; x_wconf 91' lang='lat' dir='ltr'>illum</span> 
     </span>
     <span class='ocr_line' id='line_1_38' title="bbox 167 3296 2240 3389; baseline 0.004 -33"><span class='ocrx_word' id='word_1_306' title='bbox 167 3296 357 3389; x_wconf 68' lang='lat' dir='ltr'>Xerxi</span> <span class='ocrx_word' id='word_1_307' title='bbox 387 3303 824 3376; x_wconf 86' lang='lat' dir='ltr'>respondisse:</span> <span class='ocrx_word' id='word_1_308' title='bbox 859 3306 944 3365; x_wconf 89' lang='lat' dir='ltr'>At</span> <span class='ocrx_word' id='word_1_309' title='bbox 975 3311 1095 3365; x_wconf 90' lang='lat' dir='ltr'>tam</span> <span class='ocrx_word' id='word_1_310' title='bbox 1121 3308 1309 3367; x_wconf 84' lang='lat' dir='ltr'>multa</span> <span class='ocrx_word' id='word_1_311' title='bbox 1330 3312 1477 3367; x_wconf 89' lang='lat' dir='ltr'>sunt</span> <span class='ocrx_word' id='word_1_312' title='bbox 1503 3313 1755 3381; x_wconf 86' lang='lat' dir='ltr'>tamque</span> <span class='ocrx_word' id='word_1_313' title='bbox 1783 3305 2041 3379; x_wconf 80' lang='lat' dir='ltr'>misera,</span> <span class='ocrx_word' id='word_1_314' title='bbox 2082 3321 2240 3381; x_wconf 83' lang='lat' dir='ltr'>quae</span> 
     </span>
     <span class='ocr_line' id='line_1_39' title="bbox 170 3385 2238 3467; baseline 0.008 -34"><span class='ocrx_word' id='word_1_315' title='bbox 170 3388 450 3439; x_wconf 79' lang='lat' dir='ltr'>viventes</span> <span class='ocrx_word' id='word_1_316' title='bbox 472 3385 817 3457; x_wconf 81' lang='lat' dir='ltr'>perferunt,</span> <span class='ocrx_word' id='word_1_317' title='bbox 856 3394 923 3445; x_wconf 89' lang='lat' dir='ltr'>ut</span> <span class='ocrx_word' id='word_1_318' title='bbox 945 3403 1125 3449; x_wconf 90' lang='lat' dir='ltr'>nemo</span> <span class='ocrx_word' id='word_1_319' title='bbox 1160 3387 1245 3449; x_wconf 88' lang='lat' dir='ltr'>sit</span> <span class='ocrx_word' id='word_1_320' title='bbox 1273 3388 1415 3463; x_wconf 88' lang='lat' dir='ltr'>quin</span> <span class='ocrx_word' id='word_1_321' title='bbox 1447 3388 1601 3450; x_wconf 90' lang='lat' dir='ltr'>mori</span> <span class='ocrx_word' id='word_1_322' title='bbox 1624 3388 1989 3465; x_wconf 88' lang='lat' dir='ltr'>saepissime</span> <span class='ocrx_word' id='word_1_323' title='bbox 2014 3388 2238 3467; x_wconf 85' lang='lat' dir='ltr'>cupiat,</span> 
     </span>
    </p>
   </div>
  </div>
 </body>
</html>
