2381 3723
111 134 240 197 390
534 133 611 192 IN
616 132 838 193 CERTI
868 130 1257 192 AUCTORIS
1294 128 1773 191 CONSOLATIO
2111 142 2221 193 200

110 285 171 346 in
204 284 278 346 iis
327 283 573 361 quidem
619 284 956 359 quidquam
991 282 1268 357 reperies
1320 282 1490 357 quod
1529 283 1712 342 valde
1752 289 2057 359 appetere
2107 292 2220 346 aut

109 370 464 446 approbare
495 368 725 445 possis.
792 367 983 442 Finge
1012 365 1174 426 enim
1204 366 1426 439 animo,
1462 365 1759 443 quidquid
1791 366 2025 427 homini
2059 370 2218 429 felix

109 461 219 516 aut
256 453 503 514 beatum
556 468 636 511 ex
678 451 970 528 opinione
1018 448 1249 525 vulgari
1299 450 1501 527 possit
1539 450 1599 511 in
1645 450 1771 510 vita
1819 450 2207 527 contingere,

110 545 528 613 congerantur
578 534 854 607 divitiae,
918 536 1082 596 bona
1144 536 1463 607 valetudo,
1529 535 1836 607 honoreS,
1900 537 2212 611 potentia,

109 621 289 682 etiam
328 622 678 696 voluptates
720 620 1047 679 accedant:
1104 636 1292 694 quum¹
1333 619 1487 679 haec
1529 618 1734 680 omnia
1775 618 1837 679 iu
1882 619 2210 681 hominem

109 704 475 775 contuleris,
527 701 672 763 nihil
721 711 925 763 tamen
971 702 1256 764 tribueris
1309 702 1546 764 stabile·
1569 710 1674 764 aut
1723 703 2003 777 firmum,
2055 704 2206 764 nihi-l

109 790 280 865 quod
318 804 443 849 non
486 786 869 864 repentinam
911 794 975 847 et
1015 786 1336 847 adsiduam
1380 788 1504 863 pati
1546 787 1945 849 mutationem
1975 788 2205 865 possit.

111 874 362 934 Caduca.
381 871 541 932 enim
573 878 635 932 et
661 870 898 931 incerta
927 878 1073 932 sunt
1103 870 1339 943 omnia,
1371 873 1495 933 non
1526 870 1586 931 in
1614 871 1897 938 humanis
1922 873 2201 934 consiliis

108 964 214 1018 aut
244 956 487 1018 viribus
512 957 746 1032 posim,
800 955 913 1015 sed
943 956 1001 1015 in
1044 956 1330 1036 fortunae
1369 955 1711 1016 temeritate
1740 971 1814 1016 ac
1847 963 2197 1033 temporum

109 1040 536 1103 vicissitudine
589 1038 940 1101 constituta.
1028 1038 1130 1099 70.
1188 1037 1344 1114 Quid
1406 1049 1611 1101 autem
1660 1037 1905 1103 homini.
1953 1042 2198 1118 turpius

110 1144 295 1201 quam
326 1142 362 1187 e
390 1124 691 1201 temporis
720 1141 794 1185 ac
833 1124 1118 1185 fortunae
1152 1123 1486 1186 mutatione
1516 1125 1792 1201 pendere
1822 1131 1885 1185 et
1914 1127 2196 1187 secundo

106 1210 270 1272 illius
314 1209 465 1271 flatu
501 1210 843 1281 sublevari,
896 1207 1119 1270 reflatu
1159 1208 1420 1284 deprimi
1467 1216 1530 1269 et
1572 1207 1828 1285 adfligi-2
1881 1218 1989 1272 aut
2023 1209 2199 1271 laetis

107 1312 312 1356 rerum
344 1292 582 1356 eventis
608 1293 886 1369 gloriari,
931 1292 1211 1366 adversis
1247 1294 1458 1370 lugere
1496 1308 1618 1353 nec
1655 1292 1921 1355 lacrimis
1965 1301 2197 1371 tempe·

111 1396 246 1440 rare
290 1381 523 1455 posse?
600 1378 757 1454 Quid
805 1378 924 1437 iam
973 1377 1215 1439 intersit
1262 1377 1424 1439 inter
1473 1375 1781 1439 hominem
1835 1385 2199 1453 mutamque

108 1465 443 1539 pecudem,
477 1463 530 1524 si
561 1479 681 1523 nos
719 1461 974 1537 perinde
1004 1468 1189 1537 atque
1217 1461 1348 1534 illa,
1386 1462 1609 1543 quibus
1641 1462 1944 1523 rationem
1976 1470 2197 1523 natura

109 1547 464 1623 denegavit,
516 1546 903 1606 extrinsecus
934 1545 1046 1607 toti
1077 1546 1488 1622 pendeamuS,
1542 1546 1602 1606 in
1633 1545 1814 1608 nobis
1854 1546 2013 1623 ipsis
2048 1546 2194 1608 nihil

108 1628 508 1703 fortitudinis,
574 1629 719 1690 nihil
776 1629 1106 1701 firmitatis,
1172 1629 1316 1689 nihil
1366 1631 1712 1692 habeamus
1765 1629 2195 1692 constantiae?

109 1712 398 1788 Quamvis
431 1712 591 1774 enim
620 1712 848 1774 homini
878 1731 998 1774 non
1034 1719 1256 1785 mater,
1291 1715 1404 1774 sed
1436 1716 1641 1776 verius
1675 1731 1948 1776 noverca
1972 1722 2194 1775 natura

109 1816 340 1877 corpus
373 1797 586 1876 fragile
622 1797 1054 1875 infirmumque
1080 1797 1431 1873 tradiderit,
1484 1799 1749 1861 animum
1789 1807 1993 1860 autem
2028 1806 2098 1860 et
2131 1798 2188 1858 in

109 1883 407 1945 molestiis
441 1883 687 1944 anxium
720 1883 863 1944 etin
897 1883 1112 1944 timore
1134 1882 1424 1943 humilem
1454 1891 1516 1965 et
1545 1885 1623 1944 ad
1648 1885 1896 1946 labores
1922 1886 2189 1955 mollem,
2229 1890 2246 1907 ‘

108 1970 408 2045 plurimos
442 1975 644 2030 tamen
683 1967 905 2028 insevit
947 1967 1188 2029 divinos
1235 1967 1464 2049 ingenii
1504 1968 1832 2044 iudiciique
1861 1968 2190 2045 igniculoS,

110 2070 372 2126 quorum
406 2048 634 2114 auxilio
667 2059 729 2112 et
759 2068 897 2113 cum
922 2053 1139 2112 dolore
1168 2051 1383 2112 luctari
1414 2060 1476 2114 et
1500 2052 1703 2114 timor-i
1737 2053 2074 2126 obsistere,
2110 2054 2189 2112 la-

105 2136 295 2197 bores
330 2153 478 2198 vero
512 2153 728 2198 omnes
775 2137 942 2197 nullo
975 2137 1225 2211 negotio
1261 2136 1516 2197 vincere·
1542 2152 1617 2197 ac
1657 2139 1933 2212 perferre
1971 2152 2190 2213 posse·

107 2237 265 2281 mus.
337 2221 552 2295 Itaque
583 2220 872 2280 tributum
911 2219 1199 2280 divinitus
1233 2221 1456 2280 mentis
1494 2221 1697 2296 ignem
1730 2227 1796 2280 et
1823 2220 2191 2296 prudentiae

107 2320 231 2365 non
259 2304 684 2380 exstinguere,
717 2303 830 2363 sed
855 2303 1122 2378 sopitum
1156 2304 1372 2364 fovere
1394 2310 1584 2378 atque
1607 2321 1836 2380 augere
1868 2304 2190 2364 debemus.

105 2386 235 2447 XX.
284 2388 384 2447 71.
428 2388 600 2448 Mors
624 2394 827 2446 autem
863 2387 1216 2462 progressis
1247 2387 1308 2446 in
1346 2387 1470 2469 vita
1502 2388 1746 2465 longius
1776 2387 1832 2449 si
1860 2387 2188 2457 immineat,

107 2470 251 2530 nihil
284 2479 381 2531 est
411 2487 522 2531 cur
561 2486 783 2544 magno
819 2486 1011 2546 opere
1049 2487 1580 2545 commoveamur,
1633 2488 1792 2548 quae
1822 2472 2191 2548 praesertim

104 2563 212 2616 aut
244 2552 591 2627 meliorem,
648 2571 832 2629 quam
876 2573 1000 2630 quo
1054 2554 1335 2616 viventes
1378 2555 1661 2630 fruimur,
1718 2563 1826 2618 aut
1860 2563 2028 2616 certe
2063 2572 2190 2616 non

106 2638 473 2700 deteriorem
505 2639 669 2699 vitae
703 2646 928 2699 statum
961 2639 1039 2701 sit
1067 2639 1365 2701 adlatura.
1438 2641 1594 2716 Quis
1624 2636 1785 2700 enim
1814 2638 2090 2715 negabit,
2139 2638 2192 2699 si

105 2725 346 2785 animus
400 2723 649 2784 omnino
708 2723 991 2796 intereat,
1055 2723 1363 2784 exstineto
1422 2741 1620 2788 sensu
1656 2723 1813 2784 nihil·
1853 2739 1997 2784 esse
2048 2721 2194 2782 mali

106 2814 563 2884 proptereaque
607 2809 829 2867 nullam
871 2808 1093 2868 iustam
1138 2807 1383 2868 doloris
1424 2823 1674 2870 causam
1716 2807 2054 2868 exsistere:
2107 2813 2188 2878 at,

105 2892 157 2952 si
192 2891 395 2966 vigeat
427 2907 695 2966 corpore
727 2892 967 2953 solutus
997 2907 1072 2951 ac
1103 2891 1285 2965 liber,
1319 2891 1466 2967 quid
1494 2892 1620 2952 iam
1644 2892 1745 2953 illa
1772 2889 2190 2962 vitabeatiu&

106 2973 254 3050 quid
288 2974 594 3036 divinius?
639 2991 718 3035 ex
762 2992 887 3051 quo
917 2973 1183 3036 maxima>
1221 2985 1282 3036 et
1313 2975 1642 3036 verissima¹
1667 2974 1932 3037 laetitiae
1976 2990 2052 3034 ac
2080 2990 2191 3034 vo·

104 3058 358 3135 luptatis
409 3059 686 3122 exoritur
726 3059 997 3121 occasim
1088 3058 1185 3120 72.
1228 3061 1452 3136 ltaque<
1488 3058 1633 3120 nihil
1675 3060 1798 3120 iam
1836 3064 2032 3119 restat
2051 3073 2190 3134 vquo

102 3146 304 3204 minus
349 3143 641 3220 optimam
690 3160 834 3204 esse
865 3150 1122 3204 mortem
1157 3160 1303 3205 vere
1334 3144 1661 3204 adfirmare
1703 3143 2024 3220 possimus
2057 3149 2189 3203 tan·

99 3232 355 3300 tumque
386 3225 641 3298 abesse,
687 3233 782 3298 ut,
827 3243 1014 3302 quum
1049 3228 1256 3301 adest,
1304 3228 1573 3288 dolenda
1604 3228 1713 3300 sit,
1756 3234 1826 3288 ut
1854 3241 2186 3302 numquam

105 3306 422 3381 fugienda,
475 3324 666 3381 saepe
701 3309 883 3368 etiam
916 3310 1188 3384 optanda
1245 3310 1549 3382 videatur,
1609 3316 1795 3386 atque
1837 3325 1915 3371 eo
1969 3309 2186 3384 magiS,

105 3405 229 3459 quo
256 3387 485 3446 diutius
513 3385 575 3445 in
603 3389 723 3448 vita
748 3391 930 3449 homo
954 3392 1379 3465 permanserit.
1456 3395 1633 3467 Nam,
1673 3410 1861 3470 quum
1883 3392 1958 3453 iis
1981 3391 2185 3464 bunia,
