2381 3723
226 118 299 173 ³3
896 110 1058 170 CAP.
1089 121 1283 173 2-4.
1329 120 1380 181 5.
1411 121 1638 175 8—15.
2180 112 2300 175 149

229 262 327 322 vel
368 262 614 321 fortuna
652 263 749 321 vel
797 260 1020 337 gloria,
1076 271 1145 323 ut
1185 261 1333 323 nihil
1367 270 1588 339 posset
1610 263 1941 337 accedere,
1999 262 2303 324 moriundi

226 351 436 407 autem
465 360 720 405 sensum
755 344 1036 406 celeritas
1079 345 1359 407 abstulit:
1425 362 1548 421 quo
1586 346 1665 406 de
1692 362 1921 421 genere
1954 346 2167 408 mortis
2197 346 2303 406 dis·

227 427 389 489 flcile
428 427 590 488 dictu
615 439 740 490 est:
787 427 934 504 quid
964 428 1244 492 homines
1275 428 1669 506 suspicentur
1689 427 1931 489 videtis.
2001 430 2138 489 Hoc
2158 446 2304 489 vere

226 521 432 572 tamen
476 510 618 572 licet
649 510 884 587 dicere,
941 514 1001 573 P.
1038 512 1314 589 Scipioni
1360 530 1438 580 ex
1479 512 1681 574 multis
1733 511 1981 584 diebus,
2042 530 2202 589 quos
2242 512 2302 573 in

223 595 353 656 vita
384 595 819 656 celeberrimos
850 596 1345 673 laetissimosque
1386 596 1638 671 viderit,
1686 595 1849 659 illum
1894 596 2054 658 diem
2100 595 2304 658 claris·

224 679 447 740 simum
487 677 707 752 fuisse,
763 697 950 754 quum
994 688 1214 742 senatu
1263 679 1515 742 dimisso
1563 674 1813 742 domu'm
1854 682 1933 741 ad
1969 697 2303 758 vesperum

222 764 524 824 reductus
556 769 653 823 est
684 779 720 822 a
748 763 1025 839 patribus
1058 764 1457 840 conscriptis,
1492 766 1724 841 populo
1758 767 2068 839 Romano,
2113 763 2302 828 sociis

225 855 289 908 et
318 846 546 907 Latinis
563 893 579 920 ,
611 845 808 922 pridie
839 863 1023 923 quam
1057 848 1332 909 excessit
1357 865 1393 909 e
1419 845 1576 921 vita,
1613 856 1680 910 ut
1702 865 1780 908 ex
1809 854 1931 910 tam
1957 850 2080 911 alto
2115 847 2301 924 digni·

224 930 370 992 tatis
405 931 604 1006 gradu
645 931 726 990 ad
759 946 1025 1008 superos
1073 932 1355 993 videatur
1389 931 1544 992 deos
1588 929 1794 1007 potius
1829 949 2012 1007 quam
2043 934 2121 992 ad
2154 932 2302 992 inse-

226 1031 336 1075 ros
359 1013 761 1090 pervenisse.
1992 1070 1993 1073 ,

352 1099 457 1157 IV.
511 1096 606 1157 13.
690 1099 904 1173 Neque
940 1097 1099 1159 enim
1134 1098 1453 1160 adsentior
1480 1097 1583 1170 iis,
1619 1097 1723 1174 qui
1754 1115 1953 1174 nuper
1980 1098 2134 1157 haec
2182 1096 2300 1159 dis-

227 1198 442 1243 serere
494 1190 861 1256 coeperunt,
931 1197 1070 1243 cum
1124 1182 1491 1258 corporibus
1543 1180 1722 1242 simul
1773 1180 2009 1242 animos
2059 1180 2303 1242 interire

227 1272 418 1340 atque
450 1262 652 1326 omnia
676 1272 870 1326 morte
900 1265 1109 1326 deleri.
1180 1267 1326 1327 Plus
1348 1266 1515 1342 apud
1546 1281 1641 1325 me
1674 1264 2066 1340 antiquorum
2096 1273 2276 1325 aucto

229 1349 377 1410 ritas
408 1350 600 1422 valet,
656 1350 756 1408 vel
801 1356 1152 1410 nostrorum
1197 1348 1528 1422 maiorum,
1581 1349 1684 1424 qui
1716 1347 1973 1411 mortuis
2016 1355 2138 1408 tam
2170 1348 2281 1408 reli

221 1432 406 1507 giosa
439 1431 573 1492 iura
605 1431 973 1507 tribuerunt,
1020 1434 1189 1509 quod
1220 1450 1343 1495 non
1385 1432 1679 1495 fecissent
1707 1434 2020 1509 profecto,
2070 1431 2125 1493 si
2160 1432 2303 1492 nihil

225 1517 308 1577 ad
340 1532 453 1576 eos
485 1516 793 1590 pertinere
819 1515 1285 1590 arbitrarentur,
1331 1519 1430 1577 vel
1469 1534 1714 1590 eorum,
1767 1515 1871 1593 qui
1901 1516 1960 1576 in
1995 1517 2111 1577 hac
2140 1525 2305 1577 terra

228 1602 479 1661 fuerunt
529 1615 937 1674 magnamque
976 1599 1323 1674 Graeciam,
1387 1618 1548 1675 quae
1592 1618 1755 1662 nunc
1812 1599 2054 1676 quidem
2101 1601 2304 1661 deleta

230 1691 356 1754 est,
417 1690 547 1742 tum
583 1682 877 1756 florebat,
932 1682 1219 1745 institutis
1261 1692 1323 1744 et
1353 1683 1702 1760 praeceptis
1750 1684 1881 1745 suis
1928 1684 2301 1754 erudierunt,

230 1769 329 1828 vel
361 1765 522 1839 eiuS,
569 1765 672 1841 qui
700 1765 1006 1843 Apollinis
1038 1769 1289 1829 oraculo
1330 1766 1820 1844 sapientissimus
1854 1775 1952 1829 est
1978 1767 2298 1838 iudicatus,

230 1848 483 1927 quinon
509 1856 634 1911 tum
659 1849 796 1924 hoc,
826 1857 952 1912 tum
977 1849 1143 1923 illud,
1175 1858 1246 1913 ut
1266 1850 1325 1911 in
1353 1850 1686 1929 plerisque,
1717 1851 1830 1913 sed
1854 1850 2012 1911 idem
2036 1868 2299 1927 semper,

230 1933 472 1995 animos
517 1933 826 1996 hominum
882 1951 1024 1995 esse
1079 1934 1323 1996 divinos
1372 1935 1600 2010 iisque,
1667 1943 1853 2008 quum
1903 1950 1980 1993 ex
2041 1949 2304 2009 corpore

230 2015 688 2091 excessissent,
720 2018 981 2079 reditum
1015 2017 1076 2078 in
1108 2020 1342 2078 caelum
1378 2025 1588 2094 patere
1618 2015 1974 2092 optimoque
2006 2023 2067 2075 et
2106 2015 2302 2076 iustis-

231 2100 389 2163 simo
422 2101 647 2177 cuique
699 2100 1247 2177 expeditissimum.
1340 2104 1434 2160 14.
1500 2101 1676 2175 Quod
1718 2100 1875 2160 idem
1909 2097 2181 2174 Scipioni
2221 2097 2304 2157 vi-

231 2185 521 2256 debatur,
586 2183 687 2259 qui
738 2184 1014 2260 quidem,
1083 2184 1259 2259 quasi
1313 2183 1721 2259 praesagiret,
1784 2182 2109 2260 perpaucis
2164 2190 2305 2240 ante

231 2278 487 2329 mortem
533 2267 782 2342 diebuS,
837 2286 1022 2344 quum
1055 2275 1116 2329 et
1142 2266 1348 2328 Philus
1392 2275 1454 2328 et
1487 2265 1771 2329 Manilius
1814 2268 2066 2328 adesset
2112 2271 2173 2325 et
2208 2262 2303 2323 alii

230 2354 475 2429 plureS,
522 2359 713 2426 tuque
756 2352 967 2425 etiam,
1012 2353 1343 2424 Scaevola,
1394 2368 1633 2412 mecum
1672 2350 1987 2423 venisseS‚
2040 2349 2305 2411 triduum

232 2434 525 2502 disseruit
566 2436 643 2495 de
676 2451 745 2494 re
791 2436 1060 2510 publica,
1115 2436 1291 2496 cuius
1332 2430 1760 2510 disputationis
1813 2434 1924 2495 fuit
1967 2441 2303 2495 extremum

232 2520 363 2579 fere
394 2518 473 2578 de
499 2516 948 2580 immortalitate
972 2520 1310 2579 animorum
1330 2565 1343 2590 ,
1378 2535 1536 2593 quae
1560 2535 1630 2577 se
1659 2518 1714 2577 in
1745 2518 1944 2593 quiete
1972 2535 2084 2593 per
2103 2517 2304 2577 visum

161 2634 170 2643 ·
232 2619 312 2663 ex
342 2600 636 2663 Africano
674 2601 926 2663 audisse
965 2603 1224 2663 dicebat.
1299 2602 1366 2661 ld
1399 2600 1452 2661 si
1479 2601 1560 2660 ita
1591 2607 1715 2672 est,
1765 2608 1832 2660 ut
1865 2599 2075 2675 optimi
2107 2598 2305 2658 cuius·

234 2701 359 2762 que
397 2684 637 2747 animus
675 2685 734 2744 i'n
768 2692 966 2746 morte
1010 2685 1288 2746 facillime
1339 2686 1543 2745 evolet
1584 2689 1895 2757 tamquam
1948 2698 1982 2740 e
2026 2679 2306 2741 custodia

230 2768 579 2844 vinclisque
620 2768 933 2846 corporis,
988 2768 1085 2829 cui
1124 2785 1452 2829 censemus
1497 2783 1744 2829 cursum
1788 2767 1864 2826 ad
1894 2766 2050 2829 deos
2084 2763 2305 2825 sacillo·

231 2868 364 2914 rem
423 2851 615 2913 fuisse
671 2869 854 2927 quam
914 2852 1228 2929 Scipioni?
1315 2850 1616 2927 Quocirca
1671 2868 1945 2913 maerere
2002 2851 2123 2913 hoc
2175 2849 2305 2911 eius

232 2947 460 2998 eventu
489 2951 712 2997 vereor
753 2952 832 2996 ne
873 2934 1062 2996 invidi
1108 2935 1300 3012 magis
1345 2953 1527 3011 quam
1579 2935 1754 2996 amici
1796 2935 1892 2997 sit.
1966 2934 2072 2996 Sin
2104 2941 2305 2993 autem

230 3020 335 3080 illa
359 3018 633 3093 veriora,
662 3027 732 3079 ut
759 3017 921 3081 idem
943 3019 1224 3081 interitus
1256 3019 1335 3081 sit
1357 3019 1695 3095 animorum
1720 3027 1781 3081 et
1809 3034 2160 3095 corporum,
2193 3032 2307 3075 nee

230 3106 394 3164 ullus
441 3119 668 3164 sensus
708 3112 977 3175 maneat,
1032 3111 1098 3164 ut
1128 3102 1273 3163 nihil
1315 3103 1462 3164 boni
1500 3111 1597 3163 est
1626 3103 1686 3163 in
1720 3110 1949 3172 morte,
2009 3099 2100 3160 sic
2143 3104 2307 3157 certe

233 3185 379 3248 nihil
419 3184 581 3246 mali.
658 3185 861 3248 Sensu
903 3186 1061 3247 enim
1111 3186 1339 3248 amisso
1386 3186 1457 3247 fit
1493 3186 1683 3259 idem,
1750 3183 2148 3258 quasinatus
2183 3196 2305 3240 non

234 3277 407 3333 esset
452 3267 735 3343 omniun,
788 3287 969 3346 quem
1018 3279 1220 3331 tamen
1264 3287 1405 3330 esse
1450 3282 1655 3330 natum
1704 3276 1766 3327 et
1804 3281 1922 3326 nos
1968 3266 2305 3340 gaudemus

235 3363 295 3415 et
333 3354 489 3414 haec
545 3350 790 3428 civitaS,
848 3354 989 3413 dum
1039 3354 1179 3415 erit.
1234 3352 1570 3414 laetabitur.
1668 3350 1761 3406 15.
1822 3348 2012 3419 Quam
2056 3346 2135 3403 ob
2178 3358 2303 3398 rem
