2381 3723
114 150 233 207 209
740 137 906 197 CAP.
941 144 1205 201 25—-27
1249 148 1302 208 S·
1331 147 1596 204 91—97.
2083 140 2210 202 399

123 299 330 354 autem
379 287 704 367 repentino
761 287 1047 366 oppressi
1099 306 1225 351 non
1278 289 1454 387 prius
1493 291 1574 351 ad
1627 291 1817 353 libros
1872 293 2209 368 confugere

98 365 436 453 potuimus
484 370 625 448 quin
677 378 817 432 ante
856 372 1208 434 acerbitatis
1244 373 1308 433 vi
1343 381 1899 451 prosterneremur.
1989 377 2210 451 Quam-

122 476 310 536 quam
352 463 578 534 postea
627 462 903 531 tempore
942 455 1082 532 ipso
1129 458 1355 518 sactum
1389 466 1489 519 est
1516 466 1582 518 ut
1608 459 1789 520 dolor
1817 476 1963 533 nec,
2012 467 2078 522 ut
2106 476 2210 521 an-

114 553 256 615 tea,
301 539 505 602 acrior
535 546 598 599 et
636 555 809 599 mens
844 538 981 614 ipsa
1008 542 1219 617 paullo
1251 547 1424 604 esset
1453 541 1727 603 sedatior
1754 550 1817 604 et
1847 544 1927 604 ad
1965 543 2209 605 medici·

117 644 269 690 nam
311 620 728 699 accipiendam
772 622 967 699 magis
1012 624 1258 685 idonea.
1343 626 1586 694 XXVII.
1636 626 1738 688 95.
1825 627 1954 689 Sed
1989 641 2211 704 perga-

118 727 266 773 mus
310 710 390 770 ad
423 706 691 793 reliqua,
740 723 900 780 quae
928 723 1044 768 nec
1076 710 1266 769 multa
1290 716 1555 785 restant,
1611 718 1673 772 et
1695 709 1863 772 scitu
1894 728 1968 773 ac
2002 710 2211 788 cogni

117 796 294 857 tione
327 786 711 869 dignissima,
757 792 956 851 fructu
987 799 1188 852 autern
1220 793 1392 871 ips0,
1436 810 1617 869 quem
1655 794 1988 872 praecipue
2024 812 2209 872 quae-

116 879 348 949 rimuS,
393 874 663 951 gratiora
704 876 971 938 sortasse
1018 883 1094 936 et
1127 876 1434 939 uberiora.
1524 878 1682 952 Quid
1724 886 1823 939 est
1854 896 2005 954 ergo
2038 881 2207 956 quod

116 961 392 1037 aliquam
438 956 618 1020 nobis
658 958 902 1019 adferre
938 959 1377 1022 dubitationem
1408 960 1615 1037 possit
1639 977 1755 1022 cur
1785 962 1928 1022 nihil
1961 963 2207 1023 omnino

118 1053 481 1108 nostrorum
509 1050 703 1105 morte
728 1043 941 1104 dolere
965 1043 1345 1107 debeamus?
1401 1045 1632 1118 Credo,
1653 1044 1730 1107 si
1756 1048 2003 1122 quando
2031 1045 2211 1108 nobis

114 1131 184 1191 in
231 1134 498 1189 mentem
543 1125 713 1188 venit
754 1142 1037 1202 magnam
1083 1145 1203 1190 nos
1246 1146 1323 1190 ex
1368 1144 1615 1202 eorum,
1663 1147 1825 1205 quos
1871 1129 2210 1201 amisimuS,

116 1228 320 1289 opera
358 1226 432 1271 ac
473 1208 679 1273 studio
724 1210 1488 1289 utilitatempercepturos
1519 1211 1733 1274 fuisse.
1820 1217 1906 1275 At
1933 1214 2055 1276 hoc
2087 1231 2212 1276 non

116 1298 205 1359 ad
236 1295 467 1357 amieos
494 1302 601 1355 aut
623 1294 893 1374 adfines,
937 1312 1202 1371 quorum
1237 1297 1450 1358 dolere
1482 1297 1761 1358 videmur
1788 1296 2065 1372 interitu,
2098 1298 2214 1360 sed

115 1382 205 1442 ad
234 1378 680 1455 nosmetipsos
706 1378 1055 1453 pertinebit.
1124 1380 1584 1443 Mercennarius
1610 1379 1791 1457 igitur
1824 1383 2005 1445 dolor
2035 1381 2216 1444 fuerit

118 1464 357 1542 quique
398 1480 525 1525 non
566 1479 643 1523 ex
678 1461 992 1524 adfinitate
1022 1473 1126 1525 aut
1153 1465 1612 1539 benevolentia,
1663 1466 1776 1534 sed
1808 1482 1889 1527 ex
1915 1484 2040 1528 una
2069 1482 2217 1543 pro‘

116 1547 334 1610 veniat
373 1546 647 1608 utilitate.
739 1547 896 1621 Quid
938 1556 1139 1609 autem
1182 1546 1549 1626 flagitiosius
1584 1556 1647 1611 et
1681 1548 1991 1626 indignius
2025 1566 2209 1628 quam

117 1650 303 1705 eum,
344 1630 452 1706 qui
481 1631 574 1691 sic
602 1631 839 1707 doleat,
886 1631 1060 1692 fateri
1094 1642 1412 1708 oportere,
1458 1652 1646 1710 quum
1679 1641 1848 1697 tanto
1882 1653 2075 1713 opere
2108 1633 2190 1695 ali

118 1716 306 1777 euius
351 1722 548 1776 morte
590 1715 926 1787 crucietur,
975 1717 1143 1791 quod
1170 1716 1381 1793 aliqua
1411 1717 1666 1780 utilitate
1697 1719 1976 1796 privatus
2012 1721 2122 1792 sit,
2161 1717 2212 1778 si

117 1799 273 1864 nihil
303 1816 383 1860 ex
410 1798 546 1883 eius
580 1798 702 1860 vita
734 1799 1018 1861 beneficii
1040 1817 1114 1861 ac
1140 1801 1451 1864 commodi
1473 1818 1545 1864 se
1568 1810 2047 1865 consecuturum
2075 1818 2215 1878 spe-

116 1884 428 1955 ravisset,
483 1882 629 1944 nihil
659 1884 774 1944 sibi
804 1884 1423 1947 omninodolendum
1456 1885 1688 1947 fuisse?
1746 1885 1848 1946 96.
1896 1889 1978 1945 At
2011 1886 2215 1945 videa·

118 1986 267 2030 mus
310 1984 433 2029 non
477 1968 696 2028 Persas
739 1976 845 2028 aut
893 1968 1189 2045 Scythas,
1237 1969 1350 2030 sed
1393 1984 1428 2028 e
1466 1967 1667 2028 media
1712 1967 1960 2028 civitate
1999 1973 2216 2029 nostra

119 2051 508 2114 clarissimos
541 2059 611 2111 et*
634 2051 1200 2127 praestantissimos
1227 2052 1395 2115 viros
1419 2068 1493 2112 ac
1518 2051 1717 2125 cives,
1748 2050 1854 2125 qui
1875 2068 2001 2112 non
2025 2051 2215 2111 modo

120 2134 500 2208 amicorum,
561 2151 698 2195 cum
732 2136 955 2211 quibus
1001 2134 1500 2197 coniunctissime
1534 2134 1842 2207 vixerant,
1889 2135 2001 2194 sed
2033 2134 2216 2196 etiam

118 2219 465 2282 liberorum
507 2228 570 2280 et
609 2219 856 2295 quidem
898 2217 1354 2280 carissimorum
1401 2218 1702 2280 interitum
1749 2218 1832 2279 ita
1879 2218 2121 2281 fortiter
2155 2223 2218 2276 et

121 2310 491 2365 constanter
533 2304 831 2376 tulerunt,
888 2311 958 2364 ut
999 2319 1226 2365 causae
1270 2302 1413 2365 nihil
1441 2303 1523 2366 sit
1559 2302 1702 2381 quin
1737 2319 1850 2364 eos
1885 2301 2217 2380 superiori-

118 2389 249 2449 bus
308 2386 558 2447 Graecis
614 2403 980 2463 comparare
1031 2395 1218 2464 atque
1266 2389 1446 2450 etiam
1488 2390 1803 2451 ‘anteferre
1853 2388 2215 2449 debeamus.

122 2478 339 2546 Atque
388 2471 509 2530 hoc
560 2472 748 2532 multo
797 2471 991 2548 magis
1039 2470 1100 2531 in
1142 2471 1257 2532 illis
1299 2472 1637 2533 mirandum
1683 2471 1896 2547 suerit,
1944 2474 2111 2549 quod
2157 2472 2216 2531 in

124 2570 348 2616 eorum
395 2554 563 2615 obitu
607 2570 677 2614 se
712 2554 1079 2616 fortissimos
1112 2562 1177 2615 et
1211 2554 1748 2617 constantissimos
1781 2559 2215 2632 praebuerunt,

125 2636 237 2713 qui
277 2654 405 2698 non
447 2637 633 2698 modo
673 2637 826 2714 ipsis
866 2636 1200 2711 utilissimi,
1258 2638 1312 2699 si
1345 2636 1674 2709 vixissent,
1722 2640 1836 2698 sed
1867 2656 2064 2713 paene
2100 2636 2215 2699 soli

121 2721 313 2783 utiles
365 2737 441 2781 ac
492 2720 925 2796 iucundi„,esse
964 2721 1333 2798 potuissent.
1424 2719 1577 2796 Quid
1620 2719 1780 2780 enim
1820 2719 2027 2781 utilius
2070 2720 2214 2789 filio,

123 2804 283 2880 quid
331 2802 656 2866 iucundius
696 2806 919 2867 unico?
1006 2805 1106 2866 97.
1159 2809 1246 2866 At
1279 2805 1466 2865 filium
1498 2811 1559 2863 et
1592 2801 1838 2865 unicum
1871 2803 1940 2878 Q.
1971 2802 2216 2874 Fabius,

122 2896 460 2966 praeterea
489 2891 875 2951 consularem
895 2936 909 2962 ,
945 2889 1048 2966 qui
1078 2889 1199 2950 iam
1233 2904 1489 2965 magnas
1507 2903 1616 2948 res
1641 2895 1923 2964 gesserat
1946 2895 2008 2950 et
2031 2888 2219 2949 maio·

122 2988 234 3033 res
290 2971 630 3047 cogitabat,
666 2972 895 3034 amisit.
982 2975 1197 3049 Neque
1241 2975 1442 3034 solum
1475 2988 1596 3031 non
1634 2971 1853 3047 doluit,
1898 2974 2068 3048 quod
2101 2973 2213 3032 for·

119 3054 353 3117 tissimi
405 3055 588 3116 animi
640 3055 780 3130 suit,
835 3058 951 3118 sed
1004 3057 1186 3118 etiam
1235 3063 1478 3119 mortuo
1521 3055 1936 3117 laudationem
1978 3055 2041 3115 in
2081 3057 2217 3114 soro

121 3138 312 3201 dixit:
370 3156 494 3215 quo
540 3139 685 3200 nihil
732 3142 953 3201 fortius
997 3149 1103 3201 aut
1147 3139 1511 3201 laudabilius
1550 3156 1632 3199 ne
1665 3156 1745 3201 ex
1778 3137 2218 3215 omniquidem

120 3221 497 3297 antiquitate
540 3224 854 3286 recenseri
885 3230 1112 3300 potest.
1205 3224 1389 3286 Cuius
1420 3223 1757 3286 orationem
1790 3222 1927 3298 quis
1961 3240 2085 3284 non
2117 3222 2220 3282 ad-

122 3307 415 3379 miretur,
459 3304 766 3383 insignem
787 3305 1050 3383 ingenii,
1087 3306 1323 3380 iudicii,
1359 3306 1592 3369 ordinis
1620 3306 2033 3382 praestantia?
2088 3307 2217 3379 Quo

121 3391 326 3452 modo
359 3389 460 3450 ille
490 3392 590 3451 vel
621 3406 691 3450 ea
710 3438 725 3464 ,
769 3407 928 3467 quae
960 3390 1135 3463 dixit,
1179 3389 1315 3450 sine
1345 3393 1509 3452 luctu
1535 3391 1744 3452 dicere
1767 3396 1872 3450 aut
1894 3404 2053 3465 quae
2077 3386 2218 3447 scri·
