2381 3723
118 124 239 187 114
925 123 1025 181 DE
1058 120 1155 181 OF
1157 121 1378 181 FlCIIS

119 285 212 337 set
244 283 349 337 aut
380 275 482 352 qui
525 272 795 351 periculo
840 271 1051 334 mortis
1102 271 1521 348 diffugissent,
1584 272 1695 334 sed
1747 272 1849 346 qui
1893 270 2085 332 relicti
2126 271 2185 333 in

119 358 336 421 castris
368 360 630 421 fuissent
660 374 694 416 a
716 358 926 418 Paullo
957 365 1015 418 et
1044 372 1081 415 a
1102 358 1382 417 Varrone
1415 355 1791 417 consulibus.
1861 355 1988 416 Eos
2011 363 2189 416 sena-

117 450 217 504 tus
256 460 379 504 non
424 441 664 503 censuit
705 441 1129 512 redimendOS,
1193 458 1376 514 quum
1419 439 1481 500 id
1528 455 1719 516 parva
1765 437 2025 515 pecunia
2055 439 2187 500 fieri

119 532 363 602 posset,
418 534 486 587 ut
529 531 699 587 esset
737 522 981 585 insitum
1023 522 1310 584 militibus
1362 523 1592 585 nostris
1634 529 1741 583 aut
1787 521 2035 583 vincere
2083 531 2187 585 aut

119 608 329 670 emori.
416 611 581 684 ‘Qua
631 606 875 683 quidem
916 624 984 668 re
1027 607 1233 667 audita
1277 608 1535 668 fractum
1580 606 1843 667 animum
1887 606 2186 667 Hanniba-

118 692 225 752 lis'
282 690 491 753 scribit
511 690 703 763 idem,
759 692 961 766 ‘quod
1014 693 1704 767 senatuspopulusque
1740 692 2056 751 Romanus
2096 707 2185 750 re·
2302 717 2315 727 ·

117 776 232 835 bus
283 774 546 836 adflictis
599 782 721 834 tam
773 777 1022 842 excelso
1078 772 1280 835 animo
1341 775 1602 836 fuisset!
1692 773 1793 834 Sic
1844 773 2188 835 honestatis

120 857 578 934 comparatione
599 875 701 931 ea,
728 874 887 933 quae
913 857 1201 918 videntur
1220 856 1403 932 utilia,
1437 857 1779 918 vincuntur.
1874 859 2011 918 115.
2047 857 2186 917 Aci·
2274 915 2281 922 .

117 941 234 1002 lius
299 949 535 1015 autem,
598 941 701 1017 qui
759 942 990 1001 Graece
1051 940 1299 1017 scripsit
1358 941 1702 1014 historiam,
1772 942 2053 1017 ‘plures’
2105 940 2189 1000 ait

119 1026 349 1086 ‘fuisse
402 1025 503 1101 qui
554 1025 613 1085 in
673 1032 874 1086 castra
920 1023 1323 1086 revertissent
1373 1027 1585 1085 eadem
1638 1025 1884 1097 fraude,
1948 1032 2015 1086 ut
2054 1024 2189 1085 iure

118 1108 376 1170 iurando
422 1108 853 1182 liberarentur,
911 1125 1149 1183 eosque
1199 1125 1233 1168 a
1284 1107 1646 1170 censoribus
1688 1108 1973 1173 omnibus
2015 1106 2186 1184 igno-

116 1191 315 1254 nimiis
346 1198 640 1254 notatos?
730 1193 820 1253 Sit
859 1191 976 1252 iam
1021 1191 1202 1254 huius
1241 1192 1359 1253 loci
1400 1191 1559 1254 finis.
1645 1191 2044 1268 Perspicuum
2088 1200 2187 1252 est

120 1275 276 1336 enim
330 1293 430 1350 ea,
492 1293 652 1352 quae
704 1259 932 1336 timido*
964 1274 1200 1347 animo,
1257 1274 1489 1348 humili,
1541 1275 1811 1337 demisso
1865 1277 2186 1350 fractoque

117 1359 295 1432 fiant,
352 1361 532 1434 quale
562 1358 781 1422 fuisset
805 1358 1021 1434 Reguli
1054 1361 1309 1432 factum,
1363 1359 1416 1420 si
1453 1366 1561 1420 aut
1604 1360 1681 1419 de
1725 1359 1981 1435 captivis
2017 1359 2185 1435 quod

116 1440 234 1517 ipsi
265 1459 424 1518 opus
456 1459 600 1502 esse
631 1441 971 1513 videretur,
1020 1458 1144 1503 non
1179 1442 1346 1517 quod
1378 1442 1466 1502 rei
1497 1441 1806 1519 publicae,
1838 1443 2188 1505 censuisset

117 1532 223 1585 aut
251 1523 415 1585 domi
444 1540 759 1585 remanere
802 1523 1126 1598 voluisset,
1171 1540 1295 1585 non
1334 1542 1476 1587 esse
1510 1524 1706 1600 utilia,
1756 1525 1899 1602 quia
1927 1526 2049 1588 sint
2079 1525 2185 1585 fla—

118 1605 369 1682 gitiosa,
413 1607 624 1680 foeda,
653 1605 871 1684 turpia.

238 1690 505 1750 XXXIII.
551 1690 689 1750 116.
775 1692 991 1751 Restat
1034 1698 1252 1765 quarta
1312 1710 1486 1767 pam,
1544 1711 1703 1770 quae
1748 1695 2003 1766 decore,
2058 1711 2184 1755 mo-

119 1771 459 1846 deratione,
514 1772 844 1845 modestia,
900 1773 1302 1848 continentia,
1363 1777 1764 1852 temperantia
1815 1776 2184 1838 continetur.

114 1856 328 1918 Potest
354 1855 535 1933 igitur
578 1856 908 1934 quidquam
940 1856 1085 1918 utile
1118 1874 1291 1932 esse,
1336 1863 1500 1936 quod
1542 1861 1622 1923 sit
1648 1861 1792 1924 huic
1829 1858 2034 1922 talium
2062 1860 2182 1921 vir-

115 1947 310 2002 tutum
368 1942 558 2002 choro
611 1940 1019 2002 contrarium?
1102 1941 1294 2017 Atqui
1361 1945 1436 2005 ab
1495 1944 1808 2022 Aristippo
1861 1944 2181 2022 Cyrenaici

117 2031 303 2098 atque
315 2023 622 2086 Annicerii
645 2023 995 2102 philosophi
1018 2024 1310 2086 nominati
1328 2044 1510 2089 omne
1530 2029 1756 2090 bonum
1778 2029 1837 2089 in
1863 2030 2183 2105 voluptate

117 2116 462 2181 posuerunt
502 2107 906 2185 virtutemque
955 2117 1327 2170 censuerunt
1376 2112 1455 2173 ob
1508 2128 1640 2173 eam
1692 2130 1821 2174 rem
1868 2129 2013 2175 esse
2052 2115 2180 2174 lau·

118 2189 413 2262 dandam,
462 2190 630 2265 quod
662 2191 935 2254 efficiens
967 2199 1135 2253 esset
1174 2194 1527 2271 voluptatis.
1617 2196 1846 2272 Quibus
1879 2195 2180 2258 obsoletis

111 2271 299 2333 floret
325 2271 656 2345 Epicurus,
711 2271 985 2335 eiusdem
1017 2277 1144 2337 sere
1174 2277 1419 2339 adiutor
1448 2287 1788 2355 auctorque
1817 2280 2179 2341 sententiae.

117 2354 263 2413 Cum
304 2353 397 2415 his
429 2354 573 2415 viris
614 2356 942 2432 equisque,
994 2367 1061 2418 ut
1110 2358 1358 2434 dicitur,
1417 2360 1469 2422 si
1502 2363 1886 2425 honestatem
1917 2362 2074 2425 tueri
2104 2379 2180 2424 ac

112 2435 375 2496 retinere
418 2439 719 2499 sententia
750 2448 888 2510 est,
921 2441 1355 2504 decertandum
1399 2452 1514 2506 est.
1607 2449 1741 2507 117.
1784 2449 1934 2509 Nam
1965 2446 2174 2509 sinon

114 2519 300 2580 modo
348 2519 600 2596 utilitas,
647 2523 759 2583 sed
800 2522 923 2584 vita
955 2525 1153 2587 omnis
1186 2526 1369 2588 beata
1409 2530 1688 2606 corporis
1732 2532 1906 2592 firma
1950 2529 2176 2593 consti-

113 2601 346 2664 tutione
399 2604 657 2681 eiusque
713 2607 1162 2670 constitutionis
1206 2627 1320 2686 spe
1368 2614 1715 2688 explorata,
1767 2622 1836 2675 ut
1874 2631 1910 2675 a
1948 2615 2174 2675 Metro·

113 2685 267 2748 doro
300 2686 592 2764 scriptum
624 2697 748 2764 est,
782 2690 1155 2765 continetur,
1199 2701 1365 2754 certe
1393 2696 1546 2756 haec
1579 2696 1804 2759 utilitas
1834 2705 1895 2758 et
1926 2697 2174 2773 quidem

111 2785 350 2830 summa
389 2805 472 2818 —-
515 2771 607 2834 sic
660 2773 816 2834 enim
869 2783 1124 2836 censent
1162 2810 1249 2820 —
1292 2793 1428 2838 cum
1478 2780 1802 2842 honestate
1854 2782 2170 2857 pugnabit.

102 2852 255 2911 Nam
291 2852 392 2913 ubi
435 2855 692 2929 primum
729 2858 1088 2934 prudentiae
1128 2861 1303 2921 locus
1346 2861 1626 2925 dabitur?
1667 2881 1772 2937 an,
1818 2873 1887 2926 ut
1916 2863 2172 2940 conqui-

103 2941 203 2995 rat
258 2935 528 3012 undique
584 2940 979 3002 suavitates?.
1045 2943 1233 3016 Quam
1297 2942 1482 3006 miser
1537 2947 1777 3009 virtutis
1842 2949 2170 3009 famulatus

104 3018 430 3080 servientis
479 3022 805 3097 voluptati!
883 3025 1059 3099 Quod
1098 3034 1300 3086 autem
1352 3044 1572 3091 munus
1627 3031 2029 3107 prudentIae?
2088 3047 2170 3091 an

106 3102 312 3197 legere
351 3102 756 3180 intelligenter
795 3109 1185 3182 voluptates?
1271 3111 1392 3171 Fac
1427 3111 1566 3172 nihil
1614 3114 1732 3176 isto
1779 3133 1921 3177 esse
1958 3113 2169 3177 iucun-

110 3182 275 3255 de,
307 3185 448 3260 quid
486 3187 738 3262 cogitari
773 3197 981 3264 potest
1011 3191 1287 3266 turpius?
1370 3197 1523 3269 Iam,
1558 3196 1660 3272 qui
1691 3200 1967 3260 dolorem
2005 3215 2169 3259 sum-

106 3278 269 3323 mum
312 3269 533 3328 malum
570 3268 761 3340 dicat,
818 3273 978 3346 apud
1018 3290 1153 3334 eum
1188 3294 1371 3350 quem
1403 3279 1586 3340 habet
1614 3283 1811 3342 locum
1852 3282 2171 3353 fortitudo,

105 3359 269 3418 quae
311 3353 406 3406 est
447 3349 726 3411 dolorum
772 3354 1172 3431 laborumque
1205 3361 1618 3438 contemptio?
1685 3365 1972 3440 Quamvis
2004 3362 2171 3426 enim
