2381 3723
717 99 858 160 LIB.
891 101 991 181 111.
1039 102 1205 162 cAP.
1232 108 1292 163 ²5.
1325 111 1382 164 σ.
1423 110 1475 170 s.
1509 109 1770 164 24—31.
2192 103 2278 168 87

207 269 352 314 cum
402 249 669 321 civibus,
734 268 893 326 quae
944 250 1250 313 sententia
1300 269 1546 314 omnem
1589 252 1948 314 societatem
2004 253 2284 315 distrahit

207 334 497 396 civitmis.
571 333 686 408 Qui
714 341 916 394 autem
956 334 1175 396 civium
1203 334 1498 397 rationem
1530 337 1741 397 dicunt
1769 337 2148 409 habendam,
2178 354 2281 397 ex·

208 427 524 479 ternorum
576 425 829 493 negant,
882 417 924 477 ii
963 418 1252 480 dirimunt
1304 436 1690 482 communem
1743 418 1992 480 humani
2036 423 2282 496 generis

209 500 601 574 societatem,
658 517 779 576 qua
829 503 1071 562 sublata
1119 503 1554 579 beneficentia,
1604 504 1964 578 liberalitaS,
2016 503 2281 576 bonitas,

207 583 444 646 iustitia
492 583 766 646 funditus
813 585 1061 646 tollitur.
1130 587 1300 662 Quae
1351 586 1454 663 qui
1494 590 1717 650 tollunt
1760 587 1938 648 etiam
1976 589 2280 648 adversus

169 699 174 704 ·
207 671 370 730 deos
398 667 771 730 immortales
804 668 974 744 impii
1012 669 1321 731 iudicandi
1363 679 1526 733 sunt.
1604 673 1699 732 Ab
1742 671 1817 732 iis
1856 671 2020 747 enim
2056 670 2282 732 consti·

205 761 399 814 tutam
440 751 600 812 inter
650 751 929 814 homines
974 753 1331 816 societatem
1369 763 1686 830 evertunt,
1739 754 1911 816 cuius
1966 755 2281 816 societatis

206 835 587 897 artissimum
625 835 936 897 vinculum
981 845 1079 898 est
1122 838 1316 915 magis
1367 838 1642 899 arbitrari
1684 856 1828 900 esse
1858 848 2073 900 contra
2108 849 2281 899 natu-

205 936 339 980 ram
382 916 692 980 hominem
734 920 965 981 homini
1005 922 1329 982 detrahere
1377 923 1471 983 sui
1520 922 1827 984 commodi
1869 938 2058 984 causa
2099 939 2280 999 quam

205 1002 417 1064 omnIa
445 1000 836 1064 incommoda
863 1004 1071 1066 subire
1108 1007 1207 1066 vel
1239 1015 1495 1066 externa
1526 1008 1627 1066 vel
1658 1006 1938 1082 corporis
1969 1008 2068 1066 vel
2102 1006 2280 1067 etiam

203 1086 405 1163 ipsius
441 1085 624 1147 animi
660 1104 819 1163 quae
857 1090 902 1165 †
921 1095 1146 1150 vacent
1183 1088 1432 1150 iustitia.
1505 1089 1672 1149 Haec
1710 1090 1868 1150 enim
1913 1107 2039 1149 una
2085 1089 2280 1150 virtus

205 1169 484 1233 omnium
519 1179 617 1232 est
643 1169 893 1232 domina
922 1179 985 1232 et
1021 1172 1233 1248 regina
1265 1174 1578 1234 virtutum.
1667 1172 1768 1233 29.
1809 1173 2089 1234 Forsitan
2120 1173 2283 1246 quis-

204 1254 370 1331 piam
410 1253 665 1315 dixerit=
739 1257 956 1317 Nonne
982 1255 1166 1332 igitur
1196 1257 1476 1333 sapienS,
1519 1257 1573 1318 si
1619 1259 1778 1316 fame
1819 1256 1956 1332 ipse
2001 1255 2283 1316 conficia-

121 1404 126 1410 ,
202 1347 334 1411 tur,
393 1338 714 1400 abstulerit
761 1339 963 1400 cibum
1008 1339 1211 1413 alteri,
1269 1339 1497 1402 homini
1537 1341 1617 1401 ad
1665 1341 1891 1402 nullam
1936 1355 2065 1398 rem
2113 1336 2283 1399 utili?

203 1420 458 1483 Minime
500 1439 672 1484 vero.
758 1422 893 1485 Non
934 1422 1096 1485 enim
1145 1423 1290 1484 mihi
1339 1435 1437 1484 est
1485 1424 1611 1485 vita
1659 1440 1797 1484 mea
1845 1423 2051 1484 utilior
2101 1439 2281 1498 quam

203 1505 392 1566 animi
417 1504 554 1567 talis
583 1507 845 1569 adfectio
863 1554 879 1580 ,
909 1507 1213 1569 neminem
1234 1515 1305 1569 ut
1330 1507 1553 1570 violem
1587 1507 1895 1570 commodi
1920 1507 2038 1566 mei
2064 1506 2280 1582 gratia.

204 1590 407 1665 Quid?
463 1589 517 1651 si
560 1591 889 1664 Phalarim,
937 1592 1246 1652 crudelem
1297 1601 1619 1669 tyrannum
1676 1599 1739 1653 et
1786 1591 2139 1664 immanem,
2191 1590 2285 1649 vir

202 1675 444 1744 bonus,
494 1691 574 1734 ne
604 1673 743 1751 ipse
773 1674 1002 1751 frigore
1044 1675 1434 1750 conficiatur,
1486 1676 1712 1738 vestitu
1750 1675 2020 1752 spoliare
2062 1674 2281 1752 possit,

204 1774 416 1818 nonne
476 1757 699 1819 faciat?
785 1758 886 1819 30.
942 1760 1111 1820 Haec
1170 1762 1248 1820 ad
1313 1760 1707 1822 iudicandum
1770 1768 1916 1820 sunt
1980 1758 2278 1819 facillima.

205 1844 385 1916 ⁸lam,
434 1842 488 1904 si
522 1841 673 1918 quid
726 1843 803 1903 ab
838 1842 1085 1905 homine
1137 1845 1217 1904 ad
1259 1847 1484 1906 nullam
1541 1852 1775 1921 partem
1831 1843 1956 1904 utili
2004 1840 2279 1903 utilitatis

204 1934 347 1986 tuae
390 1941 583 1988 causa
614 1927 987 2003 detraxeris,
1029 1927 1358 1990 inhumane
1402 1928 1620 1989 feceris
1654 1934 1996 2001 contraque
2023 1933 2280 1986 naturae

204 2012 438 2085 legem:
493 2010 588 2071 sin
631 2017 833 2072 autem
860 2010 913 2073 is
956 2018 1020 2071 tu
1062 2011 1180 2085 sis,
1236 2012 1340 2088 qui
1381 2013 1631 2071 multam
1681 2008 1996 2070 utilitatem
2037 2008 2125 2068 rei
2170 2024 2277 2081 pu·

202 2093 406 2154 blicae
438 2099 625 2169 atque
643 2094 957 2164 hominum
986 2094 1293 2167 societati,
1325 2094 1379 2155 si
1409 2094 1469 2154 in
1499 2092 1624 2154 vita
1653 2107 2004 2166 remaneas,
2038 2091 2279 2150 adferre

203 2177 447 2254 possis:
512 2178 567 2238 si
608 2177 757 2253 quid
795 2178 875 2239 ob
916 2195 1052 2239 eam
1089 2193 1343 2239 causam
1391 2176 1566 2238 alteri
1607 2175 1979 2249 detraxeriS,
2030 2191 2154 2235 non
2201 2172 2281 2233 sit

202 2261 805 2338 reprehendendum.
884 2262 990 2323 Sin
1034 2270 1241 2325 autem
1281 2260 1347 2321 id
1386 2278 1510 2323 non
1553 2261 1632 2322 sit
1672 2260 1804 2321 eius
1846 2258 2043 2332 modi,
2099 2274 2278 2318 suum

202 2345 432 2421 cuique
464 2344 921 2408 incommodum
968 2346 1289 2407 ferendum
1331 2353 1428 2407 est
1467 2344 1674 2422 potius
1710 2361 1889 2421 quam
1919 2345 1997 2404 de
2028 2340 2277 2403 alterius

203 2427 551 2490 commodis
592 2430 1056 2491 detrahendum.
1138 2431 1275 2491 Non
1317 2429 1498 2506 igitur
1538 2428 1733 2505 magis
1779 2436 1876 2489 ost
1917 2435 2131 2488 contra
2170 2438 2277 2485 na-

205 2520 402 2574 turam
449 2513 705 2598 morbus
749 2520 857 2575 aut
906 2520 1153 2589 egestas
1197 2520 1305 2574 aut
1345 2511 1492 2587 quid
1545 2512 1677 2572 eius
1718 2511 1887 2572 modi
1942 2527 2125 2587 quam
2177 2510 2280 2567 ‹le-

204 2595 425 2657 tractio
477 2603 664 2673 atque
704 2595 999 2673 appetitio
1048 2597 1258 2671 alieni,
1315 2596 1429 2657 sed
1471 2595 1810 2656 communis
1856 2593 2122 2655 utilitatis
2177 2592 2278 2650 de·

201 2680 446 2754 relictio
480 2689 696 2741 contra
733 2688 1009 2742 naturam
1041 2690 1165 2742 est:
1226 2690 1322 2741 est
1373 2677 1534 2739 enim
1590 2677 1833 2737 iniusta.
1921 2677 2019 2736 31.
2063 2677 2277 2749 ltaque

202 2766 305 2826 lex
336 2764 475 2839 ipsa
507 2771 789 2838 naturae,
825 2782 989 2840 quae
1007 2763 1327 2825 utilitatem
1350 2760 1665 2823 hominum
1696 2766 2028 2822 conservat
2052 2765 2112 2819 et
2135 2775 2278 2819 con·

206 2848 383 2918 tinet,
437 2849 731 2908 decernet
761 2851 1076 2924 profecto,
1126 2855 1196 2908 ut
1237 2849 1314 2909 ab
1359 2845 1605 2907 homine
1645 2843 1826 2905 inerti
1867 2851 2053 2921 atque
2086 2840 2279 2903 inutili

202 2932 283 2992 ad
330 2930 705 3006 sapientem,
757 2933 1008 3006 bonum,
1056 2931 1277 2993 sortem
1328 2932 1524 2992 virum
1576 2930 2022 2991 transferantur
2047 2944 2149 2988 res
2200 2927 2280 2985 ad

203 3015 539 3075 vivendum
565 3017 987 3089 necessariae,
1022 3015 1126 3091 qui
1155 3014 1210 3077 si
1242 3014 1552 3087 occiderit,
1587 3016 1839 3075 multum
1869 3014 1947 3073 de
1973 3011 2277 3073 communi

203 3097 462 3160 utilitate
499 3099 862 3173 detraxerit,
916 3100 1104 3160 modo
1147 3099 1268 3159 hoc
1306 3098 1391 3158 ita
1437 3098 1647 3172 faciat,
1705 3107 1769 3159 ut
1809 3113 1886 3157 ne
1930 3096 2064 3169 ipse
2102 3093 2179 3151 de
2209 3108 2280 3151 se

207 3183 365 3242 bene
407 3181 766 3245 existimans
810 3198 1080 3259 seseque
1122 3180 1383 3258 diligens
1437 3182 1594 3242 hanc
1646 3196 1895 3241 causam
1937 3177 2160 3236 habeat
2199 3173 2279 3232 ad

205 3264 503 3327 iniuriam.
577 3269 663 3327 lta
691 3284 941 3343 semper
981 3264 1187 3328 officio
1221 3267 1510 3341 fungetur
1541 3260 1777 3324 utilitati
1809 3261 2140 3349 consulens
2171 3258 2279 3348 hq-

206 3348 433 3411 minum
476 3356 538 3410 et
570 3349 656 3423 ei,
702 3367 884 3427 quam
924 3366 1115 3426 saepe
1152 3362 1599 3417 commemoro,
1652 3346 1954 3401 humanae
1983 3343 2282 3399 sometau·
