2381 3723
132 116 252 179 188
926 112 1410 175 PARADOXON
2140 121 2212 175 72

128 266 335 338 videat
372 284 495 343 quo
530 267 714 329 modo
746 265 1081 344 imperator
1117 281 1261 327 esse
1296 264 1525 341 possit,
1556 282 1743 341 quum
1784 282 1921 326 eum
1951 281 2030 326 ne
2061 262 2203 325 Iibe-

129 368 260 413 rum
291 351 553 428 quidem.
577 368 719 413 esse
752 348 904 411 ratio
940 357 1003 410 et
1030 349 1257 410 veritas
1287 348 1425 423 ipsa
1456 346 1805 410 convincat.

795 542 1373 603 PARADOXON
1428 542 1530 602 Vl.

280 651 422 716 Ὅτι
458 650 664 733 μόνος
695 645 729 715 ὁ
764 646 976 733 σοφὸς
1011 648 1354 726 πλούσιος.

295 740 516 817 [Solum
539 742 862 815 sapientem
889 756 1015 800 esse
1043 738 1320 814 divitem]

250 850 294 907 I.
337 848 440 909 42.
529 847 695 921 Quae
725 857 821 909 est
847 848 966 924 ista
996 848 1055 908 in
1088 848 1627 910 commemoranda
1655 844 1917 922 pecunia
1948 854 2054 906 tua
2080 854 2202 909 tam

126 934 401 994 insolens
426 931 795 1000 ostentatio?
862 931 1129 994 Solusne
1158 940 1225 993 tu
1250 931 1463 992 dives?
1508 931 1665 1008 proh
1702 928 1763 989 di
1791 929 2202 992 immortales!

127 1032 329 1092 egone
359 1032 455 1075 me
490 1014 803 1076 audivisse
837 1015 1066 1091 aliquid
1099 1024 1161 1076 et
1198 1015 1489 1076 didicisse
1519 1032 1644 1075 non
1679 1014 2027 1090 gaudeam?
2092 1016 2197 1075 So·

128 1102 307 1160 lusne
347 1099 568 1160 dives?
648 1098 832 1175 Quid,
875 1098 927 1159 si
978 1116 1055 1159 ne
1101 1101 1275 1161 dives
1311 1098 1600 1174 quidem?
1661 1096 1839 1173 quid,
1880 1096 1936 1157 si
1964 1114 2200 1175 pauper

129 1183 346 1244 etiam?
434 1184 624 1259 Quem
679 1183 838 1244 enim
881 1181 1270 1259 intelligimus
1324 1182 1570 1243 divitem
1624 1188 1731 1242 aut
1778 1181 1898 1242 hoc
1944 1183 2200 1243 verbum

127 1267 186 1332 in
214 1284 337 1343 quo
369 1267 615 1329 homine
649 1267 974 1342 ponimus?
1046 1267 1295 1343 Opinor,
1328 1265 1386 1327 in
1414 1283 1522 1340 eo,
1551 1265 1647 1326 cui
1675 1272 1844 1326 tanta
1874 1266 2200 1339 possessio

129 1358 255 1425 est,
287 1359 355 1411 ut
384 1351 462 1410 ad
492 1350 822 1412 liberaliter
852 1350 1179 1412 vivendum
1212 1350 1387 1411 facile
1419 1356 1746 1411 contentus
1770 1348 1877 1423 sit,
1922 1350 2026 1424 qui
2056 1350 2199 1410 nihil

131 1444 412 1510 quaerat,
466 1433 610 1494 nihil
659 1442 939 1510 appetat,
999 1434 1141 1494 nihil
1195 1441 1365 1509 optet
1412 1434 1693 1510 amplius.
1779 1432 1880 1493 43.
1939 1433 2196 1495 Animus

128 1524 376 1594 oportet
401 1524 547 1578 tuus
574 1525 632 1577 te
661 1517 888 1579 iudicet
916 1518 1194 1590 divitem,
1246 1535 1371 1579 non
1399 1518 1712 1578 hominum
1758 1533 1962 1577 sermo
1994 1534 2195 1591 neque

128 1600 567 1676 possessiones
597 1607 766 1675 tuae,
826 1599 973 1662 nihil
1021 1601 1135 1662 sibi
1178 1601 1404 1663 deesse
1443 1608 1648 1678 putet,
1695 1599 1843 1661 nihil
1876 1608 2049 1661 curet
2076 1618 2193 1660 am-

127 1683 304 1758 plius.
389 1682 655 1746 Satiatus
697 1691 794 1745 cst
833 1694 936 1745 aut
977 1692 1303 1746 contentus
1344 1685 1524 1746 etiam
1553 1683 1845 1762 pecunia,
1899 1686 2197 1757 concede,

126 1765 300 1827 dives
348 1784 437 1827 es.
514 1767 620 1828 Sin
663 1776 866 1829 autem
913 1776 1168 1845 propter
1217 1769 1564 1830 aviditatem
1615 1768 1918 1845 pecuniae
1966 1770 2197 1829 nullum

127 1859 452 1927 quaestum
483 1858 722 1928 turpem
760 1860 972 1931 putaS,
1022 1871 1211 1930 quum
1240 1852 1341 1915 isti
1378 1852 1579 1915 ordini
1616 1870 1694 1914 ne
1735 1852 2036 1914 honestus
2070 1851 2198 1928 qui-

124 1937 264 1996 dem
295 1936 495 2011 possit
530 1953 674 1998 esse
720 1939 908 2008 ulluS‚
962 1937 1015 1998 si
1046 1937 1271 1999 cotidie
1310 1940 1589 2008 fraudas,
1648 1935 1914 2013 decipis,
1966 1937 2196 2013 posciS,

123 2019 488 2095 pacisceris,
548 2024 784 2096 auserS,
840 2021 1060 2098 eripiS‚
1109 2020 1162 2083 si
1194 2021 1404 2083 socios
1435 2020 1698 2097 spoliaS,
1756 2019 2059 2080 aerarium
2094 2038 2196 2080 ex-

123 2103 309 2178 pilaS,
361 2103 416 2165 si
457 2112 820 2165 testamenta
853 2104 1187 2167 amicorum
1230 2112 1560 2182 exspectas
1603 2113 1709 2165 aut
1746 2121 1824 2164 ne
1864 2112 2194 2181 exspectas

126 2186 373 2260 quidem
426 2194 612 2262 atque
661 2188 795 2262 ipse
840 2189 1182 2264 supponis,
1240 2191 1394 2250 haec
1446 2197 1649 2250 utrum
1704 2187 2071 2248 abundantis
2118 2205 2195 2246 an

123 2269 358 2345 egentis
409 2270 584 2343 signa
618 2273 799 2332 sunt?
884 2273 986 2332 44.
1029 2273 1291 2334 Animus
1330 2270 1593 2334 hominis
1633 2271 1842 2344 diveS,
1896 2288 2021 2333 non
2053 2287 2196 2331 arca

122 2352 417 2428 appellari
457 2354 636 2413 solet.
707 2353 996 2427 Quamvis
1036 2355 1137 2416 illa
1175 2358 1258 2416 sit
1286 2358 1496 2433 plena,
1550 2357 1693 2417 dum
1742 2363 1801 2416 te
1831 2355 2076 2416 inanem
2111 2355 2196 2416 vi—

123 2435 316 2510 debo,
361 2433 612 2496 divitem
642 2454 766 2497 non
795 2439 1044 2512 putabo.
1111 2439 1347 2499 Etenim
1382 2457 1460 2500 ex
1487 2456 1596 2512 ec,
1645 2446 1939 2514 quantum
1973 2438 2195 2514 cuique

123 2517 271 2578 satis
322 2527 445 2592 est,
515 2519 843 2581 metiuntur
891 2523 1171 2584 homines
1234 2522 1577 2584 divitiarum
1630 2523 1897 2583 modum.
1985 2521 2192 2582 Filiam

125 2601 261 2677 quis
292 2603 506 2677 habet,
539 2603 803 2680 pecunia
831 2613 929 2666 est
957 2623 1145 2681 opus:
1185 2607 1373 2680 duaS,
1406 2607 1665 2669 maiore:
1713 2608 1940 2684 plureS‚
1966 2608 2195 2666 maiore

122 2685 318 2748 etiam.
399 2689 474 2748 Et
512 2687 597 2763 si,
642 2696 711 2749 ut
747 2687 915 2749 aiunt
954 2688 1176 2763 Danai,
1227 2689 1667 2767 quinquaginta
1703 2689 1826 2751 sint
1862 2689 2056 2764 filiae,
2108 2696 2195 2750 tot

123 2771 300 2830 dotes
343 2787 622 2846 magnam
673 2779 976 2847 quaerunt
1007 2773 1351 2849 pecuniam.
1430 2775 1733 2850 Quantum
1772 2773 1931 2834 enim
1973 2773 2193 2846 cuique

122 2869 280 2928 opus
315 2860 441 2925 est,
478 2855 556 2914 ad
587 2854 647 2915 id
672 2857 1203 2928 accommodatur,
1234 2865 1303 2918 ut
1336 2866 1478 2919 ante
1503 2856 1658 2929 dixi,
1691 2857 2036 2918 divitiarum
2066 2873 2192 2916 mo-

120 2935 256 2997 dus.
333 2935 444 3011 Qui
472 2935 654 3011 igitur
683 2956 807 3000 non
846 2938 1001 2999 filias
1033 2941 1275 3015 plureS‚
1314 2942 1427 3002 sed
1457 2940 1932 3002 innumerabiles
1964 2939 2192 3016 cupidi-

119 3027 276 3080 tates
312 3019 525 3094 habet,
574 3038 735 3096 quae
769 3022 940 3083 brevi
970 3031 1253 3100 tempore
1283 3023 1577 3085 maximas
1613 3023 1828 3100 copias
1871 3022 2193 3084 exhaurire

117 3104 390 3179 possint,
457 3106 622 3166 hunc
676 3122 797 3181 quo
849 3109 1034 3168 modo
1097 3124 1217 3184 ego
1277 3109 1601 3186 appellabo
1655 3107 1933 3180 divitem,
2005 3123 2190 3182 quum

12 3224 20 3234 ·
117 3186 252 3260 ipse
297 3205 480 3264 egere
522 3205 593 3248 se
619 3188 905 3251 'sentiat't
989 3192 1092 3252 45.
1150 3192 1323 3252 Multi
1376 3209 1453 3253 ex
1497 3200 1556 3254 te
1587 3192 1942 3267 audierunt,
2007 3209 2192 3268 quum

119 3268 358 3332 diceres
416 3271 754 3332 ‘neminem
802 3288 946 3334 esse
998 3273 1247 3336 divitem
1303 3275 1422 3337 nisi
1474 3275 1577 3351 qui
1637 3275 1974 3337 exercitum
2028 3278 2193 3335 alere

120 3358 338 3425 posset
362 3352 491 3413 suis
524 3353 819 3415 fructibus
833 3358 875 3429 ’,
923 3358 1089 3431 quod
1129 3361 1399 3436 populus
1430 3361 1746 3420 Romanus
1792 3358 1974 3420 tantis
2006 3359 2191 3418 veeti-

119 3431 357 3506 galibus
397 3433 513 3493 iam
563 3437 795 3511 pridem
847 3440 947 3498 vix
990 3448 1216 3515 potest.
1290 3444 1453 3518 Ergo
1495 3444 1615 3505 hoc
1661 3442 1989 3520 proposito
2023 3459 2188 3501 num·
