2381 3723
148 111 271 175 142
512 107 709 171 CATO
741 109 993 170 MAIOR
1025 109 1126 169 DE
1164 107 1610 169 SENECTUTE
1644 109 1871 170 LIBER
2159 120 2235 173 26

148 265 282 326 sola
310 261 431 323 vita
464 260 856 322 nominanda.
930 262 1110 333 Nam,
1166 260 1311 321 dum
1341 277 1553 322 sumus
1583 259 1803 322 inclusi
1833 260 1894 320 in
1937 259 2032 321 his
2062 277 2233 320 com·

147 347 410 424 paginus
466 343 780 421 corporiS,
843 361 1095 405 munere
1153 345 1423 418 quodam
1482 343 1869 405 necessitatis
1934 356 1998 405 et
2056 343 2237 420 gravi

150 447 342 507 opere
378 429 830 506 perfungimur:
876 436 974 490 est
1014 426 1175 489 enim
1221 426 1460 489 animus
1493 427 1776 490 caelestis
1819 445 1898 488 ex
1929 425 2233 488 altissimo

150 513 455 576 domicilio
488 515 827 590 depressus
864 521 925 573 et
965 511 1139 589 quasi
1170 513 1490 573 demersus
1521 511 1582 572 in
1614 519 1870 585 terram,
1905 514 2108 572 locum
2144 511 2236 571 di-

151 600 628 659 vinaenaturae
678 596 1148 672 aeternitatique
1200 595 1594 657 contrarium.
1665 595 1792 657 Sed
1838 596 2027 656 credo
2072 596 2234 655 deos

148 684 525 744 immortales
556 680 869 757 sparsisse
904 680 1142 742 animos
1172 679 1235 740 in
1267 695 1535 756 corpora
1575 680 1869 754 humana,
1920 686 1989 740 ut
2017 687 2237 740 essent

150 765 254 844 qui
284 774 481 827 terras
515 772 829 826 tuerentur
856 763 1085 843 quique
1117 763 1472 825 caelestium
1498 763 1774 824 ordinem
1808 764 2235 837 contemplan-

150 863 243 912 tes
275 849 652 910 imitarentur
692 866 831 909 eum
869 849 1031 909 vitae
1079 849 1266 909 modo
1315 853 1501 924 atque
1539 847 1902 908 constantia.
1974 848 2100 909 Nec
2131 863 2236 904 me

83 1004 88 1009 ,
150 938 349 996 solum
380 933 533 994 ratio
566 950 639 993 ac
669 932 999 1009 disputatio
1027 931 1267 1008 impulit
1295 939 1360 992 ut
1387 932 1470 992 ita
1502 931 1839 1005 crederem,
1870 928 2233 1011 sed‚nobili-

152 1027 243 1080 tas
276 1017 456 1078 etiam
489 1033 868 1078 summorum
904 1016 1419 1094 philosophorum
1449 1019 1517 1076 et'
1539 1015 1891 1077 auctoritas.

274 1099 374 1161 78.
445 1101 790 1162 Audiebam
850 1102 1263 1178 Pythagoram
1328 1100 1912 1176 Pythagoreosque,
1990 1098 2230 1159 incolas

152 1201 348 1262 paene
378 1194 660 1260 nostrOS,
696 1184 799 1261 qui
834 1192 1047 1246 essent
1077 1182 1265 1245 Italici
1293 1183 1644 1260 philosophi
1679 1184 1990 1259 quondam
2036 1183 2228 1242 nomi·

152 1270 305 1342 nati,
343 1286 672 1345 numquam
706 1268 1022 1330 dubitasse
1053 1268 1199 1344 quin
1232 1283 1309 1328 ex
1342 1266 1633 1328 universa
1660 1276 1863 1328 mente
1888 1265 2092 1326 divina
2125 1265 2203 1324 de

150 1353 370 1414 libatos
394 1353 632 1414 animos
654 1353 1043 1413 haberemus.
1123 1350 1717 1412 Demonstrabantur
1742 1350 1885 1412 mihi
1905 1356 2229 1427 praeterea

155 1453 311 1511 quae
336 1436 627 1496 Socrates
658 1453 950 1512 supremo
982 1435 1145 1495 vitae
1176 1435 1274 1495 die
1304 1435 1381 1495 de
1404 1434 1854 1496 immortalitate
1885 1432 2229 1494 animorum

154 1518 581 1592 disseruisset,
647 1519 700 1578 is
749 1519 854 1594 qui
907 1526 1077 1579 esset
1126 1517 1395 1579 omnium
1448 1517 1940 1595 sapientissimus
1997 1515 2228 1592 Apolli-

153 1603 245 1663 nis
291 1604 540 1663 oraculo
579 1600 901 1663 iudicatus.·
980 1601 1135 1678 Quid
1170 1603 1400 1662 multa?
1455 1602 1547 1662 sic
1589 1603 1732 1663 mihi
1761 1600 2076 1678 persuasi,
2137 1599 2229 1662 sic

151 1685 379 1760 senti0,
432 1703 620 1761 quum
663 1692 828 1753 tanta
861 1685 1140 1748 celeritas
1184 1668 1533 1757 animorum
1562 1686 1671 1762 sit,
1727 1693 1896 1747 tanta
1934 1684 2230 1745 memoria

152 1769 619 1845 praeteritorum
687 1771 1154 1846 futurorumque
1213 1768 1565 1846 prudentia,
1637 1777 1730 1832 tot
1793 1777 1957 1830 artes
2020 1775 2227 1829 tantae

154 1853 473 1929 scientiae,
526 1861 615 1917 tot
653 1852 929 1929 inventa,
983 1873 1107 1917 non
1152 1872 1347 1931 posse
1390 1873 1523 1917 eam
1567 1863 1875 1929 naturam,
1928 1869 2086 1930 quae
2124 1870 2225 1913 res

150 1955 256 2000 eas
312 1938 654 2013 contineat,
710 1955 852 2001 esse
895 1941 1241 2014 mortalem,
1296 1956 1612 2016 quumque
1664 1956 1912 2016 semper
1963 1936 2228 2012 agitetur

151 2023 387 2084 animus
420 2039 534 2085 nec
566 2023 921 2101 principium
963 2030 1166 2085 motus
1207 2024 1457 2097 habeat,
1507 2022 1649 2100 quia
1678 2040 1749 2085 se
1794 2022 1930 2100 ipse
1961 2029 2225 2093 moveat,

152 2124 228 2168 ne
258 2108 444 2168 finem
475 2108 721 2183 quidem
767 2108 1111 2169 habiturum
1151 2124 1296 2168 esse
1328 2115 1564 2182 motuS,
1618 2106 1762 2182 quia
1789 2121 2121 2181 numquam
2156 2120 2225 2164 se

150 2191 283 2267 ipse
326 2191 407 2250 sit
447 2190 803 2264 relicturuS,
857 2201 948 2265 et,
1005 2209 1193 2267 quum
1240 2191 1502 2268 simplex
1552 2190 1734 2251 animi
1790 2196 2006 2251 natura
2059 2194 2229 2249 esset

151 2290 353 2347 neque
381 2273 637 2334 haberet
677 2273 735 2333 in
785 2291 855 2334 se
899 2274 1233 2351 quidquam
1265 2274 1603 2336 admixtum
1650 2274 1862 2351 dispar
1899 2272 1996 2335 sui
2039 2278 2225 2346 atque

153 2355 474 2431 dissimile,
527 2373 650 2418 non
680 2374 874 2433 posse
916 2374 1057 2420 eum
1093 2357 1311 2433 dividi,
1367 2360 1535 2435 quod
1565 2358 1617 2419 si
1664 2375 1785 2420 non
1815 2356 2068 2435 possits
2102 2372 2226 2428 non

153 2456 343 2515 posse
389 2438 664 2513 interire,
732 2457 1083 2518 magnoque
1138 2461 1283 2505 esse
1322 2449 1682 2518 argumento
1735 2440 2017 2504 homines
2068 2438 2228 2500 scire

150 2525 445 2599 pleraque
475 2530 618 2584 ante
642 2541 823 2599 quam
858 2525 984 2586 nati
1014 2524 1163 2600 sint,
1221 2527 1389 2603 quod
1430 2526 1550 2587 iam
1584 2526 1788 2604 pueri,
1843 2542 2031 2602 quum
2062 2531 2225 2584 artes

151 2606 431 2669 difficiles
476 2607 741 2684 discant,
794 2608 876 2669 ita
920 2609 1197 2671 celeriter
1236 2627 1335 2671 res
1383 2609 1861 2672 innumerabiles
1905 2606 2227 2683 adripiant‚

150 2700 217 2753 ut
246 2708 351 2753 eas
399 2710 523 2754 non
552 2698 681 2753 tum
725 2692 983 2768 primum
1022 2693 1309 2769 accipere
1344 2693 1699 2769 videantur,
1757 2695 1870 2756 sed
1918 2689 2227 2753 reminisci

149 2784 210 2836 et
244 2777 579 2837 recordari.
648 2778 819 2838 Haec
846 2775 1116 2839 Platonis
1155 2779 1303 2839 fere.
1389 2779 1576 2839 XXII.
1621 2779 1718 2839 79.
1807 2777 1993 2852 Apud
2025 2777 2227 2836 Xeno·

148 2860 442 2934 phontem
481 2869 684 2922 autem
735 2860 1243 2938 moriens-Cyrus
1298 2862 1490 2922 maior
1539 2862 1691 2923 haec
1743 2860 1921 2922 dicit:
1997 2859 2230 2920 ‘Nolite

149 2942 455 3015 arbitrari,
509 2961 544 3004 o
593 2943 711 3004 mei
755 2944 1051 3006 carissimi
1093 2945 1228 3019 filii,
1284 2963 1411 3018 me,
1465 2963 1652 3021 quum
1696 2963 1732 3005 a
1785 2944 1961 3005 vobis
1997 2943 2229 3012 disces·

148 3044 323 3103 sero,
377 3043 680 3104 nusquam
729 3036 834 3089 aut
874 3032 1103 3090 nullum
1148 3031 1302 3091 l'ore.
1370 3031 1584 3105 Neque
1626 3029 1815 3103 enim,
1871 3030 2015 3089 dum
2057 3044 2231 3087 eram

148 3111 503 3186 vobiscum,
556 3111 820 3174 animum
857 3129 1058 3175 meum
1112 3113 1444 3186 videbatis,
1499 3115 1614 3174 sed
1655 3130 1794 3175 eum
1827 3128 1970 3174 esse
2012 3110 2075 3172 in
2108 3111 2231 3171 hoc

150 3209 413 3270 corpore
437 3194 611 3256 exiis
633 3196 849 3272 rebuS,
897 3213 1052 3273 quas
1076 3198 1395 3273 gerebam,
1431 3196 1881 3272 intelligebatis.
1925 3194 2231 3256 Eumdem

150 3274 332 3349 igitur
382 3295 526 3339 esse
566 3278 891 3353 creditote‚
952 3280 1131 3342 etiam
1189 3281 1244 3342 si
1284 3283 1514 3343 nullum
1564 3280 1893 3343 videbitis..
1957 3277 2059 3340 80.
2101 3278 2231 3338 Nec

152 3373 298 3417 vero
339 3361 641 3422 clarorum
674 3363 943 3423 virorum
985 3372 1132 3440 post
1170 3373 1430 3427 mortem
1466 3367 1740 3430 honores
1776 3369 2229 3443 permanerent,
