2381 3723
110 130 181 187 ιι
414 206 420 210 ,
889 126 1390 187 FRAGMENTA.
2049 125 2174 190 217

109 281 442 334 revocatae
470 273 528 334 in
561 274 841 350 gratiam,
890 284 1223 353 propterea
1264 278 1433 352 quod
1456 276 1707 353 integris
1739 274 2013 338 amicitiis
2045 277 2176 338 offi-

113 354 270 415 cium
315 357 811 433 praetermissum
856 360 1300 436 imprudentiae
1331 362 1456 434 vel,
1498 367 1568 421 ut
1608 360 1854 434 gravius
1883 360 2176 435 interpre-

109 446 338 512 temur,
390 441 797 516 negligentiae
847 444 1248 504 excusatione
1297 443 1675 503 defenditur:
1730 449 1881 519 post
1919 444 2179 503 reditum

109 522 172 581 in
204 522 488 597 gratiam,
536 524 592 584 si
625 526 772 601 quid
795 532 891 587 est
921 527 1343 600 commissum,
1384 526 1447 586 id
1489 543 1611 587 non
1644 528 2017 601 neglectum,
2062 526 2179 587 sed

110 604 405 667 violatum
434 614 684 683 putatur
712 624 828 668 nec
861 608 1334 686 imprudentiae,
1384 610 1496 671 sed
1530 610 1827 685 perfidiae
1869 609 2181 686 adsignari

110 690 290 749 solet.
361 704 804 773 [Hieronymus
832 708 966 772 apol.
1011 708 1129 759 adv,
1163 706 1426 772 Rufinum,
1475 708 1605 774 Opp.
1642 710 1701 759 T.
1740 710 1802 759 11.
1840 725 1893 777 p.
1938 710 2053 761 134.
2092 710 2172 759 ed.

108 771 344 823 Francof.
362 776 500 837 ,qui
536 774 666 826 haec
699 790 766 825 ex
802 777 1175 826 commentariis
1207 790 1470 830 causarum
1506 792 1598 841 pro
1636 778 1848 828 Gabinio
1879 777 2087 844 adrem]

815 887 869 942 8.
939 888 1065 939 PRO
1110 887 1167 947 Q.
1210 887 1467 941 GALLIO.

255 977 433 1043 [Dicta
468 987 546 1030 eet
579 984 744 1031 oratio
771 996 874 1044 pro
914 981 974 1043 Q.
1005 982 1169 1033 Gallio
1205 982 1412 1033 ambitus
1443 996 1533 1032 reo
1569 980 1675 1046 (cf.
1714 982 1775 1044 Q.
1815 981 1918 1034 δίο.
1959 983 2021 1031 cle
2050 985 2185 1045 petit

108 1063 249 1099 cons.
287 1048 337 1098 5.
362 1047 462 1097 oio.
489 1049 640 1102 Brut.
663 1047 777 1111 80.,
817 1047 986 1114 278.),
1025 1058 1082 1100 ut
1113 1052 1336 1113 videtur,
1375 1066 1504 1100 anno
1532 1065 1589 1112 p.
1628 1066 1679 1102 u.
1718 1066 1764 1104 c.
1804 1048 1921 1100 703.
1958 1048 2178 1112 Sulpicio

111 1116 365 1167 Marcello
399 1131 530 1169 coes.
577 1118 645 1180 cf.
683 1117 787 1168 01⁸0.
825 1118 897 1167 ad
922 1120 1048 1181 fam.
1090 1119 1174 1168 lib.
1222 1118 1380 1169 VIII.
1421 1134 1501 1181 ep.
1539 1114 1617 1182 4.]

244 1198 298 1257 1.
341 1196 435 1258 Fit
469 1199 726 1272 clamor,
775 1200 844 1258 fit
887 1199 1229 1260 convicium
1264 1201 1610 1271 mulierum,
1665 1198 1733 1258 fit
1771 1198 2183 1275 symphoniae

116 1288 353 1343 cantus.
423 1280 692 1341 Videbar
735 1280 876 1341 mihi
922 1281 1131 1343 videre
1184 1283 1339 1344 alios
1390 1283 1713 1354 intranteS,
1769 1282 1921 1342 alios
1974 1279 2181 1342 autem

112 1371 442 1437 exeuntes,
472 1363 691 1439 partim
723 1381 798 1424 ex
829 1365 972 1426 vino
1004 1365 1389 1440 vacillantes,
1440 1363 1658 1443 partim
1689 1364 1977 1424 hesterna
2007 1372 2175 1440 pota-

109 1448 282 1510 tione
332 1447 684 1509 oscitantes.
772 1449 1151 1510 Versabatur
1202 1448 1356 1510 inter
1405 1450 1524 1510 hos
1571 1447 1798 1510 Gallius
1847 1447 2174 1522 unguentis

114 1530 371 1604 oblitus,
424 1530 737 1591 redimitus
770 1531 1042 1593 coronis:
1088 1533 1309 1594 liumus
1340 1540 1470 1593 erat
1500 1532 1838 1603 immunda,
1882 1532 2182 1590 lutulenta

112 1615 291 1687 vino,
326 1613 570 1675 coronis
594 1613 959 1690 languidulis
982 1622 1042 1675 et
1065 1614 1258 1691 spinis
1286 1621 1582 1693 cooperta
1605 1614 1881 1690 piscium.
1913 1628 2098 1695 [Aqu
2087 1645 2102 1678 ι
2118 1629 2130 1677 ι
2146 1644 2172 1679 a

113 1713 231 1763 cap.
273 1699 322 1748 2.
360 1714 414 1764 p.
448 1697 565 1747 144.
639 1696 1119 1756 Quinctilianus
1157 1699 1245 1753 lib.
1285 1701 1419 1750 VIII.
1459 1713 1573 1763 cap.
1613 1699 1665 1756 3.
1696 1701 1747 1759 §-
1784 1698 1900 1757 66..
1955 1698 2042 1747 lib.
2080 1697 2168 1748 XI.

114 1782 229 1831 cap.
266 1767 314 1818 3.
355 1769 403 1829 S.
445 1765 564 1817 165.
605 1764 802 1817 c.1u1.
839 1767 1004 1819 vict.
1044 1777 1136 1819 art.
1176 1768 1300 1819 rhet.
1340 1783 1451 1832 cap.
1490 1769 1575 1817 22.
1615 1783 1668 1833 p.
1711 1766 1825 1819 105.
1864 1765 2008 1833 Mai.]

243 1847 301 1909 2.
346 1847 426 1908 Μ.
457 1845 708 1921 Tullius,
748 1847 807 1909 in
858 1866 1036 1924 quem
1066 1850 1538 1948 pulcherrimum
1571 1849 1716 1910 illud
1750 1848 2016 1923 elogium
2047 1855 2177 1907 est.

114 1933 522 1995 Demosthenes
550 1933 656 1993 tibi
680 1935 1047 2009 praeripuit,
1104 1951 1180 1994 ne
1225 1951 1380 1994 esses
1414 1936 1644 2008 primus
1686 1940 1887 1992 orator
1902 1979 1916 2004 ‚
1971 1939 2034 1991 tu
2070 1933 2172 2000 illi,

114 2035 191 2078 ne
228 2020 409 2090 soluti,
467 2014 528 2074 in
560 2014 836 2076 oratione
875 2033 989 2092 pro
1027 2017 1092 2090 Q.
1126 2015 1316 2076 Gallio
1350 2015 1491 2091 quid
1527 2016 1604 2075 de
1646 2015 1859 2074 favore
1909 2012 2074 2086 vulgi
2114 2018 2180 2072 et

116 2101 197 2160 de
231 2098 522 2174 imperitis
551 2097 936 2160 contionibus
980 2101 1269 2174 loquatur
1296 2099 1573 2169 attende,
1623 2113 1701 2157 ne
1732 2096 1826 2156 his
1860 2094 2173 2156 fraudibus

114 2181 366 2243 ludaris.
465 2182 718 2257 Loquor
772 2181 930 2242 enim
989 2198 1147 2258 quae
1205 2198 1340 2242 sum
1403 2181 1538 2258 ipse
1606 2196 1802 2254 nuper
1859 2185 2168 2255 expertus.

47 2320 57 2333 ,
114 2267 287 2327 Unus
318 2264 562 2340 quidam
607 2269 791 2340 poeta
834 2264 1212 2338 nominatus,
1267 2266 1451 2326 homo
1497 2264 1938 2342 perlitteratuS,
2000 2262 2174 2321 cuius

116 2357 260 2409 sunt
284 2348 386 2407 illa
417 2347 721 2422 colloquia
764 2353 1082 2423 poetarum
1126 2364 1200 2409 ac
1232 2348 1763 2425 philosophorum,
1819 2363 2004 2423 quum
2036 2343 2182 2405 facit

114 2430 467 2506 Euripidem
510 2437 571 2490 et
609 2431 1012 2492 Menandrum
1050 2432 1209 2492 inter
1250 2449 1321 2493 se
1357 2439 1419 2493 et
1446 2431 1506 2491 in
1538 2432 1655 2493 alio
1688 2433 1825 2492 loco
1859 2430 2172 2492 Socratem

116 2523 300 2589 atque
330 2513 659 2590 Epicurum
692 2512 1095 2586 disserentes,
1131 2531 1388 2590 quorum
1416 2522 1647 2575 aetates
1676 2531 1799 2575 non
1831 2513 2025 2585 annis,
2063 2511 2174 2572 sed

117 2596 381 2658 saeculis
417 2596 645 2657 scimus
678 2612 822 2657 esse
867 2597 1231 2670 disiunctaS,
1289 2605 1552 2673 quantos
1588 2596 1640 2657 is
1671 2599 1926 2671 plausus
1966 2602 2029 2655 et
2059 2596 2174 2653 cla-

114 2696 320 2741 mores
351 2686 576 2740 movet.
647 2679 873 2741 Multos
918 2679 1074 2740 enim
1107 2679 1563 2755 condiscipulos
1601 2678 1786 2738 habet
1825 2665 1885 2737 m
1914 2679 2173 2746 theatro,

117 2764 219 2837 qui
246 2762 425 2824 simul
457 2762 692 2824 litteras
723 2779 845 2824 non
882 2763 1237 2824 didicerant.
1274 2779 1357 2846 [D
1378 2780 1810 2841 {heronymus
1830 2776 1895 2826 aa
1909 2775 2183 2840 Nepotian

113 2847 177 2896 de
214 2849 305 2898 vit.
343 2846 463 2900 cler.
512 2846 660 2897 Τοιιι.
696 2847 735 2896 1.
775 2861 828 2910 p.
865 2847 944 2898 10.
981 2848 1060 2898 ed.
1098 2848 1335 2901 Francof.
1388 2849 1530 2898 Tom.
1572 2847 1660 2897 IV.
1700 2861 1754 2913 p.
1796 2847 1917 2896 262.
1960 2838 2177 2906 Bened.}

237 2925 296 2987 3.
349 2928 429 2988 Ut
456 2927 687 2988 Tullius
738 2925 799 2986 in
841 2927 1142 2989 Galliana.
1210 2929 1320 3004 Qui
1365 2942 1591 3003 spurce
1642 2925 1865 2986 dictum
1916 2941 2176 2987 comme·

114 3009 460 3072 morarent
445 3028 504 3070 ln
529 3008 722 3071 libera
744 3009 1007 3072 civitate.
1040 3025 1142 3092 [Eu
1158 3025 1438 3092 graphia
1452 3040 1477 3074 s
1495 3026 1547 3074 in
1566 3026 1769 3078 Terent.
1792 3025 1917 3074 Eun.
1943 3025 2004 3088 11,
2024 3024 2075 3083 2,
2094 3019 2176 3087 4.1

236 3112 296 3171 4.
337 3113 438 3171 Αιι
462 3110 609 3184 ista
642 3129 697 3172 si
726 3128 872 3172 vera
902 3120 1140 3185 essent,
1174 3111 1407 3173 sicate
1430 3109 1816 3171 dicerentur?
1871 3122 2173 3190 [Quincti

112 3193 331 3244 liunus
369 3194 586 3247 lib.X1.
626 3210 738 3260 cap.
782 3193 833 3246 3.
870 3197 920 3259 s.
962 3193 1102 3260 155.]

234 3262 293 3322 5.
339 3264 433 3323 Tu
462 3261 652 3336 istuc,
695 3264 775 3323 M.
812 3262 1029 3336 Calidi,
1074 3261 1192 3324 nisi
1226 3263 1525 3339 fingereS,
1562 3260 1652 3322 sic
1693 3259 1952 3334 ageres?
2001 3273 2169 3334 prae-

111 3345 322 3407 sertim
366 3363 552 3421 quum
602 3345 721 3407 ista
762 3346 1111 3423 eloquentia
1167 3346 1498 3407 alienorum
1553 3343 1860 3405 hominurn
1903 3341 2172 3416 pericula

2353 2148 2374 2169 V
2352 2060 2380 2123 ’ποι
2353 1950 2381 2039 ,ιὶδ
2351 1858 2381 1925 b!
2351 1688 2381 1785 nt·
2349 1359 2381 1625 nflflfl'ulf
2348 1203 2381 1338 ’λ’-ἑ
2346 1134 2381 1152 Ι
2347 928 2381 1103 ΙΠΠΔ
2352 729 2381 908 fill-A

2352 2191 2375 2325 uolt
