2381 3723
231 159 340 214 229
811 149 978 211 CAP.
1010 159 1271 214 48—50.
1320 161 1370 221 S.
1408 161 1601 216 166—
1620 164 1742 218 172.
2208 159 2335 221 419

236 304 467 377 canda,
513 320 638 378 quo
680 303 1070 378 nobiliorem,
1119 322 1304 380 quam
1348 322 1581 382 corpus
1636 314 1762 380 est,
1807 310 2050 382 sedem,
2110 329 2333 388 nempe

233 388 502 448 animum
543 386 782 464 ipsum,
828 397 1311 466 occupaverunt.
1406 390 1545 451 169.
1594 391 1864 465 Quodsi
1902 393 2101 470 turpis
2152 398 2335 457 dolor

232 473 454 532 nimius
499 481 560 533 et
591 473 1042 549 vituperatione
1087 473 1344 549 dignuS‚
1381 482 1547 535 certe
1588 475 1734 535 illud
1774 486 2227 553 consequetur,
2266 488 2334 540 ut

232 557 338 631 qui
369 554 554 617 nimio
579 557 781 619 dolori
811 574 882 619 se
914 558 1114 634 ipsum
1146 559 1349 619 tradat
1374 575 1452 619 ne
1478 560 1658 620 laude
1686 560 1934 635 quidem
1957 565 2082 623 ulla
2106 557 2330 639 dignus

237 648 586 701 censeatur.
675 642 788 703 Est
826 642 990 703 enim
1036 642 1233 703 series
1274 645 1579 717 quaedam
1609 644 1873 705 maxime
1910 648 2148 709 veritati
2186 664 2331 709 con-

231 734 528 786 sentanea
571 733 638 785 ut
671 726 1111 787 sententiarum
1148 726 1246 787 'sic
1277 725 1479 788 rerum
1526 734 1615 802 et,
1648 746 1833 804 quem
1868 732 1945 789 ad
1978 733 2229 793 modum
2267 732 2328 794 in

229 826 520 871 sermone
565 809 1109 887 disputationeque
1155 820 1367 872 nostra
1409 812 1671 873 nectitur
1710 814 1875 874 aliud
1918 832 1999 876 ex
2040 817 2197 889 alio,
2248 817 2328 877 ita

231 894 336 970 qui
379 911 450 955 se
501 901 621 955 una
666 894 875 971 aliqua
918 897 1016 955 vel
1050 893 1440 957 deformitate
1486 898 1583 955 vel
1620 895 1997 972 turpitudine
2031 900 2327 976 implicari

233 978 461 1053 patitur
490 979 693 1039 multis
736 977 938 1040 statim
983 980 1247 1041 miseriis
1284 997 1357 1041 ac
1402 981 1892 1043 deformitatibus
1926 984 2324 1060 opprimetur.

226 1065 293 1122 L.
347 1062 486 1123 170.
531 1065 656 1124 Nec
699 1080 852 1125 vero
904 1065 1072 1125 credi
1121 1064 1303 1125 velim
1337 1081 1469 1139 me,
1505 1065 1647 1141 quia
1688 1066 2114 1128 dolori·nimio
2146 1085 2327 1144 repu-

227 1163 441 1222 gnem,
471 1147 704 1208 idcirco
739 1149 1019 1210 dolorem
1057 1149 1225 1210 omni
1253 1166 1333 1230 ex
1363 1157 1541 1225 parte
1576 1149 1932 1230 improbare
1980 1165 2325 1228 omnesque

229 1233 390 1292 illius
424 1249 503 1292 ex
535 1232 736 1293 animo
778 1233 967 1293 fibras
1001 1235 1359 1295 evellendas
1394 1234 1765 1296 existimare.
1836 1235 1949 1297 Est
1980 1237 2139 1297 enim
2180 1254 2318 1312 qua-

228 1325 410 1378 tenus
446 1318 632 1378 homo
667 1318 877 1379 doleat
905 1327 966 1379 et
998 1347 1080 1362 -·—
1115 1320 1283 1393 quod
1322 1319 1662 1394 prudenter
1690 1333 1726 1379 a
1762 1316 2057 1381 Crantore
2095 1321 2325 1381 dictum

229 1409 328 1462 est
353 1434 438 1446 —
471 1401 606 1462 sive
637 1409 887 1463 secetur
918 1418 1065 1477 pars
1096 1402 1304 1477 aliqua
1334 1404 1616 1479 corporis
1655 1403 1790 1464 sive
1825 1406 2152 1479 avellatur,
2186 1422 2321 1465 sen-

230 1502 338 1545 sus
403 1492 607 1546 tamen
668 1487 896 1547 adesse
949 1487 1155 1547 debet.
1253 1489 1419 1548 Istuc
1477 1487 1636 1547 enim
1691 1488 1835 1548 nihil
1910 1490 2124 1551 dolere
2189 1488 2324 1548 fieri

230 1586 355 1630 non
397 1577 608 1646 potest
657 1572 804 1646 quin
838 1575 1020 1645 quem
1053 1572 1135 1631 ad
1177 1572 1427 1633 modum
1463 1572 1758 1632 feritatem
1798 1574 2083 1650 corporis
2115 1590 2324 1650 quani-

229 1655 371 1714 dam
403 1655 492 1714 sic
523 1655 709 1716 animi
750 1662 1070 1730 stuporem
1104 1656 1435 1716 maximum
1467 1655 1712 1718 indicet.
1808 1659 1945 1717 171.
1994 1658 2121 1719 Sed
2156 1657 2323 1718 nimi-

231 1755 362 1800 rum
397 1738 542 1799 illud
576 1746 700 1812 est,
745 1740 916 1815 quod
956 1739 1406 1816 improbamuS,
1453 1741 1653 1802 dolori
1702 1760 1817 1803 nos
1862 1742 2038 1820 ipsos
2080 1744 2163 1803 ita
2203 1749 2322 1802 tra-

228 1824 406 1896 dere,
436 1831 507 1885 ut
544 1824 599 1884 in
644 1826 824 1885 aliam
858 1826 1126 1886 sortasse
1163 1824 1513 1901 graviorem
1549 1841 1628 1886 ex
1662 1826 1778 1886 alia
1810 1835 1983 1903 parte
2018 1827 2322 1903 vitupera-

229 1908 460 1968 tionem
490 1908 850 1970 incidamus.
917 1912 1064 1969 Nam
1113 1927 1297 1986 quem
1340 1911 1419 1970 ad
1454 1911 1704 1970 modum
1744 1911 1847 1986 qui
1884 1911 2028 1970 nihil
2061 1927 2321 1987 prorsus

225 1994 436 2052 doleat
479 1993 830 2054 desciscere
873 1993 1155 2055 videatur
1188 1995 1277 2054 'ab
1324 1993 1588 2055 hominis
1629 2001 1875 2067 natura,
1922 2011 2080 2068 quae
2123 2001 2322 2054 morte

224 2078 516 2152 perculsa
556 2079 835 2139 dolorem
879 2081 1223 2138 ac‘luctum
1266 2079 1469 2154 aliquo
1509 2079 1696 2140 modo
1741 2079 2014 2138 indicare
2058 2079 2319 2154 cogitur,

223 2162 340 2233 ita,
389 2161 493 2237 qui
539 2161 739 2222 dolori
792 2161 1359 2238 nimis‘indulgeat,
1412 2163 1715 2223 humanae
1766 2170 2021 2224 naturae
2073 2162 2320 2240 penitus

225 2245 507 2306 oblivisci
553 2261 1067 2322 communemque
1109 2246 1377 2308 omnium
1425 2246 1851 2308 condicionem
1900 2263 2192 2308 recusare
2234 2245 2321 2307 iu-

224 2329 545 2390 dicabitur.
613 2330 845 2405 Quibus
889 2332 1077 2392 rebus
1125 2331 1476 2407 intelligitur
1517 2331 1789 2408 graviter
1831 2348 2097 2408 peccare
2131 2331 2320 2393 homi-

223 2431 368 2486 neS,
415 2433 600 2490 quum
641 2417 742 2476 vel
789 2432 892 2487 ea,
937 2432 1097 2491 quae
1130 2416 1415 2478 omnibus
1450 2417 1823 2493 perferenda
1868 2417 2321 2492 subeundaque

221 2506 406 2572 sunt,
453 2501 799 2560 detrectare
830 2501 1060 2561 audent
1101 2502 1199 2560 vel
1237 2499 1383 2575 quid
1423 2501 1599 2577 ipsos
1631 2501 1689 2561 in
1729 2501 1853 2561 vita
1887 2503 2106 2563 deceat
2138 2517 2321 2577 quae-

226 2599 349 2658 que
396 2584 575 2659 sequi
615 2591 722 2644 aut
760 2585 1048 2659 refugere
1092 2587 1360 2656 debeant
1409 2602 1533 2645 non
1591 2592 1851 2646 cernunt
1900 2587 2071 2648 satis,
2142 2586 2321 2665 Quod

219 2667 543 2743 proprium
570 2669 932 2744 prudentiae
965 2678 1339 2742 munusest,
1374 2684 1553 2743 quam
1581 2669 1986 2729 humanarum
2010 2670 2317 2731 actionum

219 2749 697 2812 moderatricem
743 2770 779 2812 a
823 2752 918 2813 dis
962 2752 1408 2814 immortalibus
1457 2769 1601 2813 esse
1643 2752 2037 2813 constitutam
2074 2753 2319 2813 infitiari

219 2852 403 2896 nemo
445 2843 674 2912 potest.
739 2837 878 2896 172.
923 2837 1114 2912 Atqui
1148 2839 1288 2898 huic
1320 2845 1441 2898 tam
1468 2840 1787 2913 praeclaro
1823 2837 2160 2913 divinoque
2192 2854 2317 2898 mu·

217 2919 353 2980 neri
407 2922 590 2994 plane
643 2921 921 2996 obsistit,
967 2921 1070 2996 qui
1112 2922 1295 2982 nimio
1353 2923 1569 2983 dolore
1616 2920 1879 2982 ducitur.
1950 2923 2086 2992 Non
2132 2922 2316 2983 modo

217 3004 381 3063 enim
426 3021 497 3065 se
530 3004 732 3081 ipsum
780 3006 914 3067 sine
953 3008 1076 3066 ullo
1122 3007 1323 3067 fructu
1368 3002 1633 3067 lacrimis
1682 3022 1755 3066 ac
1793 3005 2072 3067 tr1stitiae
2112 3004 2317 3079 tradit,

217 3089 335 3148 sed
371 3088 552 3149 etiam
602 3090 764 3151 omni
806 3094 988 3167 plane
1037 3091 1295 3152 consilio
1340 3107 1413 3150 ac
1455 3089 1679 3152 iudicio
1730 3098 1928 3150 vacat.
1997 3090 2115 3152 Ubi
2156 3089 2315 3151 enim

215 3171 409 3246 ratio,
449 3174 501 3233 si
532 3191 604 3236 se
637 3176 856 3235 dolore
886 3175 1111 3236 auferri
1143 3176 1342 3237 sinat?
1380 3174 1483 3235 ubi
1526 3175 1903 3249 constantia,
1940 3174 1992 3235 si
2026 3174 2141 3236 sibi
2181 3175 2317 3251 ipse

215 3264 528 3334 repugnet
549 3266 612 3319 et
639 3259 698 3319 in
723 3277 1004 3321 maerore
1036 3259 1274 3321 iaceat?
1316 3259 1421 3320 ubi
1452 3260 1720 3336 denique
1749 3259 2125 3333 humanitas,
2163 3260 2215 3320 si
2247 3275 2317 3318 se

215 3342 532 3405 hominem
582 3359 726 3404 esse
773 3342 996 3405 oblitus
1042 3344 1185 3403 nihil
1229 3343 1345 3404 sibi
1385 3360 1523 3405 cum
1566 3353 1763 3406 morte
1807 3361 2134 3405 commune
2172 3358 2315 3404 esse

219 3428 598 3488 contendat?
654 3430 777 3488 Iam
826 3445 976 3489 vero
1017 3427 1166 3488 illud
1213 3428 1669 3502 stultissimum,
1716 3428 2098 3571 θὶὲἰᾷῐέῐηειτθ,
2154 3443 2313 3503 quae
