2381 3723
609 122 751 184 Lm.
784 124 882 184 Ill.
930 123 1096 185 CAP.
1125 132 1385 189 28—30.
1431 134 1484 194 §-
1518 134 1848 189 102—109.
2126 126 2250 191 111

180 274 413 333 malum
433 271 678 350 quidem
694 290 838 335 esse
862 276 1124 336 maxima
1148 275 1509 339 auctoritate
1534 274 1885 352 philosophi
1914 276 2257 337 adfirmant.

181 355 459 431 Quorum
507 356 753 433 quidem
791 365 1013 421 testem
1043 376 1167 427 non
1214 359 1614 432 mediocrem,
1664 362 1776 421 sed
1817 361 1982 421 haud
2019 360 2149 425 scio
2180 377 2256 420 an

180 437 617 514 gravissimum
654 442 966 516 Regulum,
1008 442 1226 515 nolite,
1292 461 1549 520 quaeso,
1606 443 1974 518 vituperare.
2028 446 2257 519 ‘Quem

182 521 345 583 enim
386 521 853 600 locupletiorem
900 525 1249 601 quaerimus
1293 544 1475 604 quam
1514 527 2103 604 principempopuli
2133 529 2253 588 Ro-

182 606 378 680 mani,
435 608 538 681 qui
583 607 885 670 retinendi
918 610 1103 671 officii
1143 627 1333 671 causa
1375 613 1710 673 cruciatum
1750 609 2006 677 subierit
2047 614 2255 675 volun-

178 689 444 751 tarium?
528 693 677 753 Nam
723 694 890 768 quod
938 694 1132 768 aiunt,
1188 694 1471 759 ‘minima-
1508 696 1587 756 d‘e
1627 695 1858 768 malis’,
1900 695 1961 755 id
2006 703 2130 767 est,
2189 701 2258 755 ut

179 773 443 849 turpiter
478 775 683 852 potius
740 792 921 852 quam
966 776 1352 852 calamitose,
1406 795 1482 838 an
1534 788 1630 840 est
1660 782 1843 840 ullum
1874 779 2087 847 ,maius
2124 794 2255 838 ⁴ma-

180 859 306 917 lum
362 857 780 935 turpitudine?
852 877 1011 936 quae
1069 861 1126 925 si
1173 861 1249 921 in·
1289 862 1674 925 deformitate
1732 863 2012 939 corporis
2071 864 2255 924 habet

181 940 413 1016 aliquid
445 942 840 1018 offensioniS,
888 952 1115 1021 quanta
1157 945 1258 1006 illa
1297 945 1653 1022 depravatio
1685 955 1747 1008 et
1770 945 2036 1008 'foeditas
2070 944 2253 1020 turpi·

179 1024 346 1085 ficati
385 1024 566 1086 animi
610 1027 794 1088 debet
836 1027 1056 1089 videri!
1141 1029 1291 1090 106.
1346 1032 1559 1105 ltaque
1609 1029 1934 1107 nervosius
1978 1029 2083 1106 qui
2136 1030 2252 1090 ista

182 1107 501 1170 disserunt
528 1112 772 1172 solum
803 1113 1336 1175 audentmalum
1374 1112 1580 1174 dicere
1626 1112 1726 1186 id,
1782 1114 1983 1187 quod
2027 1121 2252 1189 turpe

182 1193 311 1265 sit,
347 1194 452 1267 qui
484 1201 685 1255 autem
716 1196 1063 1269 remissius,
1107 1195 1169 1256 hi
1202 1204 1400 1261 tamen
1432 1214 1555 1257 non
1590 1195 1868 1259 dubitant
1897 1212 2251 1256 summum

182 1276 451 1339 malum
485 1275 714 1339 dicere.
796 1281 946 1340 Nam
980 1279 1130 1345 illud
1164 1280 1430 1355 quidem,

350 1376 550 1451 Neque
579 1379 722 1438 dedi
745 1395 934 1453 neque
965 1379 1043 1439 do
1073 1379 1303 1451 infideli
1326 1381 1619 1453 cuiquam,

183 1473 415 1536 idcireo
447 1484 616 1537 recte
646 1493 681 1536 a
711 1480 928 1554 poeta,
976 1475 1145 1552 quia,
1205 1492 1388 1551 quum
1419 1483 1779 1537 tractaretur
1806 1479 2064 1546 Atreus,
2116 1488 2248 1548 per·

184 1574 378 1619 sonae
432 1558 823 1621 serviendum
875 1559 1004 1619 fuit.
1093 1559 1218 1620 Sed
1271 1558 1324 1620 si
1374 1561 1496 1620 hoc
1543 1558 1658 1621 sibi
1701 1565 1974 1630 sument,
2025 1559 2251 1629 nullam

184 1658 327 1703 esse
357 1643 543 1703 fidem
591 1661 747 1720 quae
777 1643 1006 1705 infideli
1051 1644 1196 1703 data
1233 1642 1340 1717 sit,
1394 1643 1643 1704 videant
1682 1660 1758 1704 ne
1801 1648 2132 1720 quaeratur
2171 1643 2250 1700 la-

180 1727 355 1786 tebra
393 1727 680 1802 periurio.
759 1728 911 1788 ·107.
956 1727 1067 1788 Est
1099 1727 1194 1788 ius
1243 1726 1419 1788 etiam
1455 1727 1738 1788 bellicum
1783 1728 2066 1802 fidesque
2101 1724 2249 1785 iuris

180 1808 419 1871 iurandi
469 1827 659 1889 saepe
706 1826 844 1874 cum
879 1812 1061 1873 hoste
1112 1812 1439 1872 servanda.
1530 1812 1705 1888 Quod
1764 1810 1921 1873 enim
1971 1810 2054 1870 ita
2093 1809 2250 1870 iura-

184 1906 306 1955 tum
340 1901 465 1967 est,
519 1902 588 1956 ut
616 1913 788 1957 mens
844 1895 1197 1970 conciperet
1235 1894 1369 1956 fieri
1419 1903 1736 1971 oportere,
1781 1895 1844 1954 id
1873 1895 2247 1955 servandum

181 1984 310 2038 est:
357 1981 524 2053 quod
572 1979 777 2053 aliter,
825 1981 886 2041 id
934 1978 986 2041 si
1027 1995 1152 2040 non
1194 1978 1439 2053 fecerit,
1492 1979 1720 2038 nullum
1763 1984 1858 2038 est
1896 1976 2246 2051 periurium.

178 2061 287 2134 Ut,
341 2062 396 2123 si
436 2062 855 2138 praedonibus
897 2070 1147 2158 pactum
1198 2080 1308 2137 pro
1366 2061 1562 2138 capite
1611 2060 1882 2136 precium
1924 2076 2047 2119 non
2098 2066 2247 2118 attu-

178 2143 358 2218 leriS,
389 2148 553 2207 nulla
582 2148 746 2208 fraus
784 2155 908 2221 est,
960 2163 1040 2207 ne
1081 2145 1133 2207 si
1167 2146 1413 2205 iuratus
1462 2143 1708 2220 quidem
1743 2143 1804 2204 id
1848 2160 1971 2203 non
2007 2139 2244 2201 feceris.

178 2228 329 2287 Nam
361 2227 557 2305 pirata
587 2247 707 2290 non
751 2238 848 2292 est
884 2247 962 2290 ex
1012 2228 1417 2306 perduellium
1460 2243 1715 2289 numero
1764 2227 2081 2299 definitus,
2135 2225 2245 2285 sed

181 2313 525 2374 commun-is
568 2312 764 2376 hostis
812 2314 1100 2375 omniurn.
1194 2314 1342 2373 Cum
1380 2313 1499 2373 hoc
1543 2327 1659 2372 nec
1701 2312 1859 2373 fides
1908 2312 2092 2371 debet
2133 2323 2248 2367 nec

177 2396 275 2458 ius
307 2395 627 2458 iurandum
653 2415 796 2460 esse
828 2413 1170 2459 commune.
1264 2392 1403 2456 108.
1447 2397 1577 2456 Non
1607 2396 1766 2456 enim
1797 2397 2011 2456 falsum
2050 2393 2247 2453 iurare

176 2478 496 2556 periurare
543 2490 667 2557 est,
721 2482 863 2555 sed,
916 2481 1083 2557 quod
1135 2497 1214 2541 Ex
1260 2495 1438 2539 Amm
1486 2496 1581 2537 rm
1634 2495 1956 2540 smnurm
2006 2473 2246 2548 iurariS,

177 2563 341 2624 sicut
384 2565 590 2626 verbis
639 2564 979 2640 concipitur
1021 2580 1194 2624 more
1236 2570 1483 2635 nostro,
1539 2562 1598 2620 id
1645 2580 1766 2623 non
1813 2563 2015 2627 facere
2050 2558 2247 2636 periu-

176 2648 335 2707 rium
370 2654 483 2708 est.
573 2648 736 2709 Scite
769 2648 927 2709 enim
957 2645 1308 2723 Euripides:

348 2746 564 2808 Iuram·
588 2752 823 2823 linqua,
867 2754 1109 2808 mentem
1140 2750 1460 2806 iniuratum
1485 2760 1649 2819 pero.

172 2845 455 2919 Regulus
486 2862 635 2907 vero
685 2862 806 2905 non
838 2844 1052 2906 debuit
1087 2843 1485 2906 condiciones
1517 2840 1964 2938 pactionesque
1997 2794 2247 2902 bellicas

173 2936 236 2988 et
283 2929 542 2990 hostiles
587 2930 946 3005 perturbare
999 2927 1283 3003 periurio.
1374 2929 1521 2988 Cum
1564 2928 1725 2987 iusto
1785 2926 1945 2986 enim
1997 2934 2056 2987 et
2106 2923 2253 3000 legi·

177 3012 324 3072 timo
367 3013 549 3074 hoste
593 3030 693 3073 res
738 3012 1092 3089 gerebatur,
1144 3012 1446 3073 adversus
1490 3028 1668 3086 quem
1714 3017 1775 3070 et
1804 3018 2000 3072 totum
2040 3009 2136 3069 ius
2170 3010 2247 3066 re·

174 3094 319 3157 tiale
351 3103 412 3157 et
441 3099 630 3158 multa
666 3103 809 3157 sunt
844 3096 975 3157 iura
1007 3095 1372 3156 communia.
1443 3095 1618 3167 Quod
1645 3093 1706 3154 ni
1735 3093 1817 3153 ita
1848 3100 2046 3163 esset,
2080 3107 2246 3149 num·

175 3197 363 3255 quam
398 3182 600 3241 claros
635 3180 801 3241 viros
830 3188 1080 3241 senatus
1111 3179 1353 3242 vinctos
1389 3178 1670 3240 hostibus
1697 3175 2053 3254 dedidisset.

300 3291 494 3352 XXX.
548 3290 687 3351 109.
775 3293 856 3351 At
917 3307 1063 3352 vero
1126 3292 1194 3352 T.
1257 3286 1547 3350 Veturius
1611 3303 1674 3346 et
1722 3286 1828 3360 Sp.
1879 3282 2248 3352 Postumius,

177 3392 366 3449 quum
394 3373 616 3435 iterum
655 3378 942 3436 consules
992 3381 1232 3447 essent,
1276 3371 1445 3448 quia,
1495 3386 1682 3444 quum
1719 3369 1875 3426 male
1912 3376 2247 3441 pugnatum
