2381 3723
163 121 269 179 179
820 111 986 172 CAP.
1017 120 1214 176 6—9.
1258 120 1309 181 S·
1342 120 1605 178 14—21.
2124 112 2252 177 369

161 275 284 326 tam
320 262 547 325 cotidie
578 271 967 340 oppugnant,
1008 262 1068 323 in
1105 262 1244 339 ipsa
1278 262 1410 323 acie
1442 280 1627 338 quum
1659 263 2068 341 proeliantur,
2111 265 2254 328 licet

159 348 360 425 loqui,
418 346 563 408 licet
602 347 952 423 disputare:
1011 346 1157 407 mihi
1204 347 1265 406 in
1308 363 1496 423 pace,
1542 346 1689 420 civi,
1732 347 1835 423 qui
1871 348 2250 424 perditorum

159 432 474 493 hominum
520 431 674 507 fregi
718 433 1017 506 furorem,
1071 446 1186 506 pro
1233 430 1495 492 fortunis
1537 432 1691 493 meis
1733 433 1901 508 apud
1930 448 2049 494 vos
2080 433 2250 509 loqui

160 534 286 578 non
341 514 591 576 licebit?
679 514 891 587 Servi,
959 514 1063 591 qui
1114 515 1195 574 ad
1248 513 1617 591 supplicium
1669 515 2033 577 verberibus
2084 517 2249 579 caesi

158 600 519 672 trahuntur,
564 598 728 675 apud
778 614 890 659 eos
935 614 1126 674 saepe
1167 597 1513 675 disputant,
1575 615 1735 674 quos
1775 616 2000 660 necare
2041 602 2251 661 volue-

160 690 331 745 runt:
387 698 504 757 ego
553 680 900 744 consularis
945 683 1113 758 apud
1148 698 1267 743 vos
1310 698 1434 743 non
1484 684 1736 758 loquar,
1794 700 1955 758 quos
2001 701 2249 747 conser-

162 766 350 827 vavi?
397 765 663 839 Tacebo,
695 764 748 827 si
770 782 1034 827 necesse
1058 772 1185 827 est:
1223 766 1465 841 tacebo,
1495 766 1764 843 inquam,
1796 768 2001 829 animo
2025 784 2249 845 aequo,

159 850 456 927 quoniam
502 849 700 911 virtus
742 866 879 911 mea
928 867 1027 911 me
1070 857 1316 911 tacente
1346 850 1473 925 agit
1502 866 1752 920 causam
1784 867 2001 912 meam.
2086 852 2247 913 vlu.

162 933 265 995 19.
310 936 526 1010 Itaque
554 941 623 995 ut
652 950 768 1008 ego
796 933 857 995 in
884 935 1174 995 contione
1200 949 1338 994 mea
1360 933 1504 994 nihil
1528 950 1757 1010 ponam
1782 936 1859 995 de
1881 934 2035 996 meis
2060 936 2249 1006 rebus

155 1016 354 1095 gestis
371 1065 387 1090 ,
423 1017 711 1079 tamenin
736 1017 952 1079 animis
980 1024 1042 1078 et
1067 1017 1366 1079 memoria
1386 1024 1599 1079 vestra
1620 1016 1870 1093 largiter
1889 1017 2248 1094 relinquam.

155 1102 270 1164 Isti
311 1102 500 1163 modo
547 1101 798 1163 videant
842 1117 966 1178 qua
1018 1102 1260 1163 ratione
1300 1102 1461 1162 hanc
1503 1118 1703 1163 meam
1743 1102 1997 1164 inultam
2043 1104 2246 1179 fugam

156 1188 324 1247 serre
374 1185 639 1261 possint.
727 1185 967 1258 Etenim
1010 1185 1064 1246 si
1109 1202 1146 1246 a
1185 1202 1313 1259 me,
1363 1192 1432 1247 ut
1463 1186 1565 1247 isti
1594 1184 1971 1260 existimant,
2011 1187 2251 1248 Lentuli

157 1268 386 1332 mortui
427 1270 682 1344 sordes,
723 1269 777 1331 si
809 1269 1101 1331 Catilinae
1130 1268 1495 1332 notissimus
1525 1271 1726 1344 furor,
1763 1268 1818 1331 si
1849 1269 2114 1331 amentia
2143 1270 2249 1331 Ce-

154 1353 357 1429 thegi,
395 1351 449 1415 si
480 1353 755 1415 luxuries
786 1371 860 1415 ac
894 1361 1110 1430 stupra
1127 1352 1322 1415 Cassii
1356 1369 1595 1430 poenas
1624 1360 1930 1430 repetunt,
1964 1355 2247 1431 profecto

153 1436 296 1499 istis
345 1438 501 1500 hora
542 1439 707 1499 nulla
739 1438 936 1499 eiecto
965 1438 1047 1498 M.
1072 1437 1266 1499 Tullio
1297 1453 1497 1498 vacua
1526 1454 1563 1498 a
1591 1436 1863 1514 periculo
1896 1445 2004 1499 aut
2030 1453 2251 1513 exspe-

157 1519 432 1583 ctatione
476 1521 735 1597 periculi
776 1523 1202 1598 relinquetur.
1264 1523 1482 1597 Itaque
1520 1520 1605 1582 illi
1651 1521 1711 1582 in
1754 1522 1886 1584 dies
1930 1538 2052 1583 non
2094 1520 2249 1583 meis

158 1604 435 1679 insidiiS,
478 1615 637 1680 quae
669 1606 873 1667 nullae
903 1622 940 1666 a
967 1622 1067 1666 me
1093 1612 1419 1682 parantur,
1454 1607 1566 1668 sed
1592 1622 1849 1668 suorum
1875 1604 2251 1668 conscientia

157 1690 467 1751 scelerum
522 1688 772 1751 cruciati
828 1688 973 1750 mihi
1017 1688 1260 1751 absenti
1303 1697 1367 1751 et
1407 1692 1640 1767 populo
1689 1692 1970 1752 Romano
2018 1690 2252 1751 dabunt

159 1788 421 1851 poenas.
511 1771 614 1835 20.
670 1775 835 1850 Quas
884 1774 965 1835 ob
1007 1789 1110 1834 res
1161 1790 1280 1850 ego
1322 1773 1706 1835 inimicorum
1750 1773 2053 1835 amentiae
2085 1773 2250 1848 cupi-

159 1855 460 1933 ditatique
510 1874 849 1934 paucorum
896 1857 1167 1920 omnium
1201 1857 1416 1920 salutis
1449 1874 1641 1920 causa
1663 1857 1994 1933 decedam,
2046 1873 2251 1933 neque

160 1959 241 2004 eo
281 1942 583 2003 deducam
627 1949 734 2004 aut
773 1943 1068 2019 progredi
1099 1942 1328 2019 patiar,
1372 1949 1446 2002 ut
1484 1958 1678 2018 opera
1719 1958 1857 2003 mea
1897 1957 2115 2002 manus
2161 1939 2251 2000 in·

156 2035 258 2087 ter
286 2042 405 2087 vos
444 2026 786 2088 conseratis
816 2027 1169 2102 caedesque
1207 2024 1432 2086 civium
1464 2025 1622 2086 inter
1659 2041 1729 2085 se
1765 2025 1898 2097 fiat,
1933 2027 2250 2101 multoque

157 2109 372 2188 potius
402 2109 539 2187 ipse
569 2110 764 2187 patria
785 2110 1122 2187 liberisque
1143 2109 1297 2170 meis
1322 2110 1546 2170 carebo
1575 2125 1759 2186 quarn
1780 2115 2041 2185 propter
2059 2125 2250 2170 unum

158 2209 262 2254 me
308 2210 427 2256 vos
471 2194 851 2257 defortunis
895 2193 1123 2255 vestris
1166 2192 1382 2268 reique
1417 2192 1702 2270 publicae
1737 2192 2056 2253 dimicetis.
2148 2190 2251 2252 Sic

161 2277 328 2339 enim
359 2279 437 2339 ab
467 2277 637 2340 initio
671 2277 758 2339 fui
786 2277 1123 2352 animatuS,
1157 2285 1227 2339 ut
1249 2295 1373 2339 non
1405 2277 1603 2355 magis
1634 2295 1734 2338 me
1760 2294 1897 2339 mea
1926 2293 2114 2337 causa
2143 2293 2250 2351 pu-

160 2369 359 2422 tarem
389 2378 534 2424 esse
562 2370 775 2425 natum
805 2379 988 2438 quam
1026 2360 1116 2423 rei
1149 2361 1434 2439 publicae
1465 2370 1877 2439 procreatum.
1967 2358 2069 2422 21.
2123 2358 2252 2421 Sed

158 2445 312 2507 illud
359 2463 592 2522 queror
626 2481 713 2491 —
761 2446 931 2522 quod
973 2462 1095 2507 non
1128 2445 1249 2506 iam
1288 2446 1368 2507 ad
1406 2447 1589 2509 unius
1617 2446 1980 2523 perniciem,
2025 2444 2139 2507 sed
2170 2442 2251 2504 ad

158 2528 598 2592 universorum
627 2530 947 2593 instruitur
977 2528 1379 2591 calamitatem
1407 2562 1482 2575 -—
1506 2578 1521 2604 ,
1564 2530 1892 2607 conqueri,
1928 2528 2251 2590 commise-

158 2613 316 2687 rari,
351 2613 590 2689 dicere,
626 2630 1003 2691 expurgare,
1044 2612 1464 2689 suspicionem
1497 2613 1844 2685 dimovere,
1893 2614 2121 2674 crImen
2160 2610 2262 2671 di·

157 2699 337 2758 luere
374 2715 500 2759 non
542 2699 757 2760 licere:
817 2715 927 2760 ore
971 2696 1608 2774 oppresso—cervices
1650 2713 1794 2759 esse
1821 2695 2245 2772 praebendas:

161 2797 326 2857 quae
356 2788 560 2843 tamen
593 2784 800 2845 omnia
830 2799 954 2844 non
986 2789 1108 2843 tam
1142 2788 1289 2843 sunt
1322 2781 1707 2855 calamitosa,
1745 2781 1913 2856 quod
1940 2777 2085 2841 mihi
2106 2785 2250 2840 sunt

159 2865 518 2941 subeunda,
565 2884 749 2942 quam
780 2865 1161 2943 perniciosa,
1197 2865 1367 2942 quod
1397 2865 1458 2926 in
1492 2882 1619 2926 rem
1650 2863 1958 2942 publicam
1989 2870 2134 2926 sunt
2162 2861 2250 2922 in-

156 2949 470 3011 troducta.
558 2950 658 3011 IX.
705 2953 899 3028 Quam
940 2952 1020 3012 ob
1062 2967 1190 3011 rem
1236 2956 1529 3011 statutum
1573 2957 1670 3011 est
1709 2957 1897 3027 atquc
1933 2950 2250 3011 decretum

156 3031 222 3096 in
267 3031 360 3093 his
404 3034 789 3111 temporibus
823 3033 1084 3097 civitatis
1123 3034 1325 3095 omnia
1364 3033 1634 3110 perpeti,
1681 3050 1841 3110 quae
1870 3034 2043 3094 volet
2077 3033 2256 3092 furor

156 3114 550 3179 libidinosus.
625 3119 767 3180 Vim
790 3122 1010 3182 volunt
1037 3120 1311 3181 adferre:
1353 3124 1603 3194 praesto
1634 3134 1791 3179 sum.
1878 3116 2113 3177 Eiicere
2136 3129 2252 3174 vo-

158 3201 325 3261 lunt:
377 3218 536 3264 exeo
568 3202 799 3265 indicta
830 3219 1039 3266 causa.
1099 3203 1325 3263 Nolunt
1354 3201 1595 3264 audire:
1649 3217 1898 3262 causam
1928 3217 2052 3262 non
2086 3198 2247 3259 dicO.

159 3283 349 3345 Aliud
393 3285 708 3364 quippiam
757 3296 1086 3349 conantur:
1152 3293 1365 3362 agant:
1435 3285 1578 3348 nihil
1628 3286 1795 3358 duri,
1848 3283 1994 3345 nihil
2042 3279 2252 3344 acerbi

163 3366 309 3428 mihi
353 3368 469 3431 erit
516 3372 687 3446 quod
729 3389 858 3433 rem
912 3369 1219 3446 publicam
1267 3370 1575 3433 tutabitur.
1662 3370 1794 3512 Νοὲ)
1841 3367 2000 3430 enim
2044 3366 2249 3426 victus

251 3468 361 3513 c1c.
394 3455 499 3515 lV.
531 3466 583 3520 3.
1793 3453 1834 3514 4
