2381 3723
747 151 890 210 LIB.
923 151 963 210 Ι.
1011 150 1179 210 CAP.
1218 161 1475 214 10-12.
1522 161 1573 222 s.
1604 161 1866 216 33—38.
2264 153 2343 216 13

266 298 493 377 patitur
543 298 604 360 in
661 301 933 363 exercitu
983 319 1335 377 remanere,
1394 303 1672 363 secundo
1732 319 1870 363 eum
1926 302 2155 378 obliget
2199 303 2347 364 mili·

266 382 386 443 tiae
442 392 863 460 sacramento,
932 385 1076 461 quia
1131 386 1339 462 priore
1398 384 1627 447 amisso
1690 385 1822 446 iure
1874 402 2013 447 cum
2062 387 2347 449 hostibus

263 483 546 542 pugnare
577 485 700 530 non
738 475 999 545 poterat.
1046 505 1131 514 —
1175 470 1277 532 37.
1316 471 1495 531 Adeo
1538 486 1777 531 summa
1815 478 1947 531 erat
1989 470 2344 531 observatio

263 550 327 610 in
371 551 532 612 bello
578 553 906 614 movendo.
994 555 1076 615 M.
1132 551 1383 631 quidem
1427 553 1674 616 Catonis
1726 552 1894 616 senis
1938 560 2036 616 est
2084 553 2348 630 epistola

264 635 347 694 ad
374 635 458 694 M.
491 633 713 710 filium,
759 637 818 697 in
853 655 976 713 qua
1003 637 1215 700 scribit
1254 655 1326 709 se
1356 636 1609 700 audisse
1640 655 1780 700 eum
1818 637 2075 700 missum
2121 639 2346 699 factum

264 733 414 779 esse
466 735 502 778 a
553 722 841 793 consule,
894 739 1080 798 quum
1132 721 1193 782 in
1243 720 1607 783 Macedonia
1652 722 1817 783 bello
1862 721 2110 784 Persico
2173 721 2345 782 miles

266 808 460 862 esset.
532 802 746 864 Monet
765 804 950 881 igitur
971 812 1039 866 ut
1061 812 1279 866 caveat
1307 822 1386 866 ne
1408 805 1710 882 proelium
1732 805 1927 867 ineat:
1968 813 2155 883 negat
2183 808 2345 867 enim

264 886 548 965 ius-esse
579 886 682 963 qui
712 887 887 948 miles
932 905 1057 950 non
1101 889 1180 952 sit
1212 906 1349 949 cum
1376 890 1559 951 hoste
1603 907 1900 967 pugnare.
1986 890 2117 952 XII.
2160 887 2346 964 Equi-

264 970 411 1029 dem
454 969 633 1031 etiam
684 970 832 1034 illud
884 971 1337 1048 animadverto,
1391 974 1585 1049 quod,
1641 974 1746 1050 qui
1792 974 2045 1052 proprio
2097 973 2345 1034 nomine

265 1057 287 1088 ‘
303 1054 674 1129 perduellis’
709 1063 909 1130 esset,
960 1057 1013 1118 is
1044 1056 1314 1118 ‘hostis’
1339 1063 1701 1132 vocaretur,
1754 1057 2004 1118 lenitate
2044 1056 2217 1118 verbi
2256 1054 2347 1118 rei

263 1136 575 1199 tristitiam
615 1138 985 1216 mitigatam.'
1033 1139 1246 1203 Hostis
1296 1140 1452 1200 enim
1503 1143 1670 1216 apud
1704 1141 1968 1203 maiores
2009 1147 2261 1203 nostros
2290 1138 2344 1201 is

265 1220 618 1296 dicebatur,
653 1240 834 1300 quem
859 1241 1023 1286 nunc
1052 1229 1074 1261 ‘
1087 1224 1516 1300 peregrinum’
1543 1223 1821 1286 dicimus.
1895 1223 2173 1285 Indicant
2196 1225 2345 1285 duo·

266 1304 468 1369 decim
499 1307 774 1382 tabulae,
817 1315 886 1370 ut
919 1325 1138 1370 surus
1180 1324 1315 1369 nms
1350 1324 1467 1367 cnm
1499 1324 1721 1384 nosm,
1768 1308 2068 1383 itemque:
2115 1325 2344 1368 Anvmx·

265 1407 374 1452 sus
419 1407 660 1452 nosris-‚u
703 1407 983 1452 Auream
1031 1409 1429 1454 Aucronms.
1505 1393 1661 1469 Quid
1688 1393 1769 1454 ad
1808 1393 1969 1452 hanc
1995 1398 2344 1453 mansuetu-

265 1473 473 1534 dinem
505 1475 648 1535 addi
692 1482 930 1553 potest,
978 1494 1146 1551 eum,
1206 1473 1451 1552 quicum
1492 1477 1719 1538 bellum
1747 1493 1961 1553 geras,
2012 1483 2137 1537 tam
2178 1472 2345 1537 molli

264 1557 517 1620 nomine
548 1562 902 1637 appellare?
976 1562 1356 1637 Quamquam
1386 1559 1449 1620 id
1481 1577 1705 1621 nomen
1740 1560 1954 1621 durius
1991 1557 2195 1620 effecit
2224 1560 2345 1619 iam

263 1649 576 1704 vetustas:
642 1660 679 1704 a
705 1644 1033 1721 peregrino
1066 1643 1227 1705 enim
1271 1645 1533 1705 recessit
1582 1651 1644 1705 et
1684 1642 1933 1721 proprie
1973 1643 2035 1704 in
2080 1660 2188 1718 eo,
2242 1640 2345 1718 qui

264 1730 438 1787 arma
471 1733 688 1789 contra
727 1730 943 1802 ferret,
972 1729 1303 1789 remansit.
1395 1725 1495 1788 38.
1541 1730 1738 1804 Quum
1770 1745 1922 1789 vero
1966 1728 2045 1788 de
2074 1724 2343 1804 imperio

265 1811 619 1872 decertatur
656 1811 944 1888 belloque
1001 1810 1318 1889 quaeritur
1364 1810 1587 1888 gloria,
1644 1829 1868 1875 causas
1912 1809 2159 1873 omnino
2204 1809 2345 1873 sub-

263 1911 412 1957 esse
452 1903 655 1956 tamen
695 1903 941 1972 oportet
985 1897 1268 1971 easdem,
1327 1914 1482 1971 quas
1533 1896 1657 1958 dixi
1704 1898 1910 1974 paullo
1966 1902 2108 1956 ante
2147 1896 2344 1957 iustas

265 1995 492 2040 causas
523 1996 668 2041 esse
696 1980 1015 2056 bellorum.
1089 1980 1214 2040 Sed
1246 1996 1321 2040 ea
1353 1981 1541 2053 bella,
1598 1978 1820 2053 quibus
1855 1978 2091 2053 imperii
2120 1995 2345 2054 propo-

265 2062 384 2124 sita
415 2061 613 2139 gloria
645 2069 768 2137 est,
821 2062 1020 2126 minus
1056 2064 1282 2124 acerbe
1310 2062 1585 2137 gerenda
1616 2069 1780 2131 sunt,
1850 2063 1930 2122 Ut
1966 2061 2127 2122 enim
2159 2079 2345 2137 quum

268 2147 524 2209 civiliter
549 2145 997 2222 contendimuS,
1022 2147 1213 2219 aliter,
1241 2164 1295 2208 sl
1319 2152 1416 2207 est
1436 2162 1734 2219 immicus
1762 2145 1954 2219 aliter,
1980 2145 2032 2207 si
2058 2145 2347 2221 competi·

266 2240 394 2306 tor,
419 2249 556 2293 cum
582 2234 774 2293 altero
801 2240 1110 2295 certamen
1134 2228 1391 2308 honoris
1416 2235 1476 2290 et
1497 2194 1805 2305 dignita’tis
1832 2237 1959 2304 est,
1994 2246 2128 2290 cum
2155 2231 2345 2290 altero

265 2280 484 2393 cap’itis
529 2323 593 2377 et
632 2317 859 2389 famae,
918 2314 1010 2377 sic
1042 2332 1190 2377 cum
1224 2300 1571 2388 CeltiberiS,
1625 2331 1764 2375 cum
1817 2313 2070 2375 Cimbris
2121 2314 2345 2375 bellum

261 2407 333 2461 ut
367 2417 507 2462 cum
537 2399 800 2462 inimicis
847 2389 1203 2475 gerebatur,
1255 2404 1393 2459 uter
1421 2405 1621 2473 esset,
1668 2417 1792 2461 non
1824 2407 1960 2460 uter
2000 2397 2345 2474 imperaret,

264 2501 409 2545 cum
437 2482 700 2558 Latinis,
733 2482 1009 2559 Sabinis,
1043 2481 1449 2557 Samnitibus,
1485 2481 1743 2557 Poenis,
1778 2482 2021 2562 Pyrrho
2055 2480 2176 2541 de
2160 2495 2347 2556 lmpe-

260 2569 358 2630 rio
393 2567 808 2631 dimicabatur.
859 2566 1053 2629 Poeni
1085 2564 1435 2641 foedifragi,
1472 2566 1736 2627 crudelis
1768 2564 2097 2638 Hannibal,
2128 2561 2348 2638 reliqui

261 2650 577 2713 iustiores.
615 2641 832 2728 Pyrrhi
858 2651 1102 2727 quidem
1126 2651 1206 2711 de
1229 2648 1487 2725 captivis
1511 2648 1844 2710 reddendis
1868 2648 1969 2708 illa
1995 2649 2342 2720 praeclara:

439 2737 561 2797 Nec
587 2738 672 2796 mi
698 2752 914 2796 aurum
935 2752 1116 2812 posco
1156 2752 1267 2796 nec
1300 2736 1386 2795 mi
1401 2736 1674 2809 precium
1706 2728 2023 2793 dederitis!

441 2820 560 2881 Nec
583 2826 988 2895 cauponantes
1015 2821 1255 2893 bellum,
1300 2819 1409 2879 sed
1434 2818 1864 2892 belligerantes,

442 2906 656 2977 Ferro,
700 2918 816 2963 non
845 2920 997 2964 auro
1025 2906 1203 2963 vitam
1232 2917 1547 2963 cernamus
1575 2903 1827 2975 utrique.

452 2989 640 3048 Vosne
666 2988 804 3047 velit
828 3003 907 3046 an
938 3004 1030 3047 me
1057 3003 1318 3061 reynare
1344 2987 1493 3045 hera
1522 2986 1735 3060 quidve
1759 2985 1931 3059 ferat
1954 2985 2125 3056 ForS,

420 3069 678 3132 ‘Virtute
703 3073 1109 3146 experiamur.
1192 3070 1273 3152 Et
1307 3070 1419 3130 hoc
1450 3070 1626 3129 simul
1653 3073 1860 3145 accipe
1902 3069 2120 3127 dictum
2139 3086 2159 3123 .-

444 3154 700 3225 Quorum
728 3151 930 3214 virtuti
949 3154 1087 3215 belli
1106 3153 1359 3227 fortuna
1383 3155 1668 3228 pepercit,

439 3239 798 3299 Eorumdem
831 3255 923 3298 me
949 3239 1210 3299 libertati
1224 3253 1486 3313 parcere
1513 3242 1737 3298 certum
1766 3242 1868 3296 est.

439 3323 603 3383 Dono
633 3323 827 3383 ducite
859 3324 1048 3397 doque
1073 3322 1390 3382 volentibus
1416 3336 1551 3381 cum
1578 3320 1811 3391 maenis
1842 3316 1953 3374 dis.

268 3403 516 3479 Regalis
557 3421 706 3466 sane
749 3414 810 3465 et
839 3403 1023 3481 digna
1058 3402 1467 3464 Aeacidarum
1498 3415 1725 3475 genere
1756 3392 2080 3456 sententia.
