2381 3723
1967 120 1996 140 01

2149 133 2234 195 33

163 283 546 357 voluptatem
577 282 656 341 ad
681 297 944 356 eamque
974 283 1249 342 feruntur
1272 283 1434 343 omni
1455 282 1711 358 impetu,
1742 280 2006 343 hominis
2029 289 2234 342 autem

162 381 339 425 mens
377 365 675 435 discendo
706 364 885 425 alitur
917 373 981 426 et
1009 363 1338 440 cogitando
1355 410 1370 438 ,
1423 381 1673 441 semper
1716 363 1945 441 aliquid
1986 370 2092 424 aut
2129 380 2231 423 an·

158 447 348 522 quirit
396 455 503 508 aut
542 447 668 523 agit
702 446 1077 522 videndique
1120 455 1183 508 et
1216 447 1504 510 audiendi
1543 447 1947 511 delectatione
1972 445 2229 507 ducitur.

159 530 317 604 Quin
369 531 582 603 etiam,
632 530 688 591 si
728 530 866 605 quis
921 538 1018 595 est
1061 532 1270 606 paullo
1316 531 1396 591 ad
1441 534 1791 607 voluptates
1842 528 2230 607 propensior,

161 614 351 674 modo
384 630 467 674 ne
494 613 574 674 sit
602 630 682 675 ex
711 615 1014 690 pecudum
1045 629 1274 689 genere
1294 651 1374 660 —
1400 624 1545 676 sunt
1572 614 1733 675 enim
1765 614 2013 690 quidam
2040 611 2231 674 homi-

162 713 276 757 nes
312 713 439 757 non
469 713 568 771 re,
612 697 727 758 sed
759 696 1006 758 nomine
1038 730 1140 771 —,
1174 697 1288 759 sed
1330 697 1383 758 si
1415 698 1550 774 quis
1586 705 1682 761 est
1710 700 1914 774 paullo
1949 695 2229 768 erectior,

160 779 451 855 quamvis
482 782 796 856 voluptate
844 779 1145 855 capiatur,
1206 782 1475 845 occultat
1519 789 1582 842 et
1619 780 1960 845 dissimulat
1999 778 2229 856 appeti-

160 873 293 923 tum
325 863 660 940 voluptatis
689 870 945 940 propter
983 863 1433 924 verecundiam.
1528 864 1665 925 106.
1717 865 1811 929 Ex
1859 881 1982 940 quo
2016 862 2229 925 intelli-

158 947 328 1021 gitur
367 947 653 1023 corporis
705 949 1081 1022 voluptatem
1132 965 1261 1013 non
1304 946 1453 1007 satis
1485 964 1628 1008 esse
1682 948 1924 1026 dignam
1963 943 2228 1008 hominis

160 1029 542 1104 praestantia
602 1046 873 1105 eamque
908 1031 1218 1091 contemni
1273 1037 1337 1090 et
1394 1029 1561 1091 reiici
1619 1038 1939 1107 oportere:
1996 1029 2090 1091 sin
2149 1026 2229 1089 sit

160 1112 470 1188 quispiam
513 1113 619 1188 qui
657 1112 881 1189 aliquid
922 1112 1147 1176 tribuat
1188 1113 1517 1190 voluptati,
1572 1113 1891 1190 diligenter
1928 1113 1985 1174 ei
2019 1120 2227 1173 tenen-

158 1197 312 1256 dum
355 1213 502 1257 esse
542 1197 674 1258 eius
717 1197 1011 1258 fruendae
1064 1198 1333 1259 modum.
1406 1198 1620 1273 Itaque
1662 1196 1861 1257 victus
1908 1197 2227 1271 cultusque

156 1278 450 1355 corporis
490 1280 570 1340 ad
608 1279 1018 1343 valetudinem
1063 1282 1366 1341 reseratur
1407 1281 1577 1341 etad
1606 1279 1799 1354 vires,
1854 1295 1980 1339 non
2014 1280 2093 1339 ad
2121 1294 2227 1338 vo·

159 1365 481 1438 luptatem.
550 1365 756 1440 Atque
787 1365 989 1436 etiam,
1027 1361 1081 1423 si
1109 1363 1506 1425 considerare
1542 1366 1827 1425 volumus
1862 1378 2021 1438 quae
2050 1360 2129 1423 sit
2164 1360 2227 1420 in

161 1455 382 1506 natura
411 1446 671 1508 hominis
703 1445 1063 1507 excellentia
1090 1455 1151 1506 et
1179 1445 1467 1522 dignitaS,
1498 1446 1906 1523 intelligemus
1938 1462 2120 1522 quam
2149 1442 2227 1505 sit

162 1541 343 1605 turpe
383 1528 666 1590 diffluere
703 1528 944 1591 luxuria
971 1535 1033 1590 et
1059 1529 1314 1591 delicate
1355 1547 1429 1592 ac
1469 1530 1729 1593 molliter
1765 1530 1977 1592 vivere
2019 1545 2227 1605 quam·

157 1628 283 1688 que
314 1613 642 1674 honestum
673 1630 877 1690 parce,
910 1612 1322 1688 continenter,
1352 1631 1599 1689 severe,
1632 1615 1859 1676 sobrie.

290 1697 431 1756 107.
473 1695 936 1773 Intelligendum
967 1696 1148 1757 etiam
1194 1706 1289 1759 est
1320 1699 1559 1760 duabus
1590 1698 1767 1775 quasi
1798 1715 1913 1759 nos
1944 1715 1982 1756 a
2011 1704 2225 1756 natura

159 1778 411 1841 indutos
466 1796 610 1841 esse
637 1780 950 1857 personiS,
1005 1798 1265 1854 quarum
1306 1792 1428 1843 una
1477 1781 1814 1844 communis
1866 1788 1962 1842 est
2007 1796 2086 1840 ex
2125 1796 2223 1850 eo,

160 1864 334 1939 quod
364 1881 583 1925 omnes
620 1864 951 1941 participes
981 1882 1197 1927 sumus
1226 1866 1479 1928 rationis
1509 1864 2043 1943 praestantiaeque
2071 1864 2223 1935 eiuS,

160 1963 284 2022 qua
329 1946 751 2010 antecellimus
788 1948 1034 2023 bestiiS,
1087 1967 1124 2009 a
1164 1967 1288 2025 qua
1328 1967 1509 2011 omne
1546 1951 1873 2011 honestum
1908 1949 2223 2008 decorum-

160 2047 281 2106 que
331 2030 589 2091 trahitur
641 2039 703 2092 et
732 2049 812 2093 ex
863 2050 983 2108 qua
1033 2032 1186 2094 ratio
1239 2031 1586 2093 inveniendi
1642 2029 1827 2092 officii
1868 2028 2222 2103 exquiritur,

158 2116 354 2175 altera
383 2122 618 2191 autem,
671 2132 829 2191 quae
860 2115 1112 2191 proprie
1140 2115 1396 2192 singulis
1422 2122 1519 2176 est
1544 2115 1788 2176 tributa.
1862 2114 1941 2174 Ut
1977 2110 2133 2172 enim
2162 2110 2222 2169 in

152 2197 532 2272 corporibus
587 2214 845 2275 magnae
912 2197 1437 2262 dissimilitudines
1488 2206 1660 2262 sunt:
1737 2196 1892 2266 alios
1948 2195 2223 2257 videmus

153 2279 486 2343 velocitate
538 2283 616 2342 ad
666 2299 945 2355 cursum,
1003 2282 1159 2345 alios
1210 2281 1438 2345 viribus
1482 2284 1560 2344 ad
1607 2283 1960 2345 luctandum
1998 2281 2222 2351 valere,

156 2363 428 2440 itemque
457 2364 519 2425 in
559 2366 772 2428 formis
813 2366 949 2427 aliis
983 2365 1337 2441 dignita-tem
1366 2367 1604 2441 inesse,
1651 2366 1784 2427 aliis
1820 2374 2222 2434 venustatem,

155 2447 245 2509 sic
277 2447 340 2508 in
372 2447 590 2509 animis
621 2450 926 2511 exsistunt
951 2450 1217 2512 maiores
1248 2450 1427 2512 etiam
1462 2450 1807 2514 varietates.
1900 2446 2038 2509 108.
2080 2447 2226 2506 Erat

155 2531 213 2591 in
255 2533 326 2591 L.
383 2532 639 2606 Crasso,
699 2532 760 2593 in
805 2534 872 2593 L.
918 2532 1198 2611 Philippo
1251 2538 1473 2595 multus
1524 2537 1734 2610 lepos,
1799 2532 1994 2594 maior
2043 2529 2224 2592 etiam

157 2614 483 2690 magisque
523 2615 602 2676 de
630 2615 929 2678 industria
970 2616 1031 2678 in
1063 2620 1124 2679 C.
1161 2619 1424 2678 Caesare
1466 2618 1533 2677 L.
1562 2618 1660 2679 F.:
1703 2623 1767 2677 at
1804 2616 2038 2677 eisdem
2078 2622 2224 2674 tem-

153 2697 415 2774 poribus
446 2698 507 2757 in
532 2700 611 2758 Μ.
645 2699 883 2762 Scauro
925 2700 1071 2761 etin
1105 2703 1187 2762 M.
1215 2704 1419 2764 Druso
1462 2702 1858 2762 adolescente
1898 2695 2223 2773 singularis

154 2780 492 2853 severitaffi
542 2780 603 2842 in
636 2783 696 2843 C.
736 2784 943 2845 Laelio
975 2787 1162 2845 multa
1188 2784 1489 2860 hilaritas,
1537 2783 1598 2845 in
1631 2785 1764 2844 eius
1796 2780 2068 2843 familiari
2098 2778 2223 2841 Sci·

155 2864 344 2940 pione
384 2864 630 2928 ambitio
674 2867 892 2939 maior,
950 2867 1075 2928 vita
1112 2867 1363 2930 tristior.
1436 2871 1528 2929 De
1558 2866 1806 2929 Graecis
1850 2873 2052 2929 autem
2096 2866 2221 2927 dul-

158 2964 288 3008 cem
324 2955 387 3009 et
430 2950 692 3012 facetum
733 2950 1058 3027 festivique
1103 2953 1408 3016 sermonis
1449 2960 1632 3029 atque
1667 2951 1727 3013 in
1759 2951 1923 3015 omni
1947 2952 2223 3013 oratione

156 3030 606 3107 simulatorem,
660 3051 849 3110 quem·
885 3036 1130 3113 εἴρωνα
1181 3036 1397 3098 Graeci
1437 3037 1855 3112 nominarunt,
1906 3036 2222 3097 Socratem

158 3114 544 3189 accepimus:
592 3126 807 3179 contra·
831 3119 1240 3195 Pythagoram
1274 3129 1337 3182 et
1364 3121 1655 3183 Periclem
1683 3137 1981 3184 summam
2015 3126 2224 3178 aucto-

159 3197 397 3259 ritatem
422 3212 795 3264 consecutos
827 3203 960 3264 sine
980 3204 1104 3264 ulla
1125 3203 1443 3268 hilaritate.
1514 3206 1805 3266 Callidum
1825 3200 2220 3265 Hannibalem

160 3296 236 3341 ex
264 3282 647 3359 Poenorum,
709 3303 788 3347 ex
829 3288 1057 3349 nostris
1101 3288 1360 3350 ducibus
1404 3290 1471 3363 Q.
1504 3290 1833 3349 Maximum
1871 3283 2220 3360 accepimus

158 3363 334 3425 facile
394 3370 626 3443 celare,
702 3378 936 3444 tacere,
1002 3371 1424 3444 dissimulare,
1495 3369 1812 3506 insidiari&
1872 3362 2241 3440 praeripere.

238 3466 354 3510 crc.
395 3452 498 3511 IV.
533 3462 586 3515 3.

642 131 782 190 LlB.
816 130 858 190 I.
906 131 1071 193 CAP.
1098 141 1186 194 29.
1221 141 1308 194 30.
1354 141 1407 201 §-
1440 142 1775 196 102-108,
