2381 3723
121 128 249 194 378
542 128 846 190 INCERTI
876 126 1260 190 Auc'roms
1295 125 1791 191 CONSOLATIO.
2130 142 2227 197 188

123 289 314 357 atque
340 279 615 357 asperis,
657 279 772 339 sed
804 295 966 354 quae
998 286 1202 340 tamen
1246 278 1515 341 animum
1550 279 1883 342 sollicitent
1906 287 1977 341 'et
2010 282 2225 344 huma·

124 382 238 428 nas
272 363 554 427 miserias
588 371 877 438 augeant.

243 450 378 510 vu.
424 447 525 510 23.
568 449 739 509 Haec
780 446 1044 523 longiori
1088 447 1371 510 oratione
1409 447 1707 524 persequi
1751 466 1874 511 non
1909 457 2013 512 est
2042 469 2223 528 prae-

122 533 321 594 sentis
360 531 649 593 instituti:
696 539 836 592 ante
882 534 1101 594 oculos
1142 531 1350 594 omnia
1388 538 1628 593 suntet
1662 533 1844 595 nobis
1875 535 2220 612 praecipue

120 634 189 677 re
218 616 357 692 ipsa
395 621 725 693 perspecta
757 622 821 676 et
858 618 1125 692 cognita.
1193 618 1319 677 Nec
1368 631 1516 677 vero
1551 615 1670 676 alia
1709 624 1810 678 est
1850 617 2222 681 feminarum

121 699 425 764 condicio.
479 703 607 760 Aut
633 697 792 759 enim
830 697 1050 761 iisdem
1092 707 1201 761 aut
1230 716 1446 776 pamm
1478 707 1648 760 certe
1687 700 1957 763 diversis
1995 711 2060 765 et
2090 720 2220 765 mo·

120 783 315 844 lestiis
348 790 409 843 et
438 781 776 860 angoribus
822 791 1152 845 vexantur:
1200 800 1339 846 nam
1377 790 1441 844 et
1467 782 1687 844 iisdem·
1718 786 1952 847 morbis
1985 787 2217 863 quibus

120 866 234 928 viri
274 874 338 929 et
377 866 596 929 iisdem
639 866 821 929 animi
874 866 1439 944 perturbationibus
1491 868 1844 945 mentisque·
1893 871 2215 933 erroribus

119 952 506 1014 obiiciuntur.
608 952 706 1012 24.
767 952 986 1028 quue
1038 951 1321 1015 miserior
1369 951 1611 1011 illarum
1660 960 1862 1014 status
1912 961 2042 1030 est,
2089 973 2211 1031 quo

117 1035 362 1101 mollior
383 1044 601 1098 natura
624 1043 687 1096 et
713 1037 790 1095 ad
828 1036 1254 1111 propulsanda
1277 1035 1672 1097 incommoda
1705 1037 2211 1115 calamitatesque

120 1122 522 1197 perferendas
561 1119 877 1182 infirmior.
937 1120 1206 1181 Easdem
1253 1133 1414 1197 quas
1455 1118 1567 1179 viri
1602 1136 1682 1180 ex
1718 1129 2065 1200 parentum,
2101 1125 2211 1183 lra-

118 1212 308 1277 trum‚
356 1221 674 1277 sororum,
711 1203 1005 1264 adfinium
1038 1203 1283 1265 interitu
1324 1202 1650 1265 molestias·
1675 1213 1738 1266 et
1767 1206 2026 1268 doleres
2063 1208 2214 1267 hau·

115 1287 307 1362 riunt,
342 1288 595 1352 maritos
632 1304 824 1364 saepe
856 1290 1090 1362 fatuos,
1129 1305 1346 1365 parum
1392 1289 1480 1348 de·
1508 1304 1576 1348 re
1607 1288 1952 1351 domestica
1985 1292 2211 1353 solliei-

116 1381 252 1446 tos,
308 1373 630 1450 pecuniam
690 1373 1139 1448 protendentes
1202 1371 1659 1434 nanciscuntur.
1769 1371 1868 1434 25.
1928 1374 2034 1435 Ex·
2084 1393 2209 1453 quo

118 1464 454 1533 paupertas
472 1465 535 1517 et
557 1459 780 1519 laetus.
814 1455 1047 1533 Quibus
1069 1456 1244 1517 malis
1268 1463 1731 1532 copremuntur
1747 1458 2018 1534 gravius,
2036 1461 2211 1536 quod

118 1557 274 1614 non,
336 1548 405 1601 ut
443 1540 755 1613 homines,
813 1541 1105 1617 indagare
1146 1548 1441 1617 possunt,
1488 1557 1612 1615 qua
1657 1543 1924 1603 maxime
1967 1543 2209 1606 ratione

118 1624 479 1684 medeantur
513 1624 920 1685 incommodis
968 1626 1286 1701 rebusque
1314 1623 1446 1686 suis
1482 1626 1829 1686 consulant.
1896 1626 2207 1702 Quantum

86 1707 306 1769 «Tullia
348 1723 489 1768 mea
517 1724 596 1769 ex
639 1707 827 1786 patris
857 1709 1075 1771 exsilio
1111 1706 1379 1781 doloris,
1414 1716 1708 1783 quantum
1742 1725 1821 1770 ex
1846 1710 2204 1775 maritorum

114 1792 429 1854 aerumnis
457 1798 519 1854 et
560 1793 1017 1854 difficultatibus
1050 1795 1256 1853 luctus
1285 1791 1734 1869 molestiaeque
1776 1793 2085 1872 percepit!
2134 1797 2207 1856 Et

116 1878 399 1954 quamvis
434 1880 705 1956 optanda
737 1878 917 1939 etiam
956 1877 1204 1938 minime
1237 1893 1435 1954 pauca
1465 1875 1524 1938 in
1558 1876 1681 1938 vita
1715 1878 1967 1952 viderit,
2012 1883 2202 1941 malo·

116 1979 255 2024 rum
292 1969 493 2024 tamen
539 1979 879 2041 paucorum
923 1978 1148 2025 sensus
1194 1963 1289 2022 vel
1324 1960 1699 2023 doctissimis
1737 1962 2088 2025 hominibus
2120 1964 2204 2024 iu-

114 2046 461 2110 dicantibus
491 2047 572 2108 ila
602 2049 869 2111 acerbus
900 2053 1026 2121 est,
1061 2053 1130 2108 ut
1151 2045 1336 2108 bonis
1379 2047 1478 2107 vel
1508 2045 1787 2122 plurimis
1824 2053 1894 2107 et‘
1918 2047 2201 2109 maximis

114 2139 442 2207 aequetur,
489 2132 796 2194 interdum
839 2131 1021 2193 etiam
1065 2132 1467 2208 praeferatur.
1537 2130 1847 2192 Permulta
1876 2138 2202 2208 praeterea

113 2214 172 2274 in
226 2215 352 2277 hoe
399 2232 629 2292 genere
680 2225 853 2290 sunt,
910 2230 1073 2291 quae
1124 2213 1386 2276 reticere
1433 2220 1708 2290 praestat
1757 2231 1943 2290 quam
1992 2217 2200 2276 edere.

115 2298 215 2361 26.
262 2299 388 2361 Sed
421 2316 643 2376 magna
666 2306 834 2360 certe
865 2302 964 2359 vel
996 2300 1119 2361 boe
1143 2316 1271 2361 uno
1295 2297 1926 2360 nomine-feminarum
1956 2299 2204 2361 miseria

114 2389 238 2455 est,
286 2383 488 2458 quod,
532 2398 713 2458 quam
757 2382 861 2442 diu
892 2380 1132 2458 vivunt,
1167 2398 1390 2458 parere
1431 2396 1679 2456 semper
1709 2390 2052 2458 cogunt-nr:
2097 2390 2206 2446 aut

114 2464 277 2525 enim
303 2466 596 2543 innuptae
629 2466 986 2544 parentibus
1019 2474 1081 2529 et
1109 2465 1415 2528 adfinibus
1438 2472 1545 2527 aut
1574 2472 1807 2543 nuptae
1833 2466 2068 2529 maritis
2097 2484 2203 2544 pa-

113 2555 250 2610 rent
282 2555 347 2612 et
375 2549 668 2613 serviunt.
730 2550 862 2626 Sic,
907 2569 1031 2628 quo
1065 2550 1264 2612 minus
1308 2551 1563 2624 liberae,
1596 2566 1676 2612 eo
1708 2549 1907 2627 magis
1937 2551 2204 2613 miserae

113 2649 229 2696 nec
273 2650 563 2712 umquam
602 2635 832 2698 liberae
875 2635 992 2698 nisi
1043 2652 1079 2696 e
1133 2636 1256 2696 vita
1309 2636 1646 2713 profectae.
1714 2636 1878 2713 Ergo
1920 2643 2206 2697 mortuae

110 2718 330 2780 beatae
375 2722 727 2783 censendae
767 2728 962 2783 erunt.
1035 2720 1160 2781 Nec
1204 2735 1355 2780 sane
1395 2719 1580 2780 video
1636 2717 1784 2795 quid
1828 2719 2035 2795 aptius
2085 2718 2206 2781 dici

113 2801 331 2878 possit.
389 2804 547 2880 Sed,
579 2813 648 2868 ut
684 2807 762 2866 ad
794 2820 911 2868 nos
942 2804 1117 2881 ipsos
1150 2804 1509 2875 redeamus,
1550 2801 1650 2864 cui
1691 2818 1853 2865 uxor
1884 2803 2203 2881 contingit,

110 2886 163 2946 is
206 2894 453 2964 praeter
495 2902 854 2952 communes
896 2887 1166 2951 omnium
1215 2887 1598 2950 calamitates
1637 2887 1975 2965 praecipuo
2022 2888 2201 2950 etiam

111 2970 394 3034 miseriae
422 2987 653 3048 genere
692 2973 1017 3050 premitur,
1052 2974 1223 3053 quod
1273 2990 1397 3034 non
1432 2973 1631 3042 solum
1676 2971 1839 3046 suis,
1871 2973 1989 3034 sed
2020 2973 2202 3035 etiam

111 3056 467 3118 domesticis
526 3056 742 3119 uxoris
797 3067 858 3119 et
906 3056 1168 3118 familiae
1219 3057 1520 3119 molestiis
1572 3055 1865 3132 curisque
1920 3066 2199 3118 vexatur.

108 3138 321 3217 Neque
373 3140 531 3201 enim
585 3142 663 3201 ab
717 3157 821 3215 ea,
873 3140 1119 3219 quicum
1171 3140 1483 3203 artissimo
1535 3138 1902 3201 matrimonii
1949 3139 2199 3202 vinculo

111 3223 567 3298 conglutinatus
599 3232 726 3299 est,
767 3232 875 3286 aut
911 3234 1114 3286 mente
1153 3233 1263 3287 aut
1301 3224 1675 3301 cogitatione
1705 3222 2028 3289 seiunctus
2059 3239 2199 3286 esse

109 3309 339 3374 potest.
447 3305 548 3366 27.
612 3309 830 3382 ltaque
891 3317 987 3369 tot
1049 3315 1311 3370 vexatus
1378 3306 1826 3370 calamitatibus
1887 3307 2199 3385 tenusque

112 3379 372 3445 miseriis
429 3386 873 3450 circumclusus
921 3391 1184 3453 hominis
1242 3390 1485 3453 animus
1536 3392 1682 3468 quid
1732 3390 2049 3468 egregium
2097 3397 2204 3452 aut
