2381 3723
125 137 229 192 125
887 121 1452 184 POEMATORUM.

119 281 274 339 Late
310 275 660 352 dispersum
695 292 819 336 non
861 275 1109 346 viderit,
1158 275 1323 334 haud
1357 276 1441 335 ita
1473 291 1620 334 vero

118 363 383 423 Caetera
415 376 486 420 se
520 367 729 436 speret
766 373 1149 435 cognoscere
1183 358 1363 434 signa
1395 365 1669 434 potesse.

249 447 531 518 Namque
560 443 756 519 pedes
786 444 1002 504 subter
1029 442 1212 505 rutilo
1242 458 1382 502 curn
1414 441 1640 502 lumine
1671 442 1861 500 claret

124 527 425 591 Fervidus
456 526 555 587 ille
592 525 810 588 Canis
844 529 1156 589 stellarum
1189 529 1329 586 luce
1362 526 1708 600 refulgens*

124 612 284 674 Huic
318 611 465 686 tegit
499 612 804 672 obscurus
835 611 1048 672 subter
1085 609 1451 686 praecordia
1476 616 1721 668 venter:

123 699 253 758 Nec
281 702 415 756 toto
452 695 695 771 spirans
727 693 943 755 rabido
978 696 1055 752 de
1088 709 1353 768 corpore
1392 693 1700 754 flammam

124 780 476 841 Aestiferos
511 777 730 839 validis
762 778 1024 853 erumpit
1057 776 1304 838 flatibus
1334 776 1540 852 ignes:

120 867 321 925 Totus
351 864 429 923 ab
462 878 569 924 ore
598 862 830 923 micans
860 862 1077 922 iacitur
1105 861 1463 922 mortalibus
1499 862 1704 921 ardor.

122 950 210 1009 Si
218 967 254 1008 r
268 951 387 1008 ion
417 949 576 1008 hunc
607 948 829 1008 Graeci
844 949 1172 1023 praeclaro
1201 948 1435 1005 no’mine
1463 947 1683 1005 dicunt.

126 1032 241 1092 Hic
271 1030 377 1091 ubi
409 1046 479 1092 se
517 1030 747 1105 pariter
774 1047 912 1092 cum
944 1030 1090 1090 Sole
1117 1028 1179 1089 in
1213 1029 1439 1089 lumina
1471 1029 1623 1088 caeli

127 1114 389 1187 Extulit,
436 1115 600 1174 haud
634 1113 860 1189 patitur
890 1115 1176 1174 foliorum
1205 1111 1473 1188 tegmine
1507 1113 1733 1173 frustra

123 1199 491 1274 Suspensos
527 1199 764 1259 animos
796 1199 1047 1259 arbusta
1087 1203 1306 1258 ornata
1337 1204 1565 1256 tenere.

126 1284 280 1342 Nam
312 1298 571 1357 quorum
605 1282 833 1357 stirpes
861 1283 1042 1342 tellus
1076 1282 1362 1356 amplexa
1392 1277 1735 1355 prehendit,

126 1367 298 1426 Haec
335 1381 570 1440 augens
603 1365 802 1426 anima
837 1365 1002 1426 vitali
1038 1364 1292 1425 flamine
1317 1365 1579 1423 mulcet:

127 1454 215 1511 At
249 1466 509 1525 quorum
545 1456 862 1524 nequeunt
890 1448 1133 1509 radices
1172 1448 1411 1507 findere
1440 1454 1657 1519 terraS,

128 1534 417 1594 Denudat
445 1532 602 1593 soliis
634 1549 842 1594 ramos
879 1541 940 1594 et
971 1533 1201 1593 cortice
1229 1538 1506 1592 truncos».

136 1618 490 1678 Pendentem
518 1618 799 1678 occiduas
823 1620 998 1677 etiam
1029 1618 1187 1677 hunc
1211 1619 1488 1677 sentimus
1514 1616 1601 1674 ad
1625 1628 1767 1674 oras
1784 1632 1803 1670 .·

132 1703 384 1761 Caetera
415 1703 727 1776 siquandis
752 1708 892 1761 sunt
924 1701 1218 1774 lanyuida
1247 1702 1452 1760 sidera
1481 1699 1772 1759 membris.

259 1785 436 1843 Hunc
462 1791 717 1860 propter
744 1785 1081 1859 subterque
1107 1784 1322 1857 pedes,
1345 1796 1518 1858 ¹quos
1546 1780 1809 1841 diximus
1835 1782 1996 1847 aute,

130 1867 362 1931 Orioni’
396 1868 555 1929 iacet
584 1868 821 1944 levipes
851 1865 1124 1945 Lepus.
1193 1868 1306 1927 Hic
1337 1865 1487 1943 fugit
1516 1866 1675 1926 ictus

129 1951 477 2013 Horrificos
509 1959 791 2014 metuens
821 1953 1008 2013 rostri
1037 1951 1483 2011 tremebundus
1514 1946 1696 2009 acuti.
1789 1985 1798 1994 ·

131 2039 285 2098 Nam
318 2035 497 2096 Canis
528 2035 755 2098 infesto
788 2034 1360 2111 sequiturflvestigia
1390 2048 1597 2104 cursu,

132 2119 642 2196 praecipitantem
675 2119 945 2195 agitans,
997 2118 1206 2180 oriens
1236 2119 1357 2177 iam
1390 2115 1660 2190 denique
1689 2111 1914 2188 paullO,

135 2203 518 2264 Curriculum
551 2220 883 2279 numquam
918 2204 1171 2263 defesso
1210 2198 1476 2277 corpore
1505 2198 1756 2261 sedans.

264 2289 348 2347 At
379 2287 558 2349 Canis
589 2289 665 2347 ad
700 2288 956 2348 caudam
994 2302 1257 2362 serpens
1299 2282 1639 2360 prolabitur
1680 2281 1882 2354 Argo

136 2373 519 2433 conversam
555 2387 705 2447 prae
733 2387 804 2431 se
841 2379 1094 2446 portans
1133 2386 1272 2430 cum
1309 2369 1534 2429 lumine
1568 2361 1855 2442 puppim:

136 2457 273 2516 Non
303 2454 459 2515 aliae
497 2471 689 2516 naves
720 2461 790 2515 ut
817 2454 876 2515 in
913 2456 1035 2515 alto
1070 2469 1308 2529 ponere
1339 2468 1558 2528 proras

138 2541 302 2598 Ante
332 2541 536 2599 solent
562 2547 767 2599 rostro
798 2537 1101 2615 Neptunia
1130 2544 1304 2613 prata
1337 2543 1642 2603 secanteS,

140 2622 264 2683 Sed
304 2637 610 2683 conversa
640 2629 805 2683 retro
840 2621 993 2683 caeli
1023 2637 1096 2683 se
1134 2636 1247 2696 per
1276 2621 1411 2681 loca
1442 2622 1678 2693 portat:

142 2705 340 2778 Sicut,
387 2723 575 2781 quum
612 2713 903 2782 coeptant
931 2713 1100 2767 tutos
1132 2703 1491 2779 contingere
1522 2704 1760 2777 portuS,

138 2790 486 2851 Obvertunt
518 2806 741 2850 navem
773 2806 997 2865 magno
1030 2805 1168 2850 cum
1200 2788 1478 2864 pondere
1508 2788 1731 2844 nautae
1801 2801 1804 2806 ⁴
1843 2795 1848 2804 ·

134 2871 892 2950 Adversamquetrahunt
927 2881 1139 2950 optata
1166 2873 1246 2933 ad
1276 2870 1478 2932 littora
1510 2863 1783 2943 puppim·
1822 2913 1843 2925 .

140 2956 247 3017 Sic
280 2972 583 3018 conversa
620 2968 802 3020 vetus
833 2971 1024 3033 super
1052 2957 1303 3017 aethera
1331 2951 1587 3013 vertitur
1618 2952 1807 3022 Argo,

136 3043 351 3115 Atque
381 3058 584 3117 usque
611 3058 649 3102 a
677 3059 869 3118 prora
900 3043 979 3100 ad
1018 3043 1252 3101 celsum
1286 3038 1421 3099 sine
1451 3033 1678 3096 lumine
1711 3031 1952 3100 malum,

140 3128 200 3185 A
233 3127 393 3184 malo
426 3126 506 3186 ad
537 3126 794 3203 puppim
826 3142 963 3186 cum
994 3124 1219 3185 lumine
1252 3124 1418 3183 clara
1448 3119 1705 3188 videtur,

141 3210 296 3269 Inde
323 3210 760 3285 gubernaclum
793 3210 1077 3285 disperso
1111 3206 1337 3267 lumine
1361 3206 1608 3279 fulgens

140 3292 306 3353 Clari
335 3293 686 3368 posteriora
717 3293 896 3355 Canis
927 3291 1190 3366 vestigia
1220 3287 1449 3350 condit.

266 3376 424 3439 Exin
456 3384 757 3439 semotam
790 3378 1006 3452 procul
1047 3375 1106 3436 in
1136 3381 1394 3448 tutoque
1423 3374 1685 3433 locatam

2085 118 2210 180 315

2055 264 2207 344 (ios)

2105 614 2212 666 350

2055 693 2204 763 (110)

2107 1029 2210 1083 355

2060 1192 2210 1262 (115)

2063 1777 2214 1846 (120)

2112 1851 2245 1919 365‘

2065 2193 2216 2263 (125)

2117 2281 2224 2336 370

2068 2612 2218 2680 (130)

2117 2696 2221 2751 3⁷5

2071 3026 2219 3095 (135)
