2381 3723
91 101 178 165 92
901 97 1001 155 DE
1041 82 1361 156 omens

94 252 425 316 maioribgs
454 247 804 324 accepimus
844 263 1075 309 morem
1117 244 1379 322 rogandi
1412 243 1659 319 iudicis,
1717 247 1769 306 si
1815 262 1955 306 eum
1995 253 2169 306 tene⁶

92 354 328 410 remuS,
380 350 539 404 QUAE
585 348 784 394 sAth
822 348 955 392 rum
1002 345 1232 390 mesas
1271 345 1512 391 possm.
1586 330 1755 390 Haec
1800 326 2038 406 rogatio
2084 329 2169 389 ad

95 439 168 483 ea
202 418 490 496 pertinet,
546 433 705 491 quae
744 416 951 493 paullo
1002 420 1144 475 ante
1175 413 1302 474 dixi
1343 414 1606 475 honeste
1642 411 1837 475 amico
1884 429 1921 474 a
1962 411 2171 474 iudice

95 521 287 582 posse
330 501 607 563 concedi.
686 501 854 573 Nam,
910 498 964 560 si
1000 497 1205 560 omnia
1257 499 1535 559 facienda
1576 497 1725 570 sint,
1787 512 1946 573 quae
1986 496 2170 557 amici

97 588 309 661 velint,
341 603 466 647 non
502 582 799 645 amicitiae
830 584 1016 657 tales,
1049 583 1163 643 sed
1200 579 1656 643 coniurationes
1683 582 1990 658 putandae
2023 580 2168 641 sint.

92 673 197 731 45.
242 671 494 744 Loquor
518 675 718 728 autem
745 668 823 727 de
855 665 1281 727 communibus
1314 662 1620 727 amicitiis:
1664 682 1804 725 nam
1835 664 1897 725 in
1922 661 2168 740 sapien·

93 755 255 815 tibus
293 750 439 814 viris
479 749 898 827 perfectisque
931 749 1076 810 nihil
1112 756 1322 826 potest
1352 765 1496 811 esse
1525 750 1664 809 tale.
1731 750 2070 810 Damonem
2108 756 2173 809 et

94 835 387 899 Phintiam
419 835 843 912 Pythagoreos
879 835 1081 895 ferunt
1120 833 1241 894 hoc
1271 831 1472 894 animo
1504 833 1663 893 inter
1702 849 1772 894 se
1804 833 2026 905 fuisse,
2079 840 2168 905 ut,

97 938 281 997 quum
315 937 526 981 eorum
565 918 739 980 alteri
768 916 1103 995 Dionysius
1146 924 1446 995 tyrannus
1490 915 1650 978 diem
1684 916 1853 977 necis
1902 915 2170 978 destina·

97 1006 289 1065 visset
320 1012 381 1066 et
408 1004 495 1075 is,
528 1004 630 1079 qui
667 1002 846 1064 morti
880 999 1159 1062 addictus
1192 1008 1388 1075 esset,
1421 1016 1660 1077 paucos
1690 999 1806 1065 sibi
1838 999 1970 1061 dies
2004 1016 2169 1061 com-

95 1089 580 1149 mendandorum
626 1102 881 1149 suorum
925 1101 1113 1146 causa
1160 1083 1632 1161 postulavisset,
1684 1101 1798 1146 vas
1849 1086 2046 1145 factus
2093 1081 2172 1144 sit

95 1175 248 1234 alter
270 1171 401 1233 eius
427 1170 811 1245 sistendi,ut‚
836 1170 889 1232 si
912 1170 1010 1231 ille
1033 1186 1154 1229 non
1184 1167 1559 1242 revertisset,
1591 1166 1976 1230 moriendum
2000 1175 2173 1229 esset

93 1255 232 1333 ipsi.
311 1254 422 1331 Qui
441 1273 657 1331 -quum
700 1255 778 1315 ad
823 1253 982 1315 diem
1029 1269 1099 1314 se
1148 1252 1519 1330 recepisset,
1570 1251 1904 1314 admiratus
1951 1268 2169 1313 eorum

94 1340 279 1400 fidem
311 1348 609 1417 tyrannus
642 1338 884 1413 petivit,
937 1344 1004 1397 ut
1045 1353 1116 1398 se
1148 1338 1227 1397 ad
1272 1336 1588 1398 amicitiam
1624 1335 1868 1397 tertium
1898 1334 2168 1397 ascribe-

93 1431 245 1483 rent.
334 1422 435 1482 46.
482 1423 676 1496 Quum
721 1420 903 1497 igitur
940 1421 1033 1493 id,
1090 1422 1260 1497 quod
1310 1420 1457 1482 utile
1499 1419 1740 1481 videtur
1780 1419 1841 1480 in
1883 1419 2170 1493 amicitia,

94 1523 234 1566 cum
264 1522 370 1578 eo,
424 1506 590 1580 quod
636 1505 962 1565 honestum
1008 1512 1133 1578 est,
1188 1511 1610 1582 comparatur,
1654 1505 1849 1565 iaceat
1892 1502 2169 1565 utilitatis

95 1588 369 1665 species,
425 1591 626 1648 valeat
664 1588 982 1648 honestas.
1059 1588 1254 1663 Quum
1307 1594 1509 1649 autem
1558 1589 1615 1648 in
1667 1586 1954 1661 amicitia,
2008 1603 2170 1663 quae

97 1673 354 1732 honesta
387 1689 508 1732 non
546 1679 721 1745 sunt,
754 1672 1256 1747 postulabuntur,
1297 1671 1509 1748 religio
1542 1680 1603 1733 et
1633 1672 1789 1733 fides
1832 1679 2169 1746 antepona-

97 1766 191 1816 tur
222 1753 535 1816 amicitiae.
610 1755 711 1815 Sic
741 1754 1063 1815 habebitur
1090 1755 1171 1829 is,
1225 1772 1408 1831 quem
1440 1755 1842 1832 exquirimus,
1887 1756 2170 1817 delectus

94 1838 299 1901 officii.
384 1840 486 1902 XI.
547 1839 670 1901 Sed
717 1838 985 1901 utilitatis
1029 1839 1240 1917 specie
1289 1839 1348 1901 in
1394 1856 1462 1902 re
1507 1839 1754 1918 publica
1804 1838 2168 1918 saepissime

93 1932 413 2002 peccatur,
457 1932 523 1986 ut
565 1924 624 1985 in
663 1922 929 1986 Corinthi
962 1923 1408 1986 disturbatione
1447 1925 1667 1986 nostri:
1730 1924 1941 1986 durius
1984 1924 2168 1985 etiam

92 2008 535 2083 AthenienseS,
592 2008 696 2085 qui
735 2007 1050 2070 sciverunt
1106 2016 1171 2070 ut
1212 2008 1563 2085 AeginetiS,
1621 2008 1726 2085 qui
1759 2011 1963 2069 classe
2005 2010 2168 2069 vale·

94 2093 269 2166 bant,
321 2093 577 2169 pollices
610 2093 1132 2169 praeciderentur.
1207 2093 1343 2154 Hoc
1382 2092 1582 2153 visum
1626 2102 1723 2154 est
1762 2092 1938 2153 utile:
1985 2092 2169 2153 nimis

93 2175 254 2235 enim
304 2176 658 2236 imminebat
717 2185 973 2252 propter
1019 2176 1537 2253 propinquitatem
1590 2177 1828 2253 Aegina
1889 2175 2166 2237 Piraeeo.

95 2257 218 2317 Sed
262 2257 405 2318 nihil
451 2259 620 2333 quod
662 2261 912 2321 crudele
962 2260 1137 2322 utile:
1186 2268 1285 2322 est
1324 2259 1483 2321 enim
1527 2261 1867 2342 hominum„
1892 2268 2169 2334 naturae,

96 2357 278 2415 quam
310 2342 490 2416 sequi
513 2342 842 2415 debemuS‚
875 2344 1138 2406 maxime
1166 2344 1409 2404 inimica
1436 2343 1787 2406 crudelitas.
1860 2346 1961 2405 47.
2007 2346 2169 2404 Male

94 2424 275 2484 etiam
328 2424 432 2499 qui
472 2428 836 2501 peregrinos
879 2427 1133 2489 urbibus
1181 2428 1268 2488 uti
1309 2428 1639 2506 prohibent
1676 2446 1915 2504 eosque
1965 2434 2167 2489 exter.-

94 2505 350 2581 minant,
374 2514 444 2568 ut
468 2508 714 2591 Pennus
738 2512 905 2587 apud
925 2519 1134 2587 patres
1166 2520 1449 2586 nostros,
1484 2512 1708 2589 Papius
1734 2529 1951 2589 nuper.
2014 2513 2166 2571 Nam

94 2594 275 2652 ‘ESSE
314 2607 426 2653 Pno
470 2610 606 2655 mvn
658 2610 757 2663 QUI
803 2599 962 2657 clv1s
1012 2612 1133 2656 Non
1175 2601 1302 2658 ειν
1360 2605 1591 2658 rectum
1647 2605 1743 2658 est
1791 2614 1915 2658 non
1960 2594 2168 2671 licere,

94 2691 275 2751 quarn
306 2678 502 2753 legem
527 2680 796 2740 tulerunt
823 2677 1262 2756 sapientissimi
1286 2682 1574 2742 consules
1609 2683 1868 2743 Crassus
1900 2689 1962 2741 et
1985 2680 2166 2741 Scae-

92 2762 262 2821 vola:
308 2779 427 2823 usu
456 2779 608 2824 vero
642 2762 810 2824 urbis
838 2762 1165 2841 prohibere
1198 2764 1558 2840 peregrinos
1589 2781 1741 2827 sane
1770 2764 2166 2826 inhumanum

93 2853 205 2903 est.
276 2842 381 2903 Illa
409 2849 754 2921 praeclara,
785 2845 845 2908 in
875 2847 1097 2924 quibus
1130 2847 1412 2925 publicae
1438 2847 1708 2910 utilitatis
1740 2848 1985 2926 species
2015 2864 2169 2924 prae

90 2927 415 2988 honestate
460 2929 888 2992 contemnitur.
960 2933 1145 2993 Plena
1195 2933 1617 3009 exemplorum
1661 2946 1758 2994 est
1802 2939 2019 2995 nostra
2064 2948 2165 2991 res

91 3010 337 3085 publica
388 3028 571 3087 quum
626 3030 816 3091 saepe
872 3024 996 3077 tum
1049 3014 1311 3077 maxime
1361 3017 1523 3078 bello
1576 3016 1805 3078 Punico
1864 3016 2166 3088 secund0,

90 3111 249 3167 quae
300 3094 602 3157 Cannensi
652 3098 994 3160 calamitate
1044 3108 1300 3176 accepta
1353 3100 1616 3162 maiores
1665 3098 1905 3162 animos
1953 3100 2168 3160 habuit

91 3194 271 3250 quam
328 3196 614 3255 umquam
663 3181 851 3243 rebus
891 3184 1202 3244 secundis.
1273 3184 1448 3245 Nulla
1494 3183 1728 3247 timoris
1773 3183 2162 3261 significatiO,

90 3260 253 3320 nulla
281 3262 506 3323 mentio
545 3263 733 3340 pacis,
809 3265 1002 3326 Tanta
1031 3266 1125 3328 vis
1167 3275 1265 3328 est
1294 3268 1565 3344 honesti,
1611 3276 1678 3330 ut
1707 3267 1976 3346 speciem
2008 3266 2163 3329 utili-

90 3340 225 3402 tatis
270 3341 579 3404 obscuret.
669 3345 770 3407 48.
826 3349 1236 3411 Athenienses
1276 3369 1459 3427 quum
1502 3353 1825 3414 Persarum
1867 3353 2158 3430 impetum
