2381 3723
708 458 1190 542 Puoonmmm
1250 457 1660 542 EDlTllRlS.

271 734 453 815 Etiam
492 763 547 812 in
589 762 672 814 his
714 764 782 818 M.
822 763 976 815 Tullii
1009 765 1267 817 Ciceronis
1311 767 1558 832 scriptis,
1598 781 1727 830 quae
1762 766 1861 821 hoc
1892 769 2044 818 tertio
2079 770 2218 820 volu-

141 831 279 882 mine
329 833 491 898 partis
553 840 762 896 quartae
811 836 1155 897 continentur,
1216 836 1638 901 recognoscendis
1691 836 1921 886 eamdem
1966 852 2115 900 quam
2165 839 2218 888 in

140 904 359 952 caeteris
409 900 552 950 libris
592 903 838 952 rationem
876 905 1186 967 sequendam
1223 906 1426 970 putavi,
1474 913 1530 953 ut
1568 905 1621 954 in
1656 905 1969 956 emendanda
2003 907 2219 971 scripto-

138 970 211 1019 ris
253 971 510 1039 oratione,
563 985 714 1033 quam
759 974 981 1022 maxime
1016 974 1086 1024 id<
1113 973 1225 1022 fieri
1267 974 1465 1038 potuit,
1520 973 1585 1023 ad
1622 974 1925 1038 optimorum
1974 974 2220 1025 librorum

138 1043 491 1090 auctoritatem
527 1040 821 1102 accederem
858 1049 907 1090 et
940 1050 1048 1093 tum
1085 1042 1287 1092 demum
1305 1079 1320 1103 ,
1358 1042 1447 1091 ubi
1485 1042 1605 1091 libri
1641 1050 1815 1107 aperte
1850 1045 2073 1109 corrupti
2104 1058 2220 1094 esse

136 1109 462 1167 viderentur,
499 1107 566 1157 ad
601 1122 740 1158 meas
772 1117 858 1159 aut
893 1109 1111 1161 aliorum
1148 1111 1524 1162 emendationes
1560 1110 1903 1175 confugerem.

275 1179 353 1228 Ac
401 1177 624 1241 primum
671 1179 876 1241 quidem
912 1180 965 1228 in
1013 1180 1184 1241 libris,
1240 1182 1327 1243 qui
1370 1187 1488 1233 sunt
1536 1180 1600 1229 de
1645 1181 1849 1245 officiis,
1916 1181 2216 1231 Orellianam

135 1246 448 1307 editionem,
488 1260 617 1308 quae
659 1246 830 1297 Turici
859 1263 989 1298 anno
1027 1258 1416 1302 uncccxxvm.
1451 1248 1671 1313 prodiit,
1717 1256 1928 1312 propter
1974 1250 2217 1300 librorum

134 1316 516 1372 auctoritatem,
557 1330 586 1364 e
622 1315 804 1378 quibus
842 1317 931 1366 llla
965 1319 1218 1376 manavit,
1256 1319 1403 1381 quasi
1435 1332 1530 1382 pro
1567 1316 1895 1367 fundamento
1925 1319 2105 1382 posui,
2148 1321 2220 1368 ita

132 1392 338 1449 tamen,
385 1391 441 1432 ut
477 1391 526 1432 et
559 1383 689 1434 Rud.
730 1384 1082 1451 Stiirenburgii
1119 1386 1373 1437 sollertem
1418 1400 1622 1451 operam
1656 1400 1717 1436 ac
1760 1385 2000 1437 subtilem
2051 1388 2105 1436 in
2134 1386 2217 1436 his

133 1453 285 1502 libris
320 1453 542 1518 positam
580 1450 820 1518 (Lipsiae
849 1468 981 1504 anno
1018 1452 1437 1519 uncccxxxlv.)
1477 1463 1525 1505 et
1562 1453 1725 1507 Carol.
1750 1455 1969 1506 Timoth.
1996 1455 2219 1521 Zumptii

134 1522 388 1572 editiones
425 1535 583 1583 quum
621 1524 861 1579 maiorem
884 1522 1202 1590 Brunsuigae
1240 1537 1371 1574 anno
1402 1534 1821 1574 uncccxxxvm.
1863 1526 2070 1586 editam,
2108 1535 2216 1575 tum

132 1591 383 1641 minorem
434 1591 704 1655 repetitam
755 1590 1072 1659 Brunsuigae
1122 1607 1254 1642 anno
1301 1603 1633 1644 uncccxnx.
1686 1601 1735 1641 et
1787 1591 1848 1646 G.
1897 1594 1980 1644 Fr.
2026 1593 2216 1658 Ungeri

138 1673 342 1723 operam
383 1659 574 1709 editam
604 1657 809 1724 Lipsiae
840 1675 970 1711 anno
1008 1671 1281 1712 nncccml.
1320 1671 1370 1711 et
1408 1658 1458 1710 si*
1489 1661 1611 1723 quid
1645 1659 1731 1712 alii
1766 1662 1833 1712 ad
1870 1663 2216 1713 emendandos

134 1727 229 1778 hos
265 1728 424 1778 libros
470 1727 744 1778 contulisse
781 1730 1100 1791 viderentur,
1148 1729 1329 1781 sedulo
1372 1729 1664 1780 adhiberem
1698 1738 1746 1780 et
1780 1731 1833 1780 in
1869 1745 2016 1781 usum
2046 1746 2216 1780 meum

141 1795 438 1850 conferrem.
513 1795 624 1855 Qua
654 1811 711 1846 re
741 1797 932 1849 factum
966 1806 1043 1848 est
1083 1806 1277 1855 utnon
1299 1799 1464 1850 solum
1494 1800 1558 1849 ab
1579 1798 1837 1850 Orelliana
1871 1815 2026 1866 opera
2059 1800 2214 1850 editio

141 1878 251 1917 mea
283 1866 459 1916 multis
496 1865 624 1915 locis
654 1868 930 1929 recederet,
967 1883 1143 1918 verum
1178 1870 1430 1920 interdum
1466 1870 1616 1920 etiam
1642 1884 1674 1919 a
1706 1870 2066 1920 recentioribus
2109 1869 2216 1919 edi-

138 1935 361 1985 tionibus
398 1935 724 1999 discreparet.
800 1937 859 1987 1d
907 1951 1008 2001 quo
1055 1937 1237 1987 melius
1295 1937 1515 2004 intelligi
1555 1938 1744 2003 possit,
1797 1940 1980 2001 paucis
2031 1938 2216 2001 quibus

139 2002 266 2053 locis
316 2005 378 2054 ab
415 2001 599 2054 Orellio
635 2006 952 2071 recesserim,
988 2005 1072 2056 hic
1106 2007 1357 2056 indicabo.

278 2072 397 2124 Lib.
416 2073 460 2120 1.
490 2087 601 2137 cap.
627 2072 675 2123 1.
703 2072 754 2133 S.
775 2076 826 2124 2.
856 2082 908 2125 et
933 2081 1050 2125 ante
1077 2073 1330 2126 Socratici
1355 2086 1562 2139 prorsus
1599 2072 1793 2134 delevi,
1830 2072 1968 2134 quod
1986 2087 2141 2136 quum
2158 2072 2213 2122 li-

138 2141 353 2189 brorum
371 2141 645 2191 auctoritati
664 2148 771 2191 tum
789 2142 1072 2192 sententiae
1093 2143 1194 2193 loci
1212 2148 1477 2208 repugnat.
1522 2141 1731 2191 Minime
1750 2140 1884 2190 enim
1904 2155 1996 2205 per
2012 2149 2064 2192 et
2079 2168 2142 2186 —-
2164 2148 2215 2191 et

132 2207 419 2273 particulas
439 2209 565 2260 inter
582 2209 870 2262 Socraticos
889 2219 937 2262 et
953 2210 1241 2262 Platonicos
1253 2210 1589 2276 philosophos
1606 2211 1799 2260 maiore
1820 2210 1871 2260 vi
1898 2210 2215 2276 distinguen-

133 2278 255 2327 dum
278 2285 403 2331 erat.
474 2279 603 2328 Tum
626 2277 719 2328 hoc
739 2280 1052 2345 adroganter
1066 2295 1160 2345 pro
1183 2286 1489 2346 arroganter
1518 2279 1613 2332 hoc
1650 2279 1856 2345 scripsi,
1894 2280 1945 2341 S.
1968 2278 2017 2337 3.
2043 2286 2215 2329 ‘autem

131 2348 315 2397 nemim·
349 2346 652 2398 Graecorum
677 2350 820 2400 video
839 2349 1002 2399 adhuc
1029 2350 1297 2415 concivisse
1312 2364 1406 2414 pro
1427 2352 1610 2401 nemini
1624 2350 1769 2400 video
1789 2348 2093 2399 Graecorum
2122 2348 2215 2397 ad-

129 2414 227 2465 huc
262 2417 549 2481 contigisse.
625 2417 750 2482 Cap.
789 2419 839 2467 2.
878 2419 928 2480 S.
958 2419 1011 2467 4.
1053 2420 1105 2467 in
1138 2420 1339 2469 verbis:
1376 2420 1426 2468 in
1449 2432 1604 2483 eoque
1630 2426 1682 2469 et
1716 2417 1925 2467 colendo
1956 2417 2055 2466 sita
2084 2417 2215 2466 vitae

128 2492 213 2534 est
231 2483 468 2535 honestas
492 2486 646 2536 omnis
665 2492 714 2536 et
733 2487 1026 2551 negligendo
1052 2487 1333 2550 turpitudo,
1367 2490 1419 2539 in
1451 2486 1880 2551 praepositionem
1910 2492 2027 2535 ante
2061 2487 2215 2549 negli-

123 2553 294 2618 gendo
350 2553 507 2618 vulgo
554 2555 805 2604 adiectam
853 2556 1161 2620 optimorum
1209 2556 1453 2606 librorum
1507 2555 1803 2605 auctoritate
1852 2567 1911 2603 ac
1963 2554 2216 2604 sententia

127 2635 297 2686 paene
332 2621 592 2688 flagitante
614 2622 808 2688 delevi,
842 2638 1149 2687 quamquam
1185 2626 1340 2674 etiam
1367 2623 1629 2687 Zumptius
1666 2630 1715 2673 et
1731 2622 1963 2685 Ungerus
2000 2621 2213 2672 alterum

126 2689 263 2739 illud
295 2691 347 2739 in
376 2692 595 2741 retinere
630 2706 730 2741 non
763 2692 1135 2747 dubitaverunt.
1207 2694 1258 2755 S.
1295 2693 1348 2743 6.
1385 2691 1591 2756 scripsi:
1651 2690 1791 2752 Quae
1821 2704 2111 2754 quamquam
2141 2693 2215 2741 ita

125 2760 240 2809 sint
271 2759 321 2807 in
353 2768 603 2823 promptu,
638 2767 695 2811 ut
745 2759 1129 2813 Coniunctivum
1174 2764 1276 2812 sint
1312 2776 1340 2811 e
1374 2759 1617 2811 librorum
1658 2759 1962 2823 optimorum
1996 2760 2214 2809 auctori-

125 2836 238 2877 tate
272 2828 574 2879 anteferrem
611 2829 891 2880 Indicativo
927 2837 1058 2881 etme-
1128 2829 1306 2893 Neque
1350 2830 1482 2879 enim
1519 2826 1647 2878 mihi
1694 2827 1914 2878 dubitari
1943 2842 2097 2893 posse
2138 2828 2212 2877 vi-

126 2898 280 2946 detur
314 2899 439 2960 quin
471 2898 625 2948 etiam
659 2911 752 2963 pro
805 2898 906 2949 loci
944 2908 1124 2950 natura
1157 2906 1275 2965 post
1318 2913 1606 2965 quamquam
1641 2896 2001 2948 Coniunctivus
2045 2897 2211 2947 locum

123 2964 322 3015 habere
354 2966 538 3031 possit.
611 2966 789 3017 Paullo
825 2975 943 3033 post
968 2967 1231 3033 Sequimur
1257 2968 1443 3019 retinui
1476 2966 1764 3017 auctoribus
1800 2968 1951 3016 etiam
1977 2966 2210 3030 Zumptio

126 3043 184 3086 et
224 3032 425 3101 Ungero
458 3049 488 3085 e
523 3035 665 3085 libris
703 3036 962 3101 plurimis,
998 3037 1091 3087 sed
1125 3044 1293 3087 tamen
1323 3036 1595 3103 Sequemur
1619 3049 1650 3085 a
1674 3042 1853 3086 natura
1889 3035 1988 3085 loci
2024 3035 2212 3097 requiri

124 3104 363 3163 videtur,
412 3105 552 3168 quod
596 3106 826 3170 reposuit
857 3102 1268 3171 Stiirenburgius.
1339 3106 1391 3168 S.
1432 3107 1484 3156 7.
1532 3120 1579 3155 a-
1612 3112 1727 3155 ante
1766 3106 1963 3155 ratione
1998 3104 2212 3154 liberavi

123 3172 314 3235 uncis,
366 3172 438 3224 ita
458 3181 627 3223 tamen
644 3181 700 3223 ut
740 3174 792 3223 in
812 3174 1118 3240 explicando
1142 3175 1253 3225 loco
1275 3175 1504 3240 Zumptio
1528 3176 1700 3239 potius
1726 3188 1876 3235 quam
1894 3171 2095 3238 Ungero
2121 3171 2212 3220 ad·

124 3242 343 3293 sentiar.
413 3242 539 3293 Item
588 3256 704 3308 cap.
757 3241 806 3294 3.
857 3244 908 3304 S.
953 3245 1132 3295 eadem
1175 3251 1292 3295 sunt
1335 3251 1452 3309 post
1492 3246 1723 3306 eaeempla
1766 3256 1882 3291 cum
1917 3240 2211 3290 novissimis

127 3310 419 3361 editoribus
465 3312 773 3362 servandum
817 3313 1009 3377 putavi.
1081 3312 1203 3363 Mox
1239 3315 1419 3377 scripsi
1464 3328 1578 3361 cum
1624 3311 1767 3360 libris
1812 3318 2014 3359 auctore
2059 3309 2212 3358 etiam

127 3378 503 3447 Stiirenbnrgio
541 3389 590 3431 et
622 3380 823 3447 Ungero
859 3397 971 3431 num
1004 3383 1138 3447 quod
1171 3382 1384 3445 officium
1418 3380 1561 3431 aliud
1588 3379 1690 3429 alio
1722 3378 1879 3488 gagius
1912 3377 1995 3425 sic.
2070 3372 2211 3423 Orel-
