2381 3723
136 105 273 170 ιω
448 64 451 65 ἢ
931 106 1433 166 FRAGMENTA.
2151 117 2227 170 ω

277 257 372 321 10.
415 257 541 318 Res
568 257 713 317 mihi
742 255 980 318 invisae
1012 255 1186 317 visae
1221 263 1395 329 sunt,
1429 256 1633 316 Brute.
1705 270 2223 337 [Quinctitianus

135 340 234 393 tlib.
273 341 362 392 ῙΧ.
400 356 514 406 cap.
548 342 600 395 4.
639 343 693 411 S.
734 339 850 407 41.]

276 426 369 484 11.
412 425 553 500 Ipse
584 425 785 487 Cicero
829 426 892 483 in
939 440 1050 484 sua
1080 439 1344 499 persona
1382 440 1560 497 quum
1593 425 1680 483 ad
1704 423 1959 484 Brutum
1978 426 2051 483 in
2078 426 2220 499 epa}-

137 512 302 570 -etolis
366 514 485 568 tum
541 510 678 568 aliis
723 511 896 568 etiam
944 511 1088 568 locis
1138 507 1417 566 virtutem
1471 505 1880 581 eloquentiam
1933 510 2220 582 appellat.

147 590 308 658 [Idem
341 591 430 640 lib.
470 592 527 643 11.
569 605 683 655 cap.
718 591 802 642 20.
837 593 887 654 5.
932 589 1043 656 10.]

273 671 369 731 12.
424 672 567 733 Tres
608 673 785 734 libros
825 674 1203 747 epistolarum
1251 673 1544 733 Ciceronis
1558 717 1574 743 ‚
1635 671 1782 731 duos
1822 672 1910 730 ad
1944 671 2219 742 Brutum,

142 772 325 818 unum
363 758 450 816 ad
488 756 708 816 Axium
722 802 737 830 ‚
794 757 1051 816 describi
1087 755 1305 815 iubebis
1319 801 1332 828 ,
1385 758 1440 815 si
1465 754 1614 829 quid
1635 757 1729 814 rei
1752 771 1878 814 esse
1908 755 2217 825 videbitur,

136 847 202 902 et
237 843 493 900 remittes
528 840 673 900 mihi
683 861 701 898 .-
753 856 894 900 nam
931 842 1304 914 exemplares
1331 854 1530 898 eorum
1572 845 1987 913 excerptorum
2024 841 2219 898 nullos

135 925 284 996 seci-
347 937 603 1003 [Fronto
635 953 689 1003 p.
731 935 849 990 161.
884 934 1056 1001 Rom.]

380 1090 486 1140 m.
557 1086 962 1163 FRAGMENTA.
998 1085 1200 1138 EPIST.
1242 1083 1438 1136 BRUTI
1473 1085 1563 1135 AD
1598 1085 1981 1137 CICERONEM.

275 1186 329 1245 1.
377 1183 595 1245 Occiso
638 1186 700 1246 C.
735 1186 1027 1256 Caesare,
1076 1189 1405 1259 postquam
1441 1199 1607 1243 mare
1644 1181 1999 1255 transierat,
2044 1199 2219 1258 prae·

138 1274 369 1330 statum
402 1275 516 1328 est.
581 1281 993 1348 [Priscianus
1029 1281 1116 1335 lib.
1156 1282 1247 1331 IX.
1288 1297 1399 1348 cap.
1439 1284 1487 1333 7.
1519 1283 1570 1344 S.
1603 1277 1714 1345 38.]

273 1363 331 1423 2.
378 1366 590 1438 Neque
642 1363 725 1423 illi
792 1364 1022 1423 malunt
1080 1363 1309 1422 habere
1370 1369 1604 1424 tutores
1663 1368 1769 1421 aut
1829 1361 2214 1435 defensoreS,

139 1446 759 1594 quatrgqtgamsseiunt
798 1445 1107 1522 placuisse
1150 1447 1382 1507 Catoni.
1450 1460 1958 1527 [Quinotitianus
1996 1461 2082 1512 lib.
2123 1461 2209 1515 IX.

138 1546 257 1596 cap.
334 1565 347 1578 .
423 1568 437 1582 .
549 1570 560 1582 .

273 1611 331 1671 3.
375 1612 651 1670 Praestat
697 1607 856 1668 enim
896 1606 1122 1668 nemini
1172 1609 1475 1685 imperare
1521 1627 1701 1686 quam
1732 1610 1909 1672 alicui
1943 1609 2209 1672 servire:

139 1691 281 1754 sine
314 1692 415 1754 illo
455 1692 614 1754 enim
648 1691 854 1751 vivere
895 1691 1154 1752 honeste
1196 1691 1367 1766 licet,
1424 1710 1561 1754 cum
1602 1693 1722 1755 hoo
1770 1693 2013 1755 vivendi
2046 1696 2212 1755 nulia

140 1776 428 1838 condicio
462 1786 574 1838 est.
644 1788 802 1856 (Boo,
854 1790 991 1852 quod
1022 1791 1243 1841 editores
1273 1790 1532 1843 Ciceronis
1579 1791 1906 1857 epistolarum
1955 1793 2212 1857 fragmen-

144 1864 216 1913 tis
262 1863 624 1922 adnumerant,
673 1859 1040 1920 Quinctilianus
1078 1859 1167 1910 lib.
1225 1859 1312 1911 IX.
1362 1877 1474 1927 cap.
1522 1859 1571 1913 3.
1621 1865 1671 1926 s.
1709 1859 1796 1915 95.
1836 1864 1973 1930 apud
2009 1863 2214 1915 Brutum

139 1931 212 1981 de
249 1931 495 1983 dictatura
530 1930 755 1997 Pompeii
789 1929 1031 1994 seriptum
1067 1928 1228 1980 fuisse
1264 1939 1491 1984 testatur.
1562 1929 1776 1998 Nona]

567 2083 669 2134 lv.
741 2081 830 2130 Ao
870 2079 923 2131 c,
966 2079 1317 2132 CAESAREM
1354 2080 1551 2132 Epls‘r.
1589 2082 1708 2132 Lm.
1750 2084 1786 2135 1.

274 2176 328 2236 1.
373 2176 567 2249 Tunc,
605 2192 790 2252 quum
828 2191 931 2251 ea,
986 2194 1144 2253 quae
1175 2194 1245 2240 es
1291 2178 1368 2238 ab
1405 2186 1621 2242 senatu
1657 2194 1897 2239 summo
1936 2194 2072 2238 cum
2105 2176 2214 2238 ho·

145 2275 301 2322 nore
331 2267 436 2320 tuo
471 2266 862 2321 consecutus.
921 2273 1188 2340 [Nonius
1225 2291 1279 2341 p.
1311 2275 1428 2329 270.
1470 2275 1618 2346 320.]

260 2354 331 2450 ⁸2.
384 2356 636 2450 Baibum
683 2353 889 2450 quanti
934 2354 1145 2416 faciam
1202 2373 1508 2433 quamque
1549 2359 1603 2420 ei
1648 2376 1755 2422 me
1795 2364 1989 2422 totum
2051 2354 2213 2416 dica·

145 2454 336 2498 verim
370 2453 445 2496 ex
478 2455 613 2514 ipso
647 2454 826 2499 scies.
862 2452 1023 2519 [idem
1057 2470 1110 2520 p,
1150 2453 1296 2520 287]

271 2535 330 2598 3.
383 2537 587 2597 Debes
628 2535 840 2598 odisse
876 2536 1325 2613 improbitatem
1365 2538 1528 2612 eiuS‚
1580 2537 1724 2615 quia
1758 2534 2213 2616 impudentissi-

142 2637 309 2682 mum
344 2636 568 2682 nomen
599 2619 914 2695 delegerit.
983 2633 1144 2701 [taem
1182 2651 1237 2702 p.
1279 2633 1424 2702 327]

142 2799 222 2866 [ld
266 2720 325 2779 4.
371 2718 461 2850 Utl
466 2717 673 2866 1⁸3⁰]iret
714 2717 944 2781 maiore
983 2734 1130 2778 cura
1166 2719 1399 2780 tuenda·
1443 2735 1586 2783 esse
1617 2736 1797 2796 quam
1829 2727 2014 2798 parta
2043 2727 2209 2780 sunt.

227 2816 306 2851 em
342 2817 393 2866 p.
535 2842 547 2854 .

786 2923 860 2962 At>
899 2921 1121 2964 tunnam
1158 2922 1326 2963 EPfflT.
1369 2924 1474 2961 Lm.
1518 2924 1571 2963 11.

274 2997 328 3057 1.
370 2997 497 3058 Sed
541 3015 659 3073 ego
700 3015 862 3074 quae
901 3000 1278 3060 monumenti
1313 2998 1467 3062 ratio
1501 3000 1590 3061 sit
1628 2999 1874 3061 nomine
1921 2999 2061 3075 ipso
2101 3000 2213 3060 -ad-

141 3097 419 3143 moneor.
494 3082 591 3141 Ad
638 3081 991 3143 memoriam
1036 3083 1229 3158 magis
1277 3090 1562 3159 spectare
1612 3085 1796 3145 debet
1834 3081 2212 3160 posteritatis

143 3180 326 3238 quam
359 3165 435 3224 ad
470 3164 812 3241 praesentis
843 3165 1138 3242 temporis
1166 3166 1445 3242 gratiam.
1514 3179 1776 3245 [Nonius
1805 3196 1858 3248 p.
1898 3178 2010 3246 δι]

270 3259 327 3317 2.
368 3263 482 3320 Vel
521 3263 685 3336 quod
722 3263 947 3323 locatio
978 3263 1113 3339 ipsa
1144 3264 1445 3340 preciosa.
1515 3275 1678 3342 [mem
1712 3291 1763 3341 p.
1804 3275 1948 3342 340]

271 3341 328 3400 3.
375 3342 547 3415 Quod
583 3344 893 3419 sapientes
924 3345 1203 3408 homines
1234 3362 1305 3406 ae
1339 3344 1486 3407 boni
1514 3352 1746 3420 putant.
1779 3357 1938 3424 [idem
1970 3373 2022 3424 p.
2061 3353 2209 3421 309]
