2381 3723
87 144 158 197 45
874 134 1374 194 FRAGMENTA.
1913 147 1916 152 ’
2039 134 2160 195 235

68 281 236 360 rint,
291 283 345 345 si
379 283 746 360 incorrupti,
800 284 851 345 si
884 273 1005 346 sua
1028 294 1279 381 sponte,
1335 286 1389 347 si
1421 304 1544 348 non
1580 283 1836 345 alicuius
1878 285 2163 359 impulsu,

86 370 141 430 si
184 368 399 441 soluti,
452 368 505 429 si
548 367 740 428 liberi.
810 369 976 444 Quae
1020 386 1073 428 si
1120 376 1330 445 erunt,
1396 378 1598 430 tamen
1645 368 1760 429 sibi
1806 368 1975 428 credi
2019 385 2165 443 gau·

88 455 274 513 deant
302 460 362 513 et
392 452 704 512 mirentur.
777 453 971 528 Quum
1008 470 1158 513 vero
1194 454 1396 516 omnia
1426 453 1656 525 absint,
1702 460 1902 513 tamen
1939 469 2009 518 se
2041 469 2162 512 non

58 536 604 612 ‘respicient-mon
644 536 845 610 gentis
881 552 1031 597 suae
1062 538 1283 597 famam
1317 538 1832 612 perhorrescent?

209 662 367 721 XIX.
415 660 516 719 42.
603 661 1084 723 Fallacissimum
1125 679 1322 738 genus
1368 680 1511 723 esse
1542 662 1915 723 Phoenicum
1961 660 2165 722 onmia

90 753 489 827 monumenta
518 745 844 806 vetustatis
880 754 1064 821 atque
1098 763 1314 807 omnes
1338 746 1631 807 historiae
1664 746 1840 807 nobis
1876 745 2163 820 prodide-

85 838 246 889 runt.
321 829 417 887 Ab
449 828 545 888 his
591 829 705 889 orti
738 828 922 890 Poeni
965 829 1166 890 multis
1198 830 1790 905 Karthaginiensium
1832 830 2164 891 rebellioni·

86 914 224 985 buS,
259 911 459 973 multis
484 912 1086 988 violatis‘fractisque
1111 914 1462 993 foederibus
1489 913 1630 973 nihil
1654 929 1723 974 se
1748 914 2163 988 degenerasse

88 996 456 1079 docuerunt.
526 995 849 1057 APoenis
897 997 1164 1057 admixto
1199 999 1497 1060 ‘Afrorum
1541 1013 1769 1074 genere
1817 996 1994 1057 Sardi
2040 1014 2159 1056 non

90 1079 340 1141 deducti
364 1081 435 1160 §in
473 1078 810 1139 Sardiniam
858 1088 1043 1155 atque
1086 1079 1167 1141 ibi
1212 1079 1551 1154 constituti,
1610 1081 1720 1144 sed
1762 1079 2067 1139 amendati
2106 1090 2166 1139 et

90 1161 391 1239 repudiati
431 1162 652 1225 coloni.
1198 1160 1218 1179 ⁴

34 1355 37 1358 ,
102 1313 119 1332 ·
214 1288 315 1350 43.
363 1291 492 1365 Qua
523 1300 589 1351 re
620 1308 811 1367 quum
850 1290 1068 1366 integri
1115 1291 1258 1350 nihil
1287 1291 1467 1351 fuerit
1504 1293 1563 1351 in
1597 1292 1713 1351 hac
1745 1297 1928 1365 gente
1962 1291 2164 1365 plena,

92 1391 277 1451 quam
331 1375 511 1433 valde
563 1392 695 1435 eam
749 1384 1034 1451 putamus
1085 1382 1178 1436 tot
1226 1375 1741 1436 transfusionibus
1801 1373 2167 1434 coacuisse?

89 1460 206 1520 Hic
244 1457 385 1516 mihi
427 1458 710 1532 ignoscet
739 1458 845 1518 Cn.
878 1458 1177 1520 Domitius
1211 1458 1520 1533 Sincaius,
1576 1459 1667 1519 vir
1718 1456 2163 1528 ornatissimuS,

88 1544 328 1617 hospes
394 1549 455 1601 et
498 1540 809 1602 familiaris
865 1559 1070 1615 meuS,
1131 1542 1459 1618 ignoscent
1509 1543 1761 1618 denique
1815 1559 2025 1603 omnes
2087 1541 2164 1600 ab

92 1627 314 1687 eodem
348 1626 450 1685 Cn.
481 1625 771 1701 Pompeio
805 1625 1047 1686 civitate
1078 1626 1316 1699 donati,
1369 1645 1629 1702 quorum
1659 1635 1860 1687 tamen
1898 1625 2163 1686 omnium

93 1707 444 1770 laudatione
464 1708 706 1782 utimur,
741 1709 1066 1785 ignoscent
1093 1710 1188 1769 alii
1216 1710 1328 1770 viri
1354 1711 1495 1772 boni
1528 1728 1603 1770 ex
1629 1709 1936 1771 Sardinia:
1975 1711 2162 1770 credo

94 1792 255 1854 enim
287 1809 430 1853 esse
461 1794 785 1868 quosdam.
872 1795 974 1853 44.
1018 1795 1231 1870 Neque
1261 1811 1407 1870 ego,
1445 1812 1628 1871 quum
1663 1795 1740 1854 de
1776 1793 1935 1853 vitiis
1966 1793 2164 1868 gentis

95 1881 339 1953 loquor,
391 1877 693 1938 neminem
724 1877 986 1954 excipio.
1070 1877 1194 1938 Sed
1237 1896 1275 1938 a
1316 1895 1412 1938 me
1462 1885 1557 1938 est
1603 1880 1682 1938 de
1725 1878 2010 1937 universo
2064 1893 2165 1951 ge·

94 1977 246 2022 nere
283 1960 640 2034 dicendum,
695 1960 754 2020 in
801 1980 924 2038 quo
970 1964 1235 2023 fortasse
1270 1961 1453 2036 aliqui
1485 1961 1614 2023 suis
1651 1960 1923 2021 moribus
1970 1968 2029 2019 et
2058 1961 2164 2018 hu·

93 2044 386 2105 monitate
439 2045 646 2122 stirpis
699 2044 894 2121 ipsius
949 2053 1011 2106 et
1064 2047 1265 2121 gentis
1321 2044 1463 2105 vitia
1518 2045 1811 2104 vicerunt.
1883 2045 2162 2118 Magnam

98 2127 347 2205 quidem
372 2145 516 2189 esse
546 2135 780 2205 partem
805 2129 939 2190 sine
970 2130 1124 2203 fide,
1157 2128 1291 2189 sine
1320 2127 1617 2190 societate
1645 2136 1707 2188 et
1737 2127 2166 2189 coniunctione
2221 2164 2226 2169 -

95 2211 359 2274 nominis
406 2212 599 2274 nostri
651 2230 748 2274 res
796 2213 932 2290 ipsa
986 2213 1273 2272 declarat.
1364 2214 1533 2288 Quae
1575 2220 1670 2273 est
1722 2211 1879 2272 enim
1925 2217 2167 2287 praeter

97 2295 440 2358 Sardiniam
489 2295 836 2372 provincia,
893 2313 1050 2372 quae
1084 2298 1309 2356 nullam
1360 2297 1583 2358 habeat
1638 2296 1889 2357 amicam
1934 2297 2164 2372 populo

95 2382 378 2441 Romano
430 2396 503 2439 ac
553 2380 805 2440 liberam
848 2381 1195 2441 civitatem?
1279 2382 1452 2441 45.a.
1509 2381 1717 2442 Africa
1760 2381 1896 2457 ipsa
1941 2396 2166 2456 parens

97 2463 202 2523 illa
232 2462 575 2533 Sardiniae,
622 2481 780 2540 quae
813 2463 1073 2539 plurima
1111 2471 1174 2523 et
1218 2465 1612 2527 acerbissima
1640 2483 1793 2527 cum
1836 2464 2166 2526 maioribus

98 2545 329 2608 nostris
358 2548 515 2607 bella
546 2547 772 2623 gessit,
804 2565 927 2609 non
950 2549 1149 2609 solum
1184 2548 1555 2608 fidelissimis
1579 2549 1805 2622 regnis,
1842 2550 1952 2608 sed
1990 2549 2167 2607 etiam

96 2635 158 2691 in
202 2630 338 2707 ipsa
379 2631 694 2706 provincia
729 2649 800 2693 se
839 2649 876 2691 a
912 2629 1208 2692 societate
1243 2631 1610 2692 Punicorum
1651 2632 1947 2691 bellorum
1994 2630 2169 2690 Utica

96 2721 261 2775 teste
293 2715 581 2776 defendit.
649 2714 942 2790 Hispania
984 2714 1238 2776 ulterior
1270 2715 1623 2790 Scipionum
1661 2713 1902 2774 interitu
1943 2721 2000 2773 et
2028 2714 2173 2786 fidei

94 2799 468 2872 Saquntinae
510 2816 656 2874 royo
688 2801 992 2860 nobilitata
1019 2801 1196 2860 habet
1225 2801 1585 2860 Gaditanam
1620 2801 1907 2860 civitatem
1936 2797 2169 2871 officii-3,

86 2884 382 2960 periculis
396 2931 410 2956 ‚
458 2883 708 2955 foedere
748 2885 1044 2945 nobiscum
1084 2885 1473 2944 coniunctam.
1552 2884 1784 2953 Quaero
1823 2885 1945 2943 iam
1978 2899 2176 2957 quae-

95 2982 244 3026 nam
283 2965 605 3027 Sardiniae
637 2971 843 3028 civitas
874 2967 1197 3041 foederata
1230 2971 1416 3042 possit
1457 2964 1944 3028 commemorari?
1985 2967 2173 3024 Nulla

85 3048 385 3127 profecto.
500 3051 600 3110 45.
615 3058 672 3110 b.
723 3052 846 3122 Quo
879 3054 1060 3125 iqitur
1086 3067 1189 3112 ore
1217 3053 1278 3110 in
1296 3053 1513 3127 populi
1528 3051 1789 3111 Romani
1802 3057 2170 3124 conspectum

95 3151 163 3194 se
193 3136 548 3194 committere
576 3137 759 3196 audet
787 3135 1021 3195 Sardus
1045 3138 1233 3207 testis,
1271 3134 1466 3211 copiis
1496 3133 1707 3210 inops,
1739 3140 1921 3208 gente
1953 3131 2172 3191 fallax?

103 3231 505 3298 [Arusianus
543 3234 815 3285 Messius
852 3249 904 3299 p.
943 3234 1062 3286 236.
1105 3232 1362 3298 Lindem]
1421 3219 1743 3295 Repulsum
1764 3220 1940 3276 etiam
1966 3233 2064 3275 vos
2089 3215 2172 3273 M.

98 3301 397 3362 Scaurum
429 3319 469 3361 a
501 3307 809 3363 consulatu
848 3306 1080 3364 venistis
1118 3311 1177 3362 et
1208 3305 1482 3376 beneficio
1516 3304 1726 3378 populi
1750 3301 2007 3361 Romani
2043 3314 2174 3358 eum

94 3389 345 3463 privare
373 3384 715 3467 conamini?
759 3404 879 3462 qua
915 3384 1305 3447 auctoritate?
