2381 3723
673 170 817 229 LlB.
855 171 899 228 1.
947 168 1111 228 CAP.
1143 178 1407 230 :zo—22.
1451 177 1503 236 §-
1538 177 1804 233 68-—75-
2197 170 2281 231 23

198 320 468 380 dandum
501 326 676 397 puto.
745 321 1016 394 Quorum
1047 319 1334 381 iudicium
1369 318 1430 378 in
1463 336 1573 392 eo,
1623 320 1792 395 quod
1823 319 2076 394 gloriam
2138 336 2282 380 con-

172 410 472 486 ‘temnant
502 411 565 463 et
588 421 701 479 pro
734 403 922 465 nihilo
955 411 1198 480 putent,
1233 403 1482 465 difficile
1523 404 1687 464 factu
1710 409 1808 463 est
1838 419 1960 463 non
1994 403 2281 478 probare,

194 488 313 548 sed
342 487 634 547 videntur
661 488 905 549 labores
949 495 1011 548 et
1047 489 1395 560 molestiaS,
1448 495 1573 547 tum
1621 485 2036 548 offensionum
2083 493 2146 547 et
2191 503 2282 545 re·

198 573 518 647 pulsarum
566 568 748 645 quasi
777 571 1102 646 quamdam
1145 569 1538 647 ignominiam
1590 570 1807 630 timere
1854 577 1916 630 et
1952 568 2281 630 infamiam.

187 655 359 715 Sunt
388 653 578 728 enim,
613 654 734 752 qui·
753 655 811 714 in
843 657 1030 717 rebus
1063 655 1402 716 contrariis
1426 671 1635 730 parum
1669 653 1785 716 sibi
1817 660 2134 727 constent,
2176 669 2280 714 vo·

196 740 495 814 luptatem
532 737 930 800 severissime
963 747 1387 811 contemnant,
1439 737 1500 797 in
1538 739 1758 800 dolore
1793 740 1917 798 sint
1946 739 2281 808 molliores,

190 821 461 896 gloriam
495 821 834 898 negligant,
868 824 1226 897 frangantur
1249 821 1527 895 infamia,
1564 830 1752 897 atque
1775 838 1849 882 ea
1874 821 2121 897 quidem
2156 837 2281 882 non

198 903 356 969 satis
392 911 764 966 constanter.
853 906 955 966 72.
1017 907 1143 967 Sed
1181 905 1286 978 iis,
1341 904 1445 981 qui
1487 906 1718 966 habent
1759 922 1796 964 a
1845 913 2063 966 natura
2116 904 2284 965 adiu·

194 994 409 1049 menta
445 1005 646 1049 rerum
678 990 1113 1064 gerendarum,
1165 989 1407 1050 abiecta
1455 989 1619 1050 omni
1662 988 2051 1050 cunctatione
2094 986 2283 1064 adipi·

188 1072 419 1133 scendi
472 1072 863 1148 magistratus
890 1081 971 1134 ,et
1017 1075 1289 1150 gerenda
1337 1090 1440 1134 res
1488 1072 1733 1148 publica
1781 1079 1908 1134 est:
1963 1089 2079 1132 nec
2124 1072 2283 1133 enim

192 1157 380 1216 aliter
409 1162 517 1216 aut
544 1157 674 1232 regi
709 1157 921 1218 civitas
949 1165 1056 1218 aut
1089 1157 1388 1218 declarari
1433 1155 1617 1216 animi
1657 1155 2012 1230 magnitudo
2056 1164 2284 1234 potest.

193 1240 687 1316 Capessentibus
717 1249 918 1302 autem
951 1258 1081 1301 rem
1113 1241 1418 1316 publicam
1461 1239 1608 1301 nihil
1639 1238 1840 1299 minus
1873 1255 2053 1313 quam
2095 1239 2285 1316 philo·

194 1323 455 1401 sophiS,
496 1325 660 1384 haud
688 1324 819 1386 scio
854 1342 930 1385 an
966 1325 1161 1401 magis
1193 1324 1373 1386 etiam
1416 1331 1480 1384 et
1505 1321 1955 1398 magnificentia
1989 1330 2053 1383 et
2082 1322 2286 1399 despi-

192 1406 428 1468 cientia
497 1407 845 1468 adhibenda
907 1417 1004 1469 est
1063 1425 1267 1469 rerum
1327 1410 1760 1481 humanarum,
1836 1422 2017 1483 quam
2095 1422 2286 1483 saepe

195 1492 379 1564 dico,
431 1498 494 1550 et
539 1491 938 1567 tranquillitas
969 1491 1154 1552 animi
1185 1502 1373 1566 atque
1405 1491 1737 1565 securitas,
1804 1491 1856 1552 si
1891 1489 2134 1567 quidem
2168 1506 2286 1551 nec

192 1574 370 1635 anxii
425 1575 610 1635 futuri
650 1572 919 1637 suntet
969 1592 1106 1636 cum
1169 1576 1466 1652 gravitate
1520 1574 1994 1651 constantiaque
2049 1574 2284 1651 victuri.

195 1658 304 1719 73.
356 1659 525 1732 Quae
569 1658 841 1720 faciliora
884 1667 1029 1720 sunt
1069 1659 1486 1735 philosophis,
1544 1677 1667 1735 quo
1712 1658 1915 1721 minus
1960 1661 2147 1720 multa
2179 1676 2284 1736 pa-

192 1749 332 1802 tent
360 1741 422 1801 in
452 1757 667 1802 eorum
706 1740 832 1803 vita
876 1759 1037 1818 quae
1068 1744 1312 1804 fortuna
1366 1743 1540 1805 feriat
1582 1752 1796 1818 etque
1840 1742 2040 1804 minus
2078 1741 2283 1804 multis

207 1827 390 1888 rebus
423 1828 621 1901 egent
649 1833 712 1887 et
743 1826 915 1903 quia,
971 1826 1200 1903 siquid
1238 1827 1485 1889 adversi
1526 1827 1797 1901 eveniat,
1850 1835 1972 1888 tam
2017 1827 2287 1904 graviter

193 1912 429 1970 cadere
494 1927 618 1971 non
649 1940 658 1946 ·
670 1918 958 1987 possunt.
1046 1911 1347 1987 Quocirca
1401 1930 1526 1974 non
1582 1909 1716 1972 sine
1777 1927 1964 1972 causa
2018 1911 2284 1973 maiores

198 2002 409 2055 motus
450 1993 790 2055 animorum
843 1993 1228 2057 concitantur
1266 1994 1586 2070 maiorque
1612 2010 1760 2055 cura
1805 1993 2113 2054 efficiendi
2156 2010 2285 2053 rem

201 2076 517 2153 publicam
547 2078 898 2153 gerentibus
941 2095 1124 2154 quam
1157 2078 1413 2152 quietis,
1464 2094 1587 2153 quo
1632 2075 1827 2152 magis
1856 2075 1930 2137 iis
1964 2082 2027 2136 et
2058 2076 2286 2152 magni-

193 2161 354 2221 tudo
382 2168 483 2222 est
507 2160 693 2222 animi
722 2161 1068 2222 adhibenda
1098 2169 1163 2222 et
1183 2161 1460 2223 vacuitas
1492 2162 1569 2221 ab
1600 2160 1955 2237 angoribus.
2033 2161 2134 2221 Ad
2154 2176 2285 2220 rem

190 2245 542 2320 gerendam
574 2241 791 2306 autem'
819 2246 920 2322 qui
951 2246 1193 2307 accedit
1235 2251 1455 2306 caveat
1485 2262 1563 2306 ne
1602 2245 1666 2305 id
1705 2244 2288 2307 modo·consideret

197 2344 389 2403 quam
413 2328 519 2388 illa
548 2345 649 2391 res
681 2330 943 2391 honesta
970 2328 1081 2403 sit,
1134 2330 1251 2391 sed
1283 2326 1465 2390 etiam
1492 2337 1561 2391 ut
1601 2330 1826 2391 habeat
1865 2327 2171 2390 efficiendi
2204 2330 2284 2387 i'a-

194 2413 526 2473 cultatem:
583 2412 642 2473 in
696 2430 820 2489 quo
868 2413 1006 2490 ipso
1067 2412 1586 2476 considerandum
1628 2421 1726 2475 est
1785 2430 1863 2474 ne
1910 2423 2016 2474 aut
2056 2420 2303 2473 temere

197 2497 501 2571 desperet
536 2504 789 2573 propter
828 2496 1132 2574 ignaviam
1164 2504 1271 2558 aut
1300 2496 1476 2558 nimis
1518 2498 1790 2559 confidat
1831 2503 2089 2573 propter
2119 2494 2286 2571 cupi·

194 2578 610 2640 ditatem.1n
645 2579 928 2642 omnibus
963 2588 1165 2641 autem
1203 2579 1464 2656 negotiis
1495 2581 1667 2657 prius
1698 2597 1881 2657 quam
1925 2579 2287 2655 adgrediare

194 2661 555 2724 adhibenda
582 2673 680 2725 est
709 2664 1101 2742 praeparatio·
1129 2664 1408 2740 diligens.

329 2746 520 2807 xxn.
565 2748 666 2808 74.
757 2748 883 2810 Sed
919 2766 1109 2824 quum
1161 2747 1438 2824 plerique
1480 2729 1850 2807 arbitrentur
1891 2762 1992 2807 res
2033 2745 2285 2808 bellicas

200 2828 470 2889 maiores
528 2848 674 2892 esse
730 2849 913 2907 quam
964 2833 1266 2905 urbanas,
1323 2830 1655 2893 minuenda
1709 2838 1805 2909 est
1850 2830 2002 2892 haec
2056 2828 2287 2909 opinio

199 2912 374 2973 Multi
405 2913 568 2975 enim
606 2915 769 2975 bella
799 2929 990 2994 saepe
1035 2914 1474 2991 quaesiverunt
1505 2905 1762 2991 propter
1791 2916 2025 2991 gloriae
2056 2915 2284 2993 cupidi·

201 3005 421 3070 tatem,
477 3005 664 3074 atque
705 2998 765 3059 id
817 2999 878 3059 in
931 2998 1168 3077 magnis
1222 2998 1437 3060 animis
1487 2998 1874 3076 ingeniisque
1922 3003 2287 3077 plerumque

199 3080 503 3157 contingit
550 3099 755 3158 eoque
796 3083 1023 3159 magui,
1081 3081 1155 3143 si‘
1178 3089 1324 3143 sunt
1375 3084 1453 3142 ad
1505 3100 1635 3144 rem
1681 3082 1999 3144 militarem
2053 3080 2179 3157 apti
2224 3089 2287 3140 et

208 3163 411 3240 cupidi
443 3165 741 3227 bellorum
771 3168 1206 3243 gerendorum.
1281 3167 1448 3227 Vere
1487 3174 1688 3240 autem
1732 3165 1783 3227 si
1813 3168 2101 3227 volumus
2133 3163 2287 3224 iudi·

199 3264 377 3319 care,
430 3252 657 3311 multae
699 3268 800 3312 res
833 3251 1202 3312 exstiterunt
1228 3251 1501 3310 urbanae
1552 3250 1817 3310 maiores
1863 3247 2288 3319 clarioresque

202 3349 389 3406 quam
416 3333 696 3395 bellicae.
783 3336 884 3395 75.
931 3332 1222 3409 Quamvis
1252 3332 1413 3394 enim
1435 3331 1896 3392 Themistocles
1912 3328 2049 3387 iure
2080 3327 2287 3384 laude-

205 3421 301 3474 tur
355 3423 418 3476 et
467 3416 574 3477 sit
593 3416 726 3477 eius
781 3434 1004 3479 nomen
1060 3432 1243 3492 quarn
1296 3414 1547 3475 Solonis
1599 3407 1895 3470 illustrius
1945 3408 2289 3474 citcturque
