2381 3723
613 90 756 148 LIB.
791 90 834 148 Ι.
882 90 1047 149 CAP.
1081 99 1346 155 27—-29,
1390 103 1443 159 s.
1478 101 1778 154 94—102.
2154 93 2229 156 31

156 253 279 301 tem
317 238 612 315 pertinet,
642 241 939 302 decorum
972 257 1151 315 quam
1182 244 1302 301 late
1334 244 1533 302 susum
1568 243 1648 303 sit
1676 252 1973 318 appareat
2004 251 2065 303 et
2093 245 2226 315 hoc,

158 325 327 400 quod
356 330 676 398 spectatur
722 323 783 383 in
826 341 951 385 uno
1005 341 1257 399 quoque
1303 341 1533 400 genere
1591 324 1853 386 virtutiS.
1942 327 2021 387 Ut
2074 326 2234 386 enim

154 405 505 484 pulcritudo
560 407 842 481 corporis
883 414 1027 482 apta
1074 407 1526 482 compositione
1571 411 1982 470 membrorum
2026 418 2236 469 movet

157 492 376 553 oculos
409 497 472 550 et
501 490 764 550 delectat
783 492 904 551 hoc
933 491 1092 567 ipso,
1123 493 1293 566 quod
1325 490 1482 552 inter
1509 508 1579 552 se
1604 509 1819 553 omnes
1851 501 2056 568 partes
2095 509 2234 553 cum

157 574 430 649 quodam
466 574 677 648 lepore
707 574 1131 646 consentiunt,
1182 573 1272 633 sic
1306 575 1425 636 hoc
1456 577 1777 647 decorum,
1832 577 2236 650 quodelucet

155 656 213 716 in
256 656 419 729 vita,
471 664 681 718 movet
719 656 1226 734 approbationem
1268 675 1519 730 eorum,
1575 660 1942 734 quibuscum
1986 659 2235 729 vivitur,

156 741 375 801 ordine
404 748 467 800 et
501 742 847 802 constantia
874 749 936 801 et
963 741 1391 802 moderatione
1422 741 1724 803 dictorum
1750 742 2022 803 omnium
2046 750 2230 818 atque

157 825 479 885 factorum.
566 825 667 884 99.
720 823 1086 885 Adhibenda
1143 831 1240 884 est
1295 824 1477 899 igitur
1526 828 1828 901 quaedam
1890 826 2234 887 reverentia

156 909 464 968 adversus
497 907 777 968 homines
825 915 887 969 et
917 907 1128 983 optimi
1161 908 1462 983 cuiusque
1502 920 1564 969 et
1604 909 1999 985 reliquorum.
2079 911 2232 970 Nam

156 990 471 1066 negligere
506 991 652 1066 quid
679 992 758 1053 de
798 1008 870 1052 se
912 991 1176 1067 quisque
1205 992 1431 1052 sentiat
1459 1009 1584 1052 non
1634 994 1832 1053 solum
1876 993 2234 1068 adrogantis

157 1083 281 1146 est,
335 1074 658 1134 sedetiam
705 1073 951 1136 omnino
996 1075 1301 1136 dissoluti.
1379 1075 1489 1138 Est
1532 1083 1734 1136 autem
1777 1077 1947 1150 quod
1990 1075 2228 1138 differat

156 1159 214 1218 in
245 1157 565 1218 hominum
596 1157 834 1219 ratione
863 1158 1146 1219 habenda
1180 1158 1338 1219 inter
1363 1157 1652 1219 iustitiam
1684 1167 1744 1219 et
1770 1158 2229 1218 verecundiam.

157 1241 428 1302 Iustitiae
467 1249 680 1317 partes
717 1250 861 1302 sunt
890 1252 1014 1302 non
1049 1240 1284 1302 violare
1316 1243 1613 1316 homineS,
1666 1241 2076 1303 verecundiae
2106 1259 2230 1302 non

156 1324 510 1386 offendere:
555 1325 614 1384 in
663 1343 785 1401 quo
831 1325 1090 1385 maxime
1136 1327 1232 1385 vis
1278 1326 1646 1400 perspicitur
1687 1324 1917 1386 decori.
1988 1325 2097 1385 His
2127 1325 2208 1400 igi

156 1418 253 1468 tur
308 1407 613 1483 expositis
672 1410 852 1484 quale
904 1408 983 1469 sit
1033 1409 1127 1480 id,
1192 1409 1362 1484 quod
1416 1411 1640 1471 decere
1702 1409 1991 1477 dicimus,
2062 1409 2232 1469 intel-

156 1495 379 1553 lectum
414 1499 586 1566 puto.

283 1575 425 1634 100.
471 1575 748 1637 Officium
780 1584 1015 1649 autem,
1061 1578 1231 1651 quod
1263 1578 1339 1636 ab
1371 1594 1445 1637 eo
1478 1577 1750 1647 ducitur,
1782 1578 1940 1638 hanc
1972 1577 2230 1653 primum

154 1661 339 1719 habet
365 1656 558 1731 viam,
588 1676 746 1734 quae
770 1659 1019 1720 deducit
1041 1661 1119 1718 ad
1151 1659 1641 1721 convenientiam
1662 1661 2229 1722 conservationem-

155 1760 274 1819 que
305 1752 586 1802 naturae.
663 1744 852 1818 Quam
897 1743 946 1803 si
990 1758 1326 1819 sequemur
1369 1745 1618 1816 ducem,
1673 1761 2005 1820 numquam
2057 1746 2230 1805 aber·

154 1824 426 1887 rabimus
482 1843 938 1902 sequemurque
995 1834 1057 1888 et
1111 1827 1204 1899 id,
1261 1827 1430 1904 quod
1483 1835 1727 1889 acutum
1784 1837 1845 1889 et
1899 1828 2229 1903 perspicax

156 1919 374 1971 natura
404 1918 530 1981 est,
563 1919 625 1971 et
655 1911 746 1982 id,
781 1912 952 1985 quod
981 1912 1062 1970 ad
1084 1910 1397 1972 hominum
1429 1910 1961 1971 consociationem
1990 1927 2230 1972 accom-

156 1996 501 2066 modatum,
545 2001 609 2054 et
635 1993 727 2068 id,
759 1996 927 2070 quod
960 1994 1293 2055 vehemens
1324 2002 1510 2069 atque
1539 1995 1716 2053 forte.
1796 1993 1923 2053 Sed
1967 1994 2231 2053 maxima

157 2076 246 2137 vis
283 2076 500 2138 decori
545 2076 605 2136 in
650 2078 767 2138 hac
807 2078 969 2139 inest
999 2085 1204 2153 parte,
1260 2080 1337 2136 de
1378 2092 1500 2151 qua
1540 2075 1944 2151 disputamus.
2016 2078 2231 2151 Neque

154 2161 316 2221 enim
354 2164 558 2221 solum
589 2162 899 2237 corporiS‚
949 2161 1053 2237 qui
1087 2162 1164 2221 ad
1197 2169 1473 2241 naturam
1515 2160 1639 2235 apti
1673 2168 1848 2233 sunt,
1894 2160 2007 2221 sed
2039 2163 2230 2221 multo

157 2244 335 2304 etiam
390 2244 586 2319 magis
637 2243 818 2305 animi
867 2255 1068 2307 motus
1112 2243 1443 2321 probandi,
1496 2244 1599 2320 qui
1644 2244 1788 2306 item
1832 2245 1911 2304 ad
1953 2253 2231 2305 naturam

157 2328 607 2389 accommodati
655 2337 818 2390 sunt.
911 2330 1049 2389 101.
1107 2329 1350 2404 Duplex
1391 2336 1489 2390 est
1539 2328 1697 2390 enim
1743 2328 1839 2387 vis
1887 2328 2231 2388 animorum

159 2421 340 2508 atque
382 2419 630 2472 natura:
683 2430 828 2473 una
863 2430 1006 2489 pars
1059 2412 1118 2472 in
1171 2411 1444 2488 appetitu
1488 2412 1691 2488 posita
1733 2420 1856 2483 est,
1922 2429 2081 2486 quae
2134 2415 2232 2471 est

161 2485 326 2573 ὁρμὴ
375 2495 639 2568 Graece,
693 2512 853 2570 quae
893 2497 1204 2558 hominem
1246 2498 1366 2556 huc
1418 2504 1479 2555 et
1516 2496 1657 2555 illuc
1703 2495 1891 2570 rapit,
1943 2498 2136 2557 altera
2167 2492 2230 2553 in

160 2578 408 2648 ratione,
478 2596 637 2654 quae
688 2581 874 2640 docet
932 2588 995 2641 et
1042 2582 1333 2655 explanat
1396 2578 1544 2653 quid
1595 2576 1939 2638 faciendum
1993 2577 2227 2651 fugien-

156 2662 379 2722 dumve
431 2661 528 2723 sit.
601 2665 692 2722 Ita
737 2663 807 2722 fit
847 2671 916 2724 ut
952 2663 1106 2725 ratio
1155 2662 1413 2739 praesit,
1467 2662 1777 2738 appetitus
1822 2662 2229 2735 obtemperet.

151 2746 363 2806 XXIX.
413 2746 619 2806 Omnis
651 2753 852 2807 autem
885 2746 1043 2808 actio
1076 2763 1299 2808 vacare
1342 2746 1528 2806 debet
1558 2743 1898 2806 temeritate
1939 2751 2003 2805 et
2043 2743 2233 2819 negli-

154 2829 356 2902 gentia
391 2844 508 2889 nec
544 2845 692 2890 vero
724 2846 907 2905 agere
938 2830 1302 2906 quidquam,
1354 2829 1529 2890 cuius
1566 2847 1691 2889 non
1733 2828 1933 2903 possit
1976 2845 2229 2890 causam

155 2911 534 2987 probabilem
563 2913 846 2973 reddere.
933 2916 1102 2975 Haec
1143 2921 1241 2974 est
1268 2912 1427 2975 enim
1478 2915 1606 2974 fere
1650 2912 1986 2989 descriptio
2020 2912 2228 2975 officii.

159 2995 290 3055 102.
347 2995 753 3056 Efficiendum
804 3004 1008 3058 autem
1048 3005 1145 3057 est
1185 3005 1254 3057 ut
1293 2996 1601 3073 appetitus
1636 2996 1852 3057 rationi
1895 2995 2230 3057 oboediant

155 3094 415 3154 eamque
454 3096 658 3155 neque
702 3089 1102 3154 praecurrant
1136 3097 1252 3141 nec
1293 3088 1548 3156 propter
1582 3080 1882 3156 pigritiam
1915 3085 2020 3139 aut
2061 3078 2229 3152 igna-

154 3161 309 3222 viam
342 3164 663 3235 deserant,
709 3164 953 3240 sintque
986 3163 1295 3239 tranquilli
1336 3174 1521 3238 atque
1566 3164 1730 3224 omni
1775 3161 1956 3221 animi
1992 3167 2225 3236 pertur-

152 3244 396 3307 batione
420 3254 703 3307 careant:
749 3265 828 3308 ex
851 3265 975 3323 quo
1007 3247 1272 3309 elucebit
1300 3246 1497 3307 omnis
1524 3242 1871 3306 constantia
1895 3243 2224 3314 omnisque

152 3329 512 3392 moderatio.
589 3331 741 3396 Nam
791 3333 896 3407 qui
935 3331 1246 3408 appetitus
1297 3329 1537 3403 longius
1589 3332 1926 3398 evagantur
1974 3330 2034 3412 et
2074 3330 2216 3378 tam-
