2381 3723
66 86 143 148 14
868 89 970 149 DE
1003 87 1097 148 OF
1099 87 1145 149 F
1148 88 1321 148 lCIIS

178 239 333 298 XIII.
381 237 483 300 39.
557 241 761 314 Atque
805 239 1012 311 etiam,
1068 238 1121 298 si
1167 239 1314 314 quid
1361 237 1582 314 singuli
1615 238 1997 314 temporibus
2034 241 2152 300 ad·

61 321 227 381 ducti
248 321 412 382 hosti
457 322 900 397 promiserunt,
956 329 1054 383 est
1093 322 1153 382 in
1204 338 1279 383 eo
1310 320 1449 398 ipso
1483 322 1639 383 fides
1686 324 2147 396 conservanda,

60 413 125 463 ut
161 404 355 481 primo
387 405 616 466 Punico
663 407 826 467 bello
876 407 1150 481 Regulus
1190 415 1411 482 captus
1456 423 1493 467 a
1532 405 1785 479 Poenis,
1842 423 2028 480 quum
2059 408 2153 466 de

59 488 318 562 captivis
354 490 802 551 commutandis
838 491 1093 550 Romam
1144 487 1374 550 missus
1420 496 1591 550 esset
1631 491 2023 564 iurassetque
2063 506 2154 564 se

58 571 425 644 rediturum,
453 573 715 648 primum
735 620 750 646 ,
783 580 849 632 ut
877 572 1071 647 venit,
1126 571 1407 650 captivos
1435 574 1793 634 reddendos
1823 573 1884 633 in
1917 580 2143 634 sena-tu

57 671 180 714 non
214 654 482 730 censuit,
539 655 791 730 deinde,
847 675 1035 733 quum
1078 656 1441 718 retineretur
1476 673 1512 716 a
1541 655 1907 733 propinquis
1952 662 2015 716 et
2058 656 2142 716 ab
2179 722 2184 731 θ

57 737 269 798 amicis
288 785 303 811 ,
333 739 413 798 ad
441 739 811 816 supplicium
841 740 1041 801 redire
1072 739 1284 801 maluit
1311 757 1494 815 quam
1528 740 1713 800 fidem
1743 739 1911 801 hosti
1934 741 2141 801 datam

61 822 291 881 fallere.
382 822 507 895 [40.
555 821 842 885 Secundo
876 832 1076 887 autem
1111 823 1341 889 Punico
1381 825 1543 885 bello
1576 831 1722 898 post
1752 824 2144 884 Cannensem

59 921 357 980 pugnam,
406 923 566 981 quos
609 907 825 968 decem
867 906 1167 968 Hannibal
1197 910 1456 976 Romam
1495 907 1782 968 astrictos
1814 906 1975 968 misit
2003 906 2146 967 iure

57 987 315 1049 iurando
348 1005 420 1050 se
450 990 760 1053 redituros
791 1008 966 1066 esse,
1017 989 1136 1052 nisi
1168 993 1247 1051 de
1284 989 1659 1052 redimendis
1691 990 1796 1065 iis,
1840 990 1945 1067 qui
1975 989 2140 1078 capti

57 1079 261 1145 erant,
313 1070 782 1149 impetrassent,
838 1091 950 1137 eos
983 1092 1200 1136 omnes
1234 1090 1561 1148 censoreS,
1617 1075 1827 1155 quoad
1868 1074 2141 1151 quisque

57 1171 272 1216 eorum
319 1154 497 1232 vixit,
552 1158 656 1235 qui
697 1158 1112 1235 peierassent,
1167 1160 1226 1218 in
1269 1157 1519 1220 aerariis
1561 1157 1966 1234 reliquerunt,
2019 1173 2144 1219 nec

56 1239 255 1300 minus
306 1239 501 1315 illum,
569 1241 676 1317 qui
730 1242 879 1303 iuris
937 1241 1177 1303 iurandi
1229 1244 1444 1304 fraude
1499 1244 1742 1319 culpam
1793 1241 2139 1305 invenerat.

57 1323 254 1397 Quum
296 1324 469 1397 enim„
497 1324 853 1387 Hannibalis
896 1324 1205 1401 permissu
1249 1325 1483 1388 exisset
1529 1326 1609 1387 de
1655 1325 1907 1401 castris,
1958 1324 2140 1386 rediit

58 1409 261 1480 paullo
308 1416 479 1484 post,
536 1410 703 1484 quod
746 1425 815 1470 se
851 1409 1104 1470 oblitum
1143 1408 1357 1472 nescio
1394 1409 1539 1485 quid
1572 1409 1823 1470 diceret.
1896 1409 2139 1470 Deinde

56 1505 352 1563 egressus
386 1507 420 1550 e
457 1491 674 1553 castris
710 1491 840 1553 iure
875 1492 1134 1554 iurando
1167 1510 1237 1555 se
1261 1495 1534 1555 solutum
1575 1494 1857 1570 putabat,
1904 1500 1965 1554 et
2002 1498 2138 1553 erat

54 1572 293 1646 verbiS,
352 1590 419 1634 re
463 1574 589 1635 n0n
631 1582 781 1637 erat.
855 1575 1116 1654 Semper
1157 1584 1362 1638 autem
1404 1575 1464 1637 in
1504 1577 1626 1638 fide
1658 1576 1802 1653 quid
1838 1575 2133 1650 senseriS‚

56 1673 183 1733 non
226 1655 372 1732 quid
417 1656 645 1719 dixeris
691 1658 1104 1735 cogitandum.
1186 1659 1516 1721 Maximum
1551 1668 1754 1722 autem
1784 1662 2136 1737 exemplum

55 1746 152 1800 est
204 1738 470 1801 iustitiae
528 1741 588 1802 in
646 1743 888 1804 hostem
943 1761 982 1803 a
1043 1743 1377 1806 maioribus
1434 1745 1664 1805 nostris
1718 1743 2133 1819 constitutum,

59 1840 247 1898 quum
290 1841 326 1884 a
365 1825 602 1903 Pyrrho
643 1829 905 1903 perfuga
933 1826 1174 1889 senatui
1218 1834 1315 1890 est
1362 1826 1673 1906 pollicitus
1713 1845 1782 1890 se
1826 1844 2135 1889 venenum

53 1907 183 1982 regi
237 1910 521 1970 daturum
571 1917 634 1971 et
674 1927 814 1972 eum
865 1910 1254 1986 necaturum,
1318 1919 1569 1973 senatus
1614 1921 1676 1973 et
1713 1913 1777 1973 C.
1814 1911 2133 1973 Fabricius

55 1994 372 2068 perfugam
401 1994 639 2071 Pyrrho
675 1994 927 2056 dedidit.
1000 1998 1089 2056 lta
1126 2012 1206 2056 ne
1247 1995 1721 2072 hostis'quidem
1757 2002 1819 2057 et
1859 1993 2133 2071 potentis

54 2082 113 2134 et
138 2077 362 2137 bellum
392 2080 553 2141 ultro
588 2078 905 2141 inferentis
933 2078 1240 2140 interitum
1280 2096 1417 2142 cum
1448 2082 1685 2141 scelere
1716 2078 2133 2156 approbavit.]

51 2158 152 2218 41.
195 2161 288 2218 Ac
319 2161 397 2220 de
425 2161 657 2223 bellicis
691 2163 938 2238 quidem
971 2163 1190 2225 officiis
1223 2163 1374 2227 satis
1406 2162 1635 2224 dictum
1658 2169 1771 2224 est.
1841 2162 2133 2223 Memine-

54 2238 245 2303 rimus
275 2249 477 2303 autem
510 2243 693 2306 etiam
735 2247 1037 2308 adversus
1069 2247 1315 2309 infimos
1361 2245 1650 2309 iustitiam
1694 2262 1837 2308 esse
1878 2262 2129 2308 servan-

53 2325 213 2385 dam.
286 2326 399 2387 Est
426 2335 631 2387 autem
674 2327 881 2389 infima
914 2329 1196 2392 condicio
1233 2337 1295 2390 et
1326 2332 1570 2391 fortuna
1599 2346 1953 2404 servorum,
1997 2328 2130 2405 qui·

50 2408 324 2478 busnon
367 2411 526 2471 male
554 2410 938 2487 praecipiunt
975 2413 1080 2488 qui
1113 2414 1197 2474 ita
1228 2413 1439 2475 iubent
1482 2412 1569 2474 uti
1602 2420 1667 2473 ut
1699 2412 2126 2475 mercenariis:

53 2507 304 2566 operam
337 2494 732 2572 exigendam,
777 2496 938 2557 iusta
972 2498 1342 2573 praebenda.
1417 2498 1611 2572 Quum
1644 2504 1848 2558 autem
1881 2497 2127 2558 duobus

54 2576 284 2651 modis,
313 2575 376 2637 id
408 2584 533 2652 est,
567 2585 673 2640 aut
704 2578 761 2638 vi
795 2585 900 2640 aut
937 2581 1151 2641 fraude
1179 2580 1290 2640 fiat
1317 2579 1565 2653 iniuria,
1596 2581 1763 2642 fraus
1791 2580 1967 2656 quasi
1997 2582 2128 2641 vul-

52 2662 336 2735 peculae,
370 2661 463 2722 vis
493 2662 691 2724 leonis
722 2662 997 2724 videtur:
1041 2671 1369 2740 utrumque
1397 2663 1642 2725 homine
1665 2662 2124 2738 alienissimum,

49 2744 162 2803 sed
182 2745 348 2806 fraus
369 2745 512 2807 odio
533 2745 717 2823 digna
739 2746 991 2808 maiore.
1030 2747 1241 2808 Totius
1268 2753 1471 2814 autem
1490 2745 1817 2809 iniustitiae
1840 2749 2003 2810 nulla
2028 2764 2126 2807 ca·

50 2825 292 2901 pitalior
316 2845 498 2903 quam
521 2846 755 2905 eorum,
781 2832 881 2906 qui
908 2836 1054 2904 tum,
1087 2848 1274 2905 quum
1299 2830 1561 2892 maxime
1583 2832 1825 2906 fallunt,
1849 2830 1912 2891 id
1935 2838 2124 2907 agunt

54 2917 115 2969 ut
150 2909 261 2970 viri
293 2911 441 2971 boni
472 2929 613 2973 esse
648 2913 985 2974 videantur.
1055 2915 1144 2974 De
1174 2912 1404 2974 iustitia
1432 2914 1584 2976 satis
1614 2915 1842 2977 dictum
1875 2922 1987 2976 est.

172 2995 332 3055 XIV.
380 2994 479 3056 42.
567 2996 904 3073 Deinceps,
936 3004 1004 3058 ut
1037 3004 1167 3057 erat
1199 2997 1619 3073 propositum,
1669 2999 1746 3059 de
1776 2999 2120 3060 beneficen-

48 3076 129 3136 tia
159 3094 231 3138 ac
273 3080 351 3139 de
385 3078 741 3141 liberalitate
775 3080 1043 3157 dicatur,
1085 3098 1207 3158 qua
1250 3081 1497 3157 quidem
1541 3080 1686 3141 nlhll
1726 3091 1823 3144 est
1866 3089 2119 3143 naturae

48 3161 308 3222 hominis
360 3163 915 3238 accommodatiuS,
971 3166 1086 3226 sed
1126 3165 1311 3226 habet
1354 3167 1574 3228 multas
1608 3164 1943 3229 cautiones.
2014 3165 2117 3224 Vi·

49 3246 318 3304 dendum
350 3253 447 3307 est
475 3246 666 3320 enim,
718 3246 980 3322 primum
1024 3266 1102 3309 ne
1147 3248 1311 3310 obsit
1350 3248 1690 3326 benignitas
1721 3256 1780 3309 et
1822 3249 1896 3311 iis
1942 3247 2113 3325 ipsiS‚

49 3327 273 3402 quibus
307 3328 570 3405 benigne
601 3328 904 3391 videbitur
933 3331 1093 3407 fieri,
1133 3340 1196 3393 et
1227 3333 1518 3409 caeteris,
1560 3332 1781 3395 deinde
1810 3350 1889 3394 ne
1921 3332 2115 3393 maior
