<?xml version="1.0" encoding="UTF-8"?>
<!DOCTYPE html PUBLIC "-//W3C//DTD XHTML 1.0 Transitional//EN"
    "http://www.w3.org/TR/xhtml1/DTD/xhtml1-transitional.dtd">
<html xmlns="http://www.w3.org/1999/xhtml" xml:lang="en" lang="en">
 <head>
  <title>
</title>
<meta http-equiv="Content-Type" content="text/html;charset=utf-8" />
  <meta name='ocr-system' content='tesseract 3.04.00' />
  <meta name='ocr-capabilities' content='ocr_page ocr_carea ocr_par ocr_line ocrx_word'/>
</head>
<body>
  <div class='ocr_page' id='page_1' title='image "./scriptaquaemans01wesegoog_0186.png"; bbox 0 0 2381 3723; ppageno 0'>
   <div class='ocr_carea' id='block_1_1' title="bbox 183 129 2239 204">
    <p class='ocr_par' dir='ltr' id='par_1_1' title="bbox 183 129 2239 204">
     <span class='ocr_line' id='line_1_1' title="bbox 183 129 2239 204; baseline -0.002 -3"><span class='ocrx_word' id='word_1_1' title='bbox 183 139 298 201; x_wconf 77' lang='lat'>164</span> <span class='ocrx_word' id='word_1_2' title='bbox 656 138 983 199; x_wconf 81' lang='lat' dir='ltr'>LAELIUS</span> <span class='ocrx_word' id='word_1_3' title='bbox 1019 138 1120 197; x_wconf 84' lang='lat' dir='ltr'>DE</span> <span class='ocrx_word' id='word_1_4' title='bbox 1150 129 1498 204; x_wconf 79' lang='lat' dir='ltr'>AMICITIA</span> <span class='ocrx_word' id='word_1_5' title='bbox 1529 137 1755 197; x_wconf 80' lang='lat' dir='ltr'>LIBER</span> <span class='ocrx_word' id='word_1_6' title='bbox 2141 144 2239 197; x_wconf 73' lang='lat'>‘48</span> 
     </span>
    </p>
   </div>
   <div class='ocr_carea' id='block_1_2' title="bbox 175 288 2286 2866">
    <p class='ocr_par' dir='ltr' id='par_1_2' title="bbox 175 288 2286 2866">
     <span class='ocr_line' id='line_1_2' title="bbox 177 288 2235 365; baseline -0 -16"><span class='ocrx_word' id='word_1_7' title='bbox 177 305 299 350; x_wconf 83' lang='lat' dir='ltr'>est:</span> <span class='ocrx_word' id='word_1_8' title='bbox 339 289 556 365; x_wconf 57' lang='lat' dir='ltr'>virtus</span> <span class='ocrx_word' id='word_1_9' title='bbox 604 305 784 365; x_wconf 88' lang='lat' dir='ltr'>quam</span> <span class='ocrx_word' id='word_1_10' title='bbox 820 288 1097 364; x_wconf 88' lang='lat' dir='ltr'>sequitur</span> <span class='ocrx_word' id='word_1_11' title='bbox 1131 288 1383 353; x_wconf 84' lang='lat' dir='ltr'>caritas,</span> <span class='ocrx_word' id='word_1_12' title='bbox 1439 288 1680 349; x_wconf 87' lang='lat' dir='ltr'>minime</span> <span class='ocrx_word' id='word_1_13' title='bbox 1712 288 2091 364; x_wconf 72' lang='lat' dir='ltr'>repudianda</span> <span class='ocrx_word' id='word_1_14' title='bbox 2121 298 2235 348; x_wconf 89' lang='lat' dir='ltr'>est.</span> 
     </span>
     <span class='ocr_line' id='line_1_3' title="bbox 178 370 2237 449; baseline -0.001 -16"><span class='ocrx_word' id='word_1_15' title='bbox 178 374 276 433; x_wconf 83' lang='lat'>62.</span> <span class='ocrx_word' id='word_1_16' title='bbox 324 373 448 433; x_wconf 91' lang='lat' dir='ltr'>Sed</span> <span class='ocrx_word' id='word_1_17' title='bbox 478 407 563 420; x_wconf 89' lang='lat'>-</span> <span class='ocrx_word' id='word_1_18' title='bbox 590 389 781 449; x_wconf 85' lang='lat' dir='ltr'>saepe</span> <span class='ocrx_word' id='word_1_19' title='bbox 824 372 983 433; x_wconf 91' lang='lat' dir='ltr'>enim</span> <span class='ocrx_word' id='word_1_20' title='bbox 1023 373 1212 433; x_wconf 89' lang='lat' dir='ltr'>redeo</span> <span class='ocrx_word' id='word_1_21' title='bbox 1262 373 1342 431; x_wconf 89' lang='lat' dir='ltr'>ad</span> <span class='ocrx_word' id='word_1_22' title='bbox 1384 370 1761 447; x_wconf 83' lang='lat' dir='ltr'>Scipionem,</span> <span class='ocrx_word' id='word_1_23' title='bbox 1820 370 1993 432; x_wconf 90' lang='lat' dir='ltr'>cuius</span> <span class='ocrx_word' id='word_1_24' title='bbox 2038 370 2237 431; x_wconf 90' lang='lat' dir='ltr'>omnis</span> 
     </span>
     <span class='ocr_line' id='line_1_4' title="bbox 179 454 2236 530; baseline -0.001 -13"><span class='ocrx_word' id='word_1_25' title='bbox 179 474 381 517; x_wconf 90' lang='lat' dir='ltr'>sermo</span> <span class='ocrx_word' id='word_1_26' title='bbox 435 466 565 518; x_wconf 86' lang='lat' dir='ltr'>erat</span> <span class='ocrx_word' id='word_1_27' title='bbox 622 457 699 516; x_wconf 90' lang='lat' dir='ltr'>de</span> <span class='ocrx_word' id='word_1_28' title='bbox 752 455 1009 516; x_wconf 88' lang='lat' dir='ltr'>amicitia</span> <span class='ocrx_word' id='word_1_29' title='bbox 1048 488 1135 500; x_wconf 93' lang='grc'>--</span> <span class='ocrx_word' id='word_1_30' title='bbox 1175 456 1571 530; x_wconf 83' lang='lat' dir='ltr'>querebatur,</span> <span class='ocrx_word' id='word_1_31' title='bbox 1627 456 1791 529; x_wconf 87' lang='lat' dir='ltr'>quod</span> <span class='ocrx_word' id='word_1_32' title='bbox 1847 454 2128 515; x_wconf 88' lang='lat' dir='ltr'>omnibus</span> <span class='ocrx_word' id='word_1_33' title='bbox 2180 454 2236 514; x_wconf 88' lang='lat' dir='ltr'>in</span> 
     </span>
     <span class='ocr_line' id='line_1_5' title="bbox 178 538 2243 615; baseline -0.001 -16"><span class='ocrx_word' id='word_1_34' title='bbox 178 540 362 600; x_wconf 90' lang='lat' dir='ltr'>rebus</span> <span class='ocrx_word' id='word_1_35' title='bbox 407 539 683 600; x_wconf 87' lang='lat' dir='ltr'>homines</span> <span class='ocrx_word' id='word_1_36' title='bbox 735 538 1148 614; x_wconf 81' lang='lat' dir='ltr'>diligentiores</span> <span class='ocrx_word' id='word_1_37' title='bbox 1201 546 1441 611; x_wconf 87' lang='lat' dir='ltr'>essent,</span> <span class='ocrx_word' id='word_1_38' title='bbox 1507 554 1726 615; x_wconf 78' lang='lat' dir='ltr'>capras</span> <span class='ocrx_word' id='word_1_39' title='bbox 1779 543 1841 598; x_wconf 81' lang='lat' dir='ltr'>et</span> <span class='ocrx_word' id='word_1_40' title='bbox 1883 554 2035 598; x_wconf 89' lang='lat' dir='ltr'>oves</span> <span class='ocrx_word' id='word_1_41' title='bbox 2087 545 2243 612; x_wconf 90' lang='lat' dir='ltr'>quot</span> 
     </span>
     <span class='ocr_line' id='line_1_6' title="bbox 179 622 2239 698; baseline -0.001 -14"><span class='ocrx_word' id='word_1_42' title='bbox 179 622 441 698; x_wconf 87' lang='lat' dir='ltr'>quisque</span> <span class='ocrx_word' id='word_1_43' title='bbox 492 623 746 683; x_wconf 85' lang='lat' dir='ltr'>haberet</span> <span class='ocrx_word' id='word_1_44' title='bbox 795 622 999 682; x_wconf 85' lang='lat' dir='ltr'>dicere</span> <span class='ocrx_word' id='word_1_45' title='bbox 1055 638 1276 698; x_wconf 91' lang='lat' dir='ltr'>posse,</span> <span class='ocrx_word' id='word_1_46' title='bbox 1329 622 1561 698; x_wconf 57' lang='lat' dir='ltr'>amicos</span> <span class='ocrx_word' id='word_1_47' title='bbox 1618 630 1771 698; x_wconf 92' lang='lat' dir='ltr'>quot</span> <span class='ocrx_word' id='word_1_48' title='bbox 1814 622 2066 681; x_wconf 89' lang='lat' dir='ltr'>haberet</span> <span class='ocrx_word' id='word_1_49' title='bbox 2114 638 2239 681; x_wconf 91' lang='lat' dir='ltr'>non</span> 
     </span>
     <span class='ocr_line' id='line_1_7' title="bbox 178 704 2238 781; baseline -0.001 -15"><span class='ocrx_word' id='word_1_50' title='bbox 178 722 369 781; x_wconf 90' lang='lat' dir='ltr'>posse</span> <span class='ocrx_word' id='word_1_51' title='bbox 401 705 634 779; x_wconf 86' lang='lat' dir='ltr'>dicere,</span> <span class='ocrx_word' id='word_1_52' title='bbox 690 712 752 765; x_wconf 87' lang='lat' dir='ltr'>et</span> <span class='ocrx_word' id='word_1_53' title='bbox 800 706 858 765; x_wconf 91' lang='lat' dir='ltr'>in</span> <span class='ocrx_word' id='word_1_54' title='bbox 904 704 1017 765; x_wconf 93' lang='lat' dir='ltr'>illis</span> <span class='ocrx_word' id='word_1_55' title='bbox 1063 704 1309 779; x_wconf 88' lang='lat' dir='ltr'>quidem</span> <span class='ocrx_word' id='word_1_56' title='bbox 1351 705 1639 781; x_wconf 87' lang='lat' dir='ltr'>parandis</span> <span class='ocrx_word' id='word_1_57' title='bbox 1687 705 1979 765; x_wconf 89' lang='lat' dir='ltr'>adhibere</span> <span class='ocrx_word' id='word_1_58' title='bbox 2011 721 2238 775; x_wconf 88' lang='lat' dir='ltr'>curam,</span> 
     </span>
     <span class='ocr_line' id='line_1_8' title="bbox 178 787 2242 865; baseline 0 -18"><span class='ocrx_word' id='word_1_59' title='bbox 178 787 235 848; x_wconf 91' lang='lat' dir='ltr'>in</span> <span class='ocrx_word' id='word_1_60' title='bbox 281 788 489 849; x_wconf 90' lang='lat' dir='ltr'>amicis</span> <span class='ocrx_word' id='word_1_61' title='bbox 512 788 818 864; x_wconf 60' lang='lat' dir='ltr'>,eligendis</span> <span class='ocrx_word' id='word_1_62' title='bbox 851 789 1229 865; x_wconf 75' lang='lat' dir='ltr'>negligentes</span> <span class='ocrx_word' id='word_1_63' title='bbox 1267 805 1409 850; x_wconf 90' lang='lat' dir='ltr'>esse</span> <span class='ocrx_word' id='word_1_64' title='bbox 1450 805 1563 848; x_wconf 88' lang='lat' dir='ltr'>nec</span> <span class='ocrx_word' id='word_1_65' title='bbox 1597 789 1823 849; x_wconf 87' lang='lat' dir='ltr'>habere</span> <span class='ocrx_word' id='word_1_66' title='bbox 1856 787 2032 864; x_wconf 83' lang='lat' dir='ltr'>quasi</span> <span class='ocrx_word' id='word_1_67' title='bbox 2065 788 2242 863; x_wconf 86' lang='lat' dir='ltr'>signa</span> 
     </span>
     <span class='ocr_line' id='line_1_9' title="bbox 181 871 2242 947; baseline 0 -16"><span class='ocrx_word' id='word_1_68' title='bbox 181 873 483 945; x_wconf 84' lang='lat' dir='ltr'>quaedam</span> <span class='ocrx_word' id='word_1_69' title='bbox 516 880 579 931; x_wconf 86' lang='lat' dir='ltr'>et</span> <span class='ocrx_word' id='word_1_70' title='bbox 607 881 787 933; x_wconf 89' lang='lat' dir='ltr'>notas</span> <span class='ocrx_word' id='word_1_71' title='bbox 823 872 1045 947; x_wconf 91' lang='lat' dir='ltr'>quibus</span> <span class='ocrx_word' id='word_1_72' title='bbox 1079 889 1220 945; x_wconf 91' lang='lat' dir='ltr'>eos,</span> <span class='ocrx_word' id='word_1_73' title='bbox 1276 871 1379 947; x_wconf 89' lang='lat' dir='ltr'>qui</span> <span class='ocrx_word' id='word_1_74' title='bbox 1408 873 1488 932; x_wconf 89' lang='lat' dir='ltr'>ad</span> <span class='ocrx_word' id='word_1_75' title='bbox 1519 871 1837 933; x_wconf 83' lang='lat' dir='ltr'>amicitiam</span> <span class='ocrx_word' id='word_1_76' title='bbox 1867 878 2078 933; x_wconf 88' lang='lat' dir='ltr'>essent</span> <span class='ocrx_word' id='word_1_77' title='bbox 2111 871 2242 932; x_wconf 88' lang='lat' dir='ltr'>ido-</span> 
     </span>
     <span class='ocr_line' id='line_1_10' title="bbox 179 954 2240 1031; baseline 0.001 -19"><span class='ocrx_word' id='word_1_78' title='bbox 179 954 304 1027; x_wconf 90' lang='lat' dir='ltr'>nei,</span> <span class='ocrx_word' id='word_1_79' title='bbox 338 955 693 1016; x_wconf 86' lang='lat' dir='ltr'>iudicarent.</span> <span class='ocrx_word' id='word_1_80' title='bbox 767 957 925 1018; x_wconf 87' lang='lat' dir='ltr'>Sunt</span> <span class='ocrx_word' id='word_1_81' title='bbox 967 954 1144 1031; x_wconf 86' lang='lat' dir='ltr'>igitur</span> <span class='ocrx_word' id='word_1_82' title='bbox 1186 956 1342 1014; x_wconf 88' lang='lat' dir='ltr'>firmi</span> <span class='ocrx_word' id='word_1_83' title='bbox 1390 963 1451 1015; x_wconf 91' lang='lat' dir='ltr'>et</span> <span class='ocrx_word' id='word_1_84' title='bbox 1485 956 1742 1017; x_wconf 89' lang='lat' dir='ltr'>stabiles</span> <span class='ocrx_word' id='word_1_85' title='bbox 1778 963 1839 1016; x_wconf 89' lang='lat' dir='ltr'>et</span> <span class='ocrx_word' id='word_1_86' title='bbox 1882 962 2240 1017; x_wconf 84' lang='lat' dir='ltr'>constantes</span> 
     </span>
     <span class='ocr_line' id='line_1_11' title="bbox 179 1037 2215 1116; baseline 0 -19"><span class='ocrx_word' id='word_1_87' title='bbox 179 1038 469 1113; x_wconf 82' lang='lat' dir='ltr'>eligendi,</span> <span class='ocrx_word' id='word_1_88' title='bbox 509 1037 682 1100; x_wconf 90' lang='lat' dir='ltr'>cuius</span> <span class='ocrx_word' id='word_1_89' title='bbox 714 1039 957 1116; x_wconf 83' lang='lat' dir='ltr'>generis</span> <span class='ocrx_word' id='word_1_90' title='bbox 995 1046 1092 1099; x_wconf 89' lang='lat' dir='ltr'>est</span> <span class='ocrx_word' id='word_1_91' title='bbox 1124 1055 1345 1114; x_wconf 87' lang='lat' dir='ltr'>magna</span> <span class='ocrx_word' id='word_1_92' title='bbox 1374 1038 1654 1115; x_wconf 87' lang='lat' dir='ltr'>penuria,</span> <span class='ocrx_word' id='word_1_93' title='bbox 1695 1046 1757 1099; x_wconf 92' lang='lat' dir='ltr'>et</span> <span class='ocrx_word' id='word_1_94' title='bbox 1787 1038 2057 1099; x_wconf 90' lang='lat' dir='ltr'>iudicare</span> <span class='ocrx_word' id='word_1_95' title='bbox 2087 1038 2215 1098; x_wconf 84' lang='lat' dir='ltr'>diffi</span> 
     </span>
     <span class='ocr_line' id='line_1_12' title="bbox 181 1121 2242 1199; baseline -0 -19"><span class='ocrx_word' id='word_1_96' title='bbox 181 1121 294 1181; x_wconf 89' lang='lat' dir='ltr'>cile</span> <span class='ocrx_word' id='word_1_97' title='bbox 322 1129 419 1183; x_wconf 87' lang='lat' dir='ltr'>est</span> <span class='ocrx_word' id='word_1_98' title='bbox 450 1139 601 1183; x_wconf 90' lang='lat' dir='ltr'>sane</span> <span class='ocrx_word' id='word_1_99' title='bbox 624 1122 748 1190; x_wconf 60' lang='lat' dir='ltr'>,nisi</span> <span class='ocrx_word' id='word_1_100' title='bbox 779 1130 1129 1199; x_wconf 83' lang='lat' dir='ltr'>expertum,</span> <span class='ocrx_word' id='word_1_101' title='bbox 1174 1121 1618 1197; x_wconf 88' lang='lat' dir='ltr'>experiundum</span> <span class='ocrx_word' id='word_1_102' title='bbox 1648 1129 1848 1183; x_wconf 90' lang='lat' dir='ltr'>autem</span> <span class='ocrx_word' id='word_1_103' title='bbox 1880 1129 1978 1183; x_wconf 92' lang='lat' dir='ltr'>est</span> <span class='ocrx_word' id='word_1_104' title='bbox 2015 1122 2072 1182; x_wconf 90' lang='lat' dir='ltr'>in</span> <span class='ocrx_word' id='word_1_105' title='bbox 2107 1122 2242 1197; x_wconf 88' lang='lat' dir='ltr'>ipsa</span> 
     </span>
     <span class='ocr_line' id='line_1_13' title="bbox 179 1204 2241 1283; baseline -0.001 -19"><span class='ocrx_word' id='word_1_106' title='bbox 179 1204 468 1267; x_wconf 86' lang='lat' dir='ltr'>amicitia:</span> <span class='ocrx_word' id='word_1_107' title='bbox 515 1206 599 1267; x_wconf 88' lang='lat' dir='ltr'>ita</span> <span class='ocrx_word' id='word_1_108' title='bbox 627 1205 965 1283; x_wconf 88' lang='lat' dir='ltr'>praecurrit</span> <span class='ocrx_word' id='word_1_109' title='bbox 986 1205 1245 1266; x_wconf 88' lang='lat' dir='ltr'>amicitia</span> <span class='ocrx_word' id='word_1_110' title='bbox 1271 1205 1559 1266; x_wconf 88' lang='lat' dir='ltr'>iudicium</span> <span class='ocrx_word' id='word_1_111' title='bbox 1581 1206 1856 1281; x_wconf 87' lang='lat' dir='ltr'>tollitque</span> <span class='ocrx_word' id='word_1_112' title='bbox 1880 1204 2241 1281; x_wconf 85' lang='lat' dir='ltr'>experiundi</span> 
     </span>
     <span class='ocr_line' id='line_1_14' title="bbox 183 1289 2237 1365; baseline -0 -18"><span class='ocrx_word' id='word_1_113' title='bbox 183 1295 567 1364; x_wconf 89' lang='lat' dir='ltr'>potestatem.</span> <span class='ocrx_word' id='word_1_114' title='bbox 657 1289 758 1350; x_wconf 86' lang='lat'>63.</span> <span class='ocrx_word' id='word_1_115' title='bbox 798 1291 909 1350; x_wconf 91' lang='lat' dir='ltr'>Est</span> <span class='ocrx_word' id='word_1_116' title='bbox 947 1289 1126 1365; x_wconf 87' lang='lat' dir='ltr'>igitur</span> <span class='ocrx_word' id='word_1_117' title='bbox 1164 1289 1484 1365; x_wconf 89' lang='lat' dir='ltr'>prudentis</span> <span class='ocrx_word' id='word_1_118' title='bbox 1529 1289 1832 1350; x_wconf 89' lang='lat' dir='ltr'>sustinere</span> <span class='ocrx_word' id='word_1_119' title='bbox 1874 1297 1942 1349; x_wconf 90' lang='lat' dir='ltr'>ut</span> <span class='ocrx_word' id='word_1_120' title='bbox 1977 1304 2237 1359; x_wconf 89' lang='lat' dir='ltr'>currum,</span> 
     </span>
     <span class='ocr_line' id='line_1_15' title="bbox 179 1370 2240 1448; baseline 0 -17"><span class='ocrx_word' id='word_1_121' title='bbox 179 1370 269 1431; x_wconf 86' lang='lat' dir='ltr'>sic</span> <span class='ocrx_word' id='word_1_122' title='bbox 297 1371 584 1447; x_wconf 90' lang='lat' dir='ltr'>impetum</span> <span class='ocrx_word' id='word_1_123' title='bbox 607 1373 1099 1446; x_wconf 90' lang='lat' dir='ltr'>benevolentiae,</span> <span class='ocrx_word' id='word_1_124' title='bbox 1152 1390 1274 1448; x_wconf 91' lang='lat' dir='ltr'>quo</span> <span class='ocrx_word' id='word_1_125' title='bbox 1304 1380 1546 1434; x_wconf 87' lang='lat' dir='ltr'>utamur</span> <span class='ocrx_word' id='word_1_126' title='bbox 1575 1372 1751 1448; x_wconf 89' lang='lat' dir='ltr'>quasi</span> <span class='ocrx_word' id='word_1_127' title='bbox 1786 1371 1961 1447; x_wconf 92' lang='lat' dir='ltr'>equis</span> <span class='ocrx_word' id='word_1_128' title='bbox 1991 1378 2240 1446; x_wconf 90' lang='lat' dir='ltr'>tempta-</span> 
     </span>
     <span class='ocr_line' id='line_1_16' title="bbox 182 1454 2237 1532; baseline 0 -20"><span class='ocrx_word' id='word_1_129' title='bbox 182 1454 284 1526; x_wconf 90' lang='lat' dir='ltr'>tis,</span> <span class='ocrx_word' id='word_1_130' title='bbox 329 1454 418 1514; x_wconf 91' lang='lat' dir='ltr'>sic</span> <span class='ocrx_word' id='word_1_131' title='bbox 449 1455 709 1517; x_wconf 89' lang='lat' dir='ltr'>amicitia</span> <span class='ocrx_word' id='word_1_132' title='bbox 753 1455 954 1532; x_wconf 89' lang='lat' dir='ltr'>aliqua</span> <span class='ocrx_word' id='word_1_133' title='bbox 987 1463 1161 1532; x_wconf 88' lang='lat' dir='ltr'>parte</span> <span class='ocrx_word' id='word_1_134' title='bbox 1195 1455 1545 1531; x_wconf 87' lang='lat' dir='ltr'>periclitatis</span> <span class='ocrx_word' id='word_1_135' title='bbox 1580 1455 1851 1518; x_wconf 87' lang='lat' dir='ltr'>moribus</span> <span class='ocrx_word' id='word_1_136' title='bbox 1882 1456 2237 1516; x_wconf 88' lang='lat' dir='ltr'>amicorum.</span> 
     </span>
     <span class='ocr_line' id='line_1_17' title="bbox 182 1536 2239 1616; baseline 0.002 -21"><span class='ocrx_word' id='word_1_137' title='bbox 182 1536 432 1610; x_wconf 85' lang='lat' dir='ltr'>Quidam</span> <span class='ocrx_word' id='word_1_138' title='bbox 453 1555 641 1614; x_wconf 84' lang='lat' dir='ltr'>saepe</span> <span class='ocrx_word' id='word_1_139' title='bbox 665 1538 722 1599; x_wconf 90' lang='lat' dir='ltr'>in</span> <span class='ocrx_word' id='word_1_140' title='bbox 744 1556 939 1615; x_wconf 87' lang='lat' dir='ltr'>parva</span> <span class='ocrx_word' id='word_1_141' title='bbox 956 1538 1216 1614; x_wconf 88' lang='lat' dir='ltr'>pecunia</span> <span class='ocrx_word' id='word_1_142' title='bbox 1235 1539 1683 1616; x_wconf 87' lang='lat' dir='ltr'>perspiciuntur</span> <span class='ocrx_word' id='word_1_143' title='bbox 1706 1556 1883 1615; x_wconf 90' lang='lat' dir='ltr'>quam</span> <span class='ocrx_word' id='word_1_144' title='bbox 1910 1538 2030 1600; x_wconf 89' lang='lat' dir='ltr'>sint</span> <span class='ocrx_word' id='word_1_145' title='bbox 2050 1541 2239 1611; x_wconf 81' lang='lat' dir='ltr'>leveS,</span> 
     </span>
     <span class='ocr_line' id='line_1_18' title="bbox 182 1619 2236 1700; baseline 0.001 -22"><span class='ocrx_word' id='word_1_146' title='bbox 182 1619 425 1693; x_wconf 88' lang='lat' dir='ltr'>quidam</span> <span class='ocrx_word' id='word_1_147' title='bbox 455 1628 685 1696; x_wconf 89' lang='lat' dir='ltr'>autem,</span> <span class='ocrx_word' id='word_1_148' title='bbox 725 1638 882 1697; x_wconf 92' lang='lat' dir='ltr'>quos</span> <span class='ocrx_word' id='word_1_149' title='bbox 914 1639 1103 1697; x_wconf 88' lang='lat' dir='ltr'>parva</span> <span class='ocrx_word' id='word_1_150' title='bbox 1137 1639 1390 1684; x_wconf 88' lang='lat' dir='ltr'>movere</span> <span class='ocrx_word' id='word_1_151' title='bbox 1420 1642 1540 1684; x_wconf 90' lang='lat' dir='ltr'>non</span> <span class='ocrx_word' id='word_1_152' title='bbox 1576 1624 1799 1700; x_wconf 87' lang='lat' dir='ltr'>potuit,</span> <span class='ocrx_word' id='word_1_153' title='bbox 1851 1638 2236 1698; x_wconf 84' lang='lat' dir='ltr'>cognoscun-</span> 
     </span>
     <span class='ocr_line' id='line_1_19' title="bbox 180 1702 2237 1783; baseline 0.001 -22"><span class='ocrx_word' id='word_1_154' title='bbox 180 1702 365 1763; x_wconf 88' lang='lat' dir='ltr'>turin</span> <span class='ocrx_word' id='word_1_155' title='bbox 399 1720 635 1779; x_wconf 73' lang='lat' dir='ltr'>magna2</span> <span class='ocrx_word' id='word_1_156' title='bbox 709 1705 814 1767; x_wconf 79' lang='lat' dir='ltr'>Sia</span> <span class='ocrx_word' id='word_1_157' title='bbox 860 1712 1038 1765; x_wconf 87' lang='lat' dir='ltr'>erunt</span> <span class='ocrx_word' id='word_1_158' title='bbox 1075 1705 1261 1781; x_wconf 84' lang='lat' dir='ltr'>aliqui</span> <span class='ocrx_word' id='word_1_159' title='bbox 1303 1707 1526 1782; x_wconf 89' lang='lat' dir='ltr'>reperti</span> <span class='ocrx_word' id='word_1_160' title='bbox 1572 1707 1673 1783; x_wconf 84' lang='lat' dir='ltr'>qui</span> <span class='ocrx_word' id='word_1_161' title='bbox 1714 1706 2033 1783; x_wconf 88' lang='lat' dir='ltr'>pecuniam</span> <span class='ocrx_word' id='word_1_162' title='bbox 2065 1720 2237 1780; x_wconf 90' lang='lat' dir='ltr'>prae·</span> 
     </span>
     <span class='ocr_line' id='line_1_20' title="bbox 182 1786 2236 1865; baseline 0.001 -21"><span class='ocrx_word' id='word_1_163' title='bbox 182 1786 339 1846; x_wconf 79' lang='lat' dir='ltr'>ferre</span> <span class='ocrx_word' id='word_1_164' title='bbox 387 1786 682 1849; x_wconf 89' lang='lat' dir='ltr'>amicitiae</span> <span class='ocrx_word' id='word_1_165' title='bbox 735 1787 1050 1850; x_wconf 88' lang='lat' dir='ltr'>sordidum</span> <span class='ocrx_word' id='word_1_166' title='bbox 1092 1789 1467 1865; x_wconf 85' lang='lat' dir='ltr'>existiment,</span> <span class='ocrx_word' id='word_1_167' title='bbox 1520 1791 1626 1850; x_wconf 90' lang='lat' dir='ltr'>ubi</span> <span class='ocrx_word' id='word_1_168' title='bbox 1679 1807 1788 1851; x_wconf 92' lang='lat' dir='ltr'>eos</span> <span class='ocrx_word' id='word_1_169' title='bbox 1835 1788 2236 1861; x_wconf 79' lang='lat' dir='ltr'>inveniemUS,</span> 
     </span>
     <span class='ocr_line' id='line_1_21' title="bbox 181 1869 2236 1951; baseline 0 -21"><span class='ocrx_word' id='word_1_170' title='bbox 181 1869 285 1945; x_wconf 91' lang='lat' dir='ltr'>qui</span> <span class='ocrx_word' id='word_1_171' title='bbox 315 1871 618 1946; x_wconf 90' lang='lat' dir='ltr'>honores,</span> <span class='ocrx_word' id='word_1_172' title='bbox 672 1872 1094 1949; x_wconf 83' lang='lat' dir='ltr'>magistratuS,</span> <span class='ocrx_word' id='word_1_173' title='bbox 1153 1873 1436 1950; x_wconf 87' lang='lat' dir='ltr'>imperia,</span> <span class='ocrx_word' id='word_1_174' title='bbox 1484 1882 1854 1950; x_wconf 87' lang='lat' dir='ltr'>potestates,</span> <span class='ocrx_word' id='word_1_175' title='bbox 1902 1890 2055 1951; x_wconf 89' lang='lat' dir='ltr'>opes</span> <span class='ocrx_word' id='word_1_176' title='bbox 2097 1871 2236 1932; x_wconf 89' lang='lat' dir='ltr'>ami-</span> 
     </span>
     <span class='ocr_line' id='line_1_22' title="bbox 181 1954 2238 2035; baseline 0.002 -23"><span class='ocrx_word' id='word_1_177' title='bbox 181 1954 357 2015; x_wconf 90' lang='lat' dir='ltr'>citiae</span> <span class='ocrx_word' id='word_1_178' title='bbox 396 1973 518 2017; x_wconf 90' lang='lat' dir='ltr'>non</span> <span class='ocrx_word' id='word_1_179' title='bbox 565 1964 968 2033; x_wconf 88' lang='lat' dir='ltr'>anteponant,</span> <span class='ocrx_word' id='word_1_180' title='bbox 1023 1964 1092 2018; x_wconf 87' lang='lat' dir='ltr'>ut</span> <span class='ocrx_word' id='word_1_181' title='bbox 1135 1975 1320 2031; x_wconf 91' lang='lat' dir='ltr'>quum</span> <span class='ocrx_word' id='word_1_182' title='bbox 1363 1975 1439 2018; x_wconf 90' lang='lat' dir='ltr'>ex</span> <span class='ocrx_word' id='word_1_183' title='bbox 1474 1961 1665 2018; x_wconf 87' lang='lat' dir='ltr'>altera</span> <span class='ocrx_word' id='word_1_184' title='bbox 1702 1966 1873 2035; x_wconf 88' lang='lat' dir='ltr'>parte</span> <span class='ocrx_word' id='word_1_185' title='bbox 1919 1955 2238 2034; x_wconf 82' lang='lat' dir='ltr'>proposita</span> 
     </span>
     <span class='ocr_line' id='line_1_23' title="bbox 180 2037 2237 2114; baseline 0.001 -19"><span class='ocrx_word' id='word_1_186' title='bbox 180 2038 332 2098; x_wconf 85' lang='lat' dir='ltr'>haec</span> <span class='ocrx_word' id='word_1_187' title='bbox 355 2038 504 2111; x_wconf 89' lang='lat' dir='ltr'>sint,</span> <span class='ocrx_word' id='word_1_188' title='bbox 562 2057 638 2100; x_wconf 86' lang='lat' dir='ltr'>ex</span> <span class='ocrx_word' id='word_1_189' title='bbox 687 2043 877 2101; x_wconf 87' lang='lat' dir='ltr'>altera</span> <span class='ocrx_word' id='word_1_190' title='bbox 917 2040 1012 2102; x_wconf 91' lang='lat' dir='ltr'>ius</span> <span class='ocrx_word' id='word_1_191' title='bbox 1056 2039 1380 2114; x_wconf 89' lang='lat' dir='ltr'>amicitiae,</span> <span class='ocrx_word' id='word_1_192' title='bbox 1443 2059 1564 2103; x_wconf 91' lang='lat' dir='ltr'>non</span> <span class='ocrx_word' id='word_1_193' title='bbox 1616 2045 1800 2103; x_wconf 86' lang='lat' dir='ltr'>multo</span> <span class='ocrx_word' id='word_1_194' title='bbox 1843 2041 1942 2100; x_wconf 87' lang='lat' dir='ltr'>illa</span> <span class='ocrx_word' id='word_1_195' title='bbox 1992 2037 2237 2100; x_wconf 78' lang='lat' dir='ltr'>malint?</span> 
     </span>
     <span class='ocr_line' id='line_1_24' title="bbox 179 2122 2233 2201; baseline 0.001 -22"><span class='ocrx_word' id='word_1_196' title='bbox 179 2122 485 2181; x_wconf 80' lang='lat' dir='ltr'>Imbecilla</span> <span class='ocrx_word' id='word_1_197' title='bbox 543 2124 701 2184; x_wconf 90' lang='lat' dir='ltr'>enim</span> <span class='ocrx_word' id='word_1_198' title='bbox 753 2132 849 2185; x_wconf 88' lang='lat' dir='ltr'>est</span> <span class='ocrx_word' id='word_1_199' title='bbox 904 2131 1119 2185; x_wconf 89' lang='lat' dir='ltr'>natura</span> <span class='ocrx_word' id='word_1_200' title='bbox 1173 2125 1252 2184; x_wconf 88' lang='lat' dir='ltr'>ad</span> <span class='ocrx_word' id='word_1_201' title='bbox 1303 2127 1811 2186; x_wconf 89' lang='lat' dir='ltr'>contemnendam</span> <span class='ocrx_word' id='word_1_202' title='bbox 1873 2124 2233 2201; x_wconf 86' lang='lat' dir='ltr'>potentiam:</span> 
     </span>
     <span class='ocr_line' id='line_1_25' title="bbox 181 2204 2232 2282; baseline 0.001 -20"><span class='ocrx_word' id='word_1_203' title='bbox 181 2221 362 2277; x_wconf 87' lang='lat' dir='ltr'>quam</span> <span class='ocrx_word' id='word_1_204' title='bbox 395 2204 573 2265; x_wconf 89' lang='lat' dir='ltr'>etiam</span> <span class='ocrx_word' id='word_1_205' title='bbox 608 2207 661 2267; x_wconf 92' lang='lat' dir='ltr'>si</span> <span class='ocrx_word' id='word_1_206' title='bbox 692 2209 971 2282; x_wconf 87' lang='lat' dir='ltr'>neglecta</span> <span class='ocrx_word' id='word_1_207' title='bbox 1001 2208 1260 2268; x_wconf 88' lang='lat' dir='ltr'>amicitia</span> <span class='ocrx_word' id='word_1_208' title='bbox 1291 2210 1605 2269; x_wconf 91' lang='lat' dir='ltr'>consecuti</span> <span class='ocrx_word' id='word_1_209' title='bbox 1637 2218 1807 2280; x_wconf 87' lang='lat' dir='ltr'>sunt,</span> <span class='ocrx_word' id='word_1_210' title='bbox 1846 2211 2232 2271; x_wconf 90' lang='lat' dir='ltr'>obscuratum</span> 
     </span>
     <span class='ocr_line' id='line_1_26' title="bbox 177 2283 2237 2368; baseline 0.002 -24"><span class='ocrx_word' id='word_1_211' title='bbox 177 2283 249 2344; x_wconf 92' lang='lat' dir='ltr'>iri</span> <span class='ocrx_word' id='word_1_212' title='bbox 274 2286 664 2363; x_wconf 87' lang='lat' dir='ltr'>arbitrantur,</span> <span class='ocrx_word' id='word_1_213' title='bbox 710 2289 851 2365; x_wconf 93' lang='lat' dir='ltr'>quia</span> <span class='ocrx_word' id='word_1_214' title='bbox 882 2308 1004 2351; x_wconf 89' lang='lat' dir='ltr'>non</span> <span class='ocrx_word' id='word_1_215' title='bbox 1036 2292 1168 2352; x_wconf 91' lang='lat' dir='ltr'>sine</span> <span class='ocrx_word' id='word_1_216' title='bbox 1206 2309 1423 2368; x_wconf 84' lang='lat' dir='ltr'>magna</span> <span class='ocrx_word' id='word_1_217' title='bbox 1452 2309 1639 2354; x_wconf 89' lang='lat' dir='ltr'>causa</span> <span class='ocrx_word' id='word_1_218' title='bbox 1672 2295 1948 2368; x_wconf 84' lang='lat' dir='ltr'>neglecta</span> <span class='ocrx_word' id='word_1_219' title='bbox 1975 2290 2237 2351; x_wconf 88' lang='lat' dir='ltr'>amicitia</span> 
     </span>
     <span class='ocr_line' id='line_1_27' title="bbox 178 2367 2235 2452; baseline 0.003 -25"><span class='ocrx_word' id='word_1_220' title='bbox 178 2367 272 2427; x_wconf 89' lang='lat' dir='ltr'>sit.</span> <span class='ocrx_word' id='word_1_221' title='bbox 361 2369 459 2429; x_wconf 87' lang='lat'>64.</span> <span class='ocrx_word' id='word_1_222' title='bbox 507 2373 716 2447; x_wconf 91' lang='lat' dir='ltr'>Itaque</span> <span class='ocrx_word' id='word_1_223' title='bbox 765 2389 951 2433; x_wconf 91' lang='lat' dir='ltr'>verae</span> <span class='ocrx_word' id='word_1_224' title='bbox 1001 2374 1298 2436; x_wconf 87' lang='lat' dir='ltr'>amicitiae</span> <span class='ocrx_word' id='word_1_225' title='bbox 1348 2375 1695 2436; x_wconf 85' lang='lat' dir='ltr'>difficillime</span> <span class='ocrx_word' id='word_1_226' title='bbox 1745 2375 2129 2452; x_wconf 87' lang='lat' dir='ltr'>reperiuntur</span> <span class='ocrx_word' id='word_1_227' title='bbox 2179 2373 2235 2433; x_wconf 91' lang='lat' dir='ltr'>in</span> 
     </span>
     <span class='ocr_line' id='line_1_28' title="bbox 175 2449 2237 2544; baseline 0.003 -35"><span class='ocrx_word' id='word_1_228' title='bbox 175 2449 277 2544; x_wconf 76' lang='lat' dir='ltr'>iis,</span> <span class='ocrx_word' id='word_1_229' title='bbox 334 2451 436 2528; x_wconf 91' lang='lat' dir='ltr'>qui</span> <span class='ocrx_word' id='word_1_230' title='bbox 475 2453 534 2514; x_wconf 88' lang='lat' dir='ltr'>in</span> <span class='ocrx_word' id='word_1_231' title='bbox 574 2455 911 2539; x_wconf 80' lang='lat' dir='ltr'>honoribus</span> <span class='ocrx_word' id='word_1_232' title='bbox 954 2475 1146 2533; x_wconf 86' lang='lat' dir='ltr'>reque</span> <span class='ocrx_word' id='word_1_233' title='bbox 1200 2459 1444 2536; x_wconf 91' lang='lat' dir='ltr'>publica</span> <span class='ocrx_word' id='word_1_234' title='bbox 1494 2466 1836 2522; x_wconf 88' lang='lat' dir='ltr'>versantur.</span> <span class='ocrx_word' id='word_1_235' title='bbox 1912 2459 2027 2520; x_wconf 89' lang='lat' dir='ltr'>Ubi</span> <span class='ocrx_word' id='word_1_236' title='bbox 2078 2456 2237 2518; x_wconf 90' lang='lat' dir='ltr'>enim</span> 
     </span>
     <span class='ocr_line' id='line_1_29' title="bbox 177 2535 2237 2621; baseline 0.003 -29"><span class='ocrx_word' id='word_1_237' title='bbox 177 2540 357 2594; x_wconf 78' lang='lat' dir='ltr'>istum</span> <span class='ocrx_word' id='word_1_238' title='bbox 399 2535 705 2621; x_wconf 86' lang='lat' dir='ltr'>invenias,</span> <span class='ocrx_word' id='word_1_239' title='bbox 759 2539 862 2615; x_wconf 91' lang='lat' dir='ltr'>qui</span> <span class='ocrx_word' id='word_1_240' title='bbox 897 2541 1193 2603; x_wconf 90' lang='lat' dir='ltr'>honorem</span> <span class='ocrx_word' id='word_1_241' title='bbox 1231 2542 1405 2603; x_wconf 90' lang='lat' dir='ltr'>amici</span> <span class='ocrx_word' id='word_1_242' title='bbox 1450 2550 1784 2620; x_wconf 89' lang='lat' dir='ltr'>anteponat</span> <span class='ocrx_word' id='word_1_243' title='bbox 1821 2545 1977 2604; x_wconf 77' lang='lat' dir='ltr'>suo?</span> <span class='ocrx_word' id='word_1_244' title='bbox 2043 2541 2237 2614; x_wconf 77' lang='lat' dir='ltr'>Quid?</span> 
     </span>
     <span class='ocr_line' id='line_1_30' title="bbox 175 2618 2235 2702; baseline 0.003 -25"><span class='ocrx_word' id='word_1_245' title='bbox 175 2618 330 2680; x_wconf 86' lang='lat' dir='ltr'>haec</span> <span class='ocrx_word' id='word_1_246' title='bbox 359 2627 425 2681; x_wconf 90' lang='lat' dir='ltr'>ut</span> <span class='ocrx_word' id='word_1_247' title='bbox 477 2622 777 2698; x_wconf 88' lang='lat' dir='ltr'>omittam,</span> <span class='ocrx_word' id='word_1_248' title='bbox 839 2641 1019 2699; x_wconf 84' lang='lat' dir='ltr'>quarn</span> <span class='ocrx_word' id='word_1_249' title='bbox 1060 2641 1313 2700; x_wconf 83' lang='lat' dir='ltr'>graves,</span> <span class='ocrx_word' id='word_1_250' title='bbox 1365 2644 1544 2701; x_wconf 91' lang='lat' dir='ltr'>quam</span> <span class='ocrx_word' id='word_1_251' title='bbox 1598 2625 1876 2688; x_wconf 79' lang='lat' dir='ltr'>difficiles</span> <span class='ocrx_word' id='word_1_252' title='bbox 1925 2625 2235 2702; x_wconf 88' lang='lat' dir='ltr'>plerisque</span> 
     </span>
     <span class='ocr_line' id='line_1_31' title="bbox 178 2701 2286 2787; baseline 0.004 -28"><span class='ocrx_word' id='word_1_253' title='bbox 178 2701 459 2766; x_wconf 88' lang='lat' dir='ltr'>videntur</span> <span class='ocrx_word' id='word_1_254' title='bbox 501 2707 903 2769; x_wconf 85' lang='lat' dir='ltr'>calamitatum</span> <span class='ocrx_word' id='word_1_255' title='bbox 939 2707 1301 2770; x_wconf 82' lang='lat' dir='ltr'>societates!</span> <span class='ocrx_word' id='word_1_256' title='bbox 1360 2711 1435 2768; x_wconf 88' lang='lat' dir='ltr'>ad</span> <span class='ocrx_word' id='word_1_257' title='bbox 1471 2728 1623 2786; x_wconf 88' lang='lat' dir='ltr'>quas</span> <span class='ocrx_word' id='word_1_258' title='bbox 1660 2729 1780 2772; x_wconf 90' lang='lat' dir='ltr'>non</span> <span class='ocrx_word' id='word_1_259' title='bbox 1815 2717 1913 2772; x_wconf 92' lang='lat' dir='ltr'>est</span> <span class='ocrx_word' id='word_1_260' title='bbox 1947 2708 2122 2769; x_wconf 80' lang='lat' dir='ltr'>facile</span> <span class='ocrx_word' id='word_1_261' title='bbox 2152 2707 2226 2767; x_wconf 82' lang='lat' dir='ltr'>in·</span> <span class='ocrx_word' id='word_1_262' title='bbox 2283 2784 2286 2787; x_wconf 21' lang='grc' dir='ltr'>Ι</span> 
     </span>
     <span class='ocr_line' id='line_1_32' title="bbox 175 2788 1834 2866; baseline 0.008 -25"><span class='ocrx_word' id='word_1_263' title='bbox 175 2794 361 2848; x_wconf 89' lang='lat' dir='ltr'>ventu</span> <span class='ocrx_word' id='word_1_264' title='bbox 393 2788 496 2865; x_wconf 90' lang='lat' dir='ltr'>qui</span> <span class='ocrx_word' id='word_1_265' title='bbox 528 2792 881 2853; x_wconf 85' lang='lat' dir='ltr'>descendat.</span> <span class='ocrx_word' id='word_1_266' title='bbox 962 2792 1336 2866; x_wconf 82' lang='lat' dir='ltr'>Quamquam</span> <span class='ocrx_word' id='word_1_267' title='bbox 1369 2793 1599 2854; x_wconf 89' lang='lat' dir='ltr'>Ennius</span> <span class='ocrx_word' id='word_1_268' title='bbox 1636 2802 1834 2855; x_wconf 89' lang='lat' dir='ltr'>recte:</span> 
     </span>
    </p>
   </div>
   <div class='ocr_carea' id='block_1_3' title="bbox 340 2912 1559 2993">
    <p class='ocr_par' dir='ltr' id='par_1_3' title="bbox 340 2912 1559 2993">
     <span class='ocr_line' id='line_1_33' title="bbox 340 2912 1559 2993; baseline 0.007 -23"><span class='ocrx_word' id='word_1_269' title='bbox 340 2912 579 2973; x_wconf 80' lang='lat' dir='ltr'>Amicus</span> <span class='ocrx_word' id='word_1_270' title='bbox 607 2923 802 2976; x_wconf 82' lang='lat' dir='ltr'>certus</span> <span class='ocrx_word' id='word_1_271' title='bbox 833 2919 896 2976; x_wconf 83' lang='lat' dir='ltr'>in</span> <span class='ocrx_word' id='word_1_272' title='bbox 925 2934 995 2978; x_wconf 82' lang='lat' dir='ltr'>re</span> <span class='ocrx_word' id='word_1_273' title='bbox 1022 2919 1252 2978; x_wconf 82' lang='lat' dir='ltr'>incerta</span> <span class='ocrx_word' id='word_1_274' title='bbox 1279 2921 1559 2993; x_wconf 80' lang='lat' dir='ltr'>cernitur,</span> 
     </span>
    </p>
   </div>
   <div class='ocr_carea' id='block_1_4' title="bbox 171 3035 2235 3454">
    <p class='ocr_par' dir='ltr' id='par_1_4' title="bbox 171 3035 2235 3454">
     <span class='ocr_line' id='line_1_34' title="bbox 173 3035 2233 3119; baseline 0.003 -24"><span class='ocrx_word' id='word_1_275' title='bbox 173 3042 373 3096; x_wconf 90' lang='lat' dir='ltr'>tamen</span> <span class='ocrx_word' id='word_1_276' title='bbox 401 3035 555 3096; x_wconf 89' lang='lat' dir='ltr'>haec</span> <span class='ocrx_word' id='word_1_277' title='bbox 577 3039 700 3099; x_wconf 91' lang='lat' dir='ltr'>duo</span> <span class='ocrx_word' id='word_1_278' title='bbox 722 3039 987 3101; x_wconf 63' lang='lat' dir='ltr'>,levitatis</span> <span class='ocrx_word' id='word_1_279' title='bbox 1013 3047 1074 3101; x_wconf 89' lang='lat' dir='ltr'>et</span> <span class='ocrx_word' id='word_1_280' title='bbox 1096 3041 1457 3104; x_wconf 87' lang='lat' dir='ltr'>infirmitatis</span> <span class='ocrx_word' id='word_1_281' title='bbox 1483 3045 1819 3119; x_wconf 89' lang='lat' dir='ltr'>plerosque</span> <span class='ocrx_word' id='word_1_282' title='bbox 1843 3041 2233 3115; x_wconf 88' lang='lat' dir='ltr'>convincunt,</span> 
     </span>
     <span class='ocr_line' id='line_1_35' title="bbox 173 3118 2235 3187; baseline 0.005 -12"><span class='ocrx_word' id='word_1_283' title='bbox 173 3125 278 3178; x_wconf 88' lang='lat' dir='ltr'>aut</span> <span class='ocrx_word' id='word_1_284' title='bbox 316 3118 370 3180; x_wconf 90' lang='lat' dir='ltr'>si</span> <span class='ocrx_word' id='word_1_285' title='bbox 421 3119 478 3179; x_wconf 91' lang='lat' dir='ltr'>in</span> <span class='ocrx_word' id='word_1_286' title='bbox 523 3120 703 3181; x_wconf 91' lang='lat' dir='ltr'>bonis</span> <span class='ocrx_word' id='word_1_287' title='bbox 752 3124 938 3184; x_wconf 88' lang='lat' dir='ltr'>rebus</span> <span class='ocrx_word' id='word_1_288' title='bbox 986 3131 1384 3187; x_wconf 87' lang='lat' dir='ltr'>contemnunt</span> <span class='ocrx_word' id='word_1_289' title='bbox 1437 3133 1541 3186; x_wconf 90' lang='lat' dir='ltr'>aut</span> <span class='ocrx_word' id='word_1_290' title='bbox 1582 3125 1639 3184; x_wconf 88' lang='lat' dir='ltr'>iu</span> <span class='ocrx_word' id='word_1_291' title='bbox 1690 3124 1863 3186; x_wconf 86' lang='lat' dir='ltr'>malis</span> <span class='ocrx_word' id='word_1_292' title='bbox 1919 3125 2235 3186; x_wconf 88' lang='lat' dir='ltr'>deserunt.</span> 
     </span>
     <span class='ocr_line' id='line_1_36' title="bbox 171 3201 2235 3293; baseline 0.004 -34"><span class='ocrx_word' id='word_1_293' title='bbox 171 3201 384 3293; x_wconf 67' lang='lat' dir='ltr'>Xym.</span> <span class='ocrx_word' id='word_1_294' title='bbox 432 3202 544 3281; x_wconf 80' lang='lat' dir='ltr'>Qui</span> <span class='ocrx_word' id='word_1_295' title='bbox 576 3202 757 3279; x_wconf 84' lang='lat' dir='ltr'>igitur</span> <span class='ocrx_word' id='word_1_296' title='bbox 787 3213 1046 3283; x_wconf 88' lang='lat' dir='ltr'>utraque</span> <span class='ocrx_word' id='word_1_297' title='bbox 1095 3209 1155 3269; x_wconf 91' lang='lat' dir='ltr'>in</span> <span class='ocrx_word' id='word_1_298' title='bbox 1203 3226 1271 3270; x_wconf 91' lang='lat' dir='ltr'>re</span> <span class='ocrx_word' id='word_1_299' title='bbox 1310 3226 1595 3285; x_wconf 84' lang='lat' dir='ltr'>gravem,</span> <span class='ocrx_word' id='word_1_300' title='bbox 1649 3216 2061 3282; x_wconf 87' lang='lat' dir='ltr'>constantem,</span> <span class='ocrx_word' id='word_1_301' title='bbox 2116 3218 2235 3268; x_wconf 88' lang='lat' dir='ltr'>sta-</span> 
     </span>
     <span class='ocr_line' id='line_1_37' title="bbox 173 3280 2235 3367; baseline 0.007 -29"><span class='ocrx_word' id='word_1_302' title='bbox 173 3280 352 3341; x_wconf 73' lang='lat' dir='ltr'>bilem</span> <span class='ocrx_word' id='word_1_303' title='bbox 392 3300 463 3344; x_wconf 92' lang='lat' dir='ltr'>se</span> <span class='ocrx_word' id='word_1_304' title='bbox 503 3285 562 3345; x_wconf 90' lang='lat' dir='ltr'>in</span> <span class='ocrx_word' id='word_1_305' title='bbox 606 3286 865 3347; x_wconf 88' lang='lat' dir='ltr'>amicitia</span> <span class='ocrx_word' id='word_1_306' title='bbox 899 3292 1294 3367; x_wconf 88' lang='lat' dir='ltr'>praestiterit,</span> <span class='ocrx_word' id='word_1_307' title='bbox 1345 3295 1507 3354; x_wconf 90' lang='lat' dir='ltr'>hunc</span> <span class='ocrx_word' id='word_1_308' title='bbox 1532 3311 1607 3354; x_wconf 87' lang='lat' dir='ltr'>ex</span> <span class='ocrx_word' id='word_1_309' title='bbox 1647 3293 1908 3353; x_wconf 86' lang='lat' dir='ltr'>maxime</span> <span class='ocrx_word' id='word_1_310' title='bbox 1947 3309 2088 3354; x_wconf 89' lang='lat' dir='ltr'>raro</span> <span class='ocrx_word' id='word_1_311' title='bbox 2132 3308 2235 3367; x_wconf 78' lang='lat' dir='ltr'>ge-</span> 
     </span>
     <span class='ocr_line' id='line_1_38' title="bbox 174 3365 1877 3454; baseline 0.009 -35"><span class='ocrx_word' id='word_1_312' title='bbox 174 3378 320 3421; x_wconf 85' lang='lat' dir='ltr'>nere</span> <span class='ocrx_word' id='word_1_313' title='bbox 353 3365 661 3430; x_wconf 90' lang='lat' dir='ltr'>hominum</span> <span class='ocrx_word' id='word_1_314' title='bbox 692 3369 962 3432; x_wconf 89' lang='lat' dir='ltr'>iudicare</span> <span class='ocrx_word' id='word_1_315' title='bbox 993 3375 1289 3438; x_wconf 87' lang='lat' dir='ltr'>debemus</span> <span class='ocrx_word' id='word_1_316' title='bbox 1327 3385 1387 3438; x_wconf 93' lang='lat' dir='ltr'>et</span> <span class='ocrx_word' id='word_1_317' title='bbox 1421 3394 1617 3454; x_wconf 88' lang='lat' dir='ltr'>paene</span> <span class='ocrx_word' id='word_1_318' title='bbox 1648 3376 1877 3437; x_wconf 90' lang='lat' dir='ltr'>divino.</span> 
     </span>
    </p>
   </div>
  </div>
 </body>
</html>
