2381 3723
237 140 339 197 106
995 82 1496 190 FRAGMENTA.
2187 132 2312 195 295

353 282 413 344 2.
463 278 866 356 contingebat
916 280 977 339 in
1023 295 1131 352 eo,
1187 281 1357 355 quod
1400 279 1711 357 plerisque
1756 290 1971 345 contra
2012 286 2206 357 solet,
2247 291 2315 345 ut

230 367 467 429 maiora
495 363 701 426 omnia
738 380 807 424 re
839 379 1016 439 quam
1063 365 1224 423 fama
1258 364 1642 438 viderentur,
1673 365 1734 425 id
1770 367 1937 441 quod
1971 384 2093 429 non
2126 383 2316 442 saepe

230 451 467 522 evenit,
498 456 567 509 ut
599 446 983 524 exspectatio
1018 447 1400 523 cognitione,
1444 464 1626 509 aures
1666 450 1744 509 ab
1779 449 1975 512 oculis
1999 450 2316 511 vinceren-

229 544 351 596 tur.
441 544 852 616 [Macrobius
887 545 1090 600 Satura.
1132 547 1223 598 lib.
1269 547 1358 599 VI.
1398 562 1512 614 cap.
1552 551 1602 598 2.
1641 550 1693 612 5.
1731 548 1840 617 33]

358 630 415 692 3.
463 632 818 707 ignoturum
850 628 1051 703 alteri,
1096 629 1264 704 quod
1301 636 1565 706 patrem,
1600 632 1799 706 alteri,
1838 634 2006 709 quod
2055 638 2314 693 tutorem

232 719 706 777 Secutus-esset.
797 726 1201 793 [Priscianus
1238 727 1327 777 lib.
1365 726 1429 778 X.
1472 743 1583 794 cap.
1622 727 1673 782 3.
1713 726 1763 794 5.
1805 729 1913 796 18.]

881 866 959 917 x.
997 862 1332 916 LAUDATIO
1367 863 1559 916 PORCI
1565 867 1666 917 ΑΕ.

371 974 696 1044 [iutelligitur
727 974 908 1025 Porcia
941 973 1006 1023 M.
1048 971 1254 1024 Catonis
1289 986 1457 1035 soror,
1495 990 1628 1024 uxor
1660 970 1718 1027 L.
1760 968 1966 1025 Domitii
2000 975 2311 1027 Aenobarbi.

232 1045 382 1097 Conr.
417 1045 679 1097 Ciceronis
709 1044 783 1093 ad
808 1043 917 1097 Aet.
961 1041 1049 1092 lib.
1089 1042 1230 1096 xm.
1272 1059 1355 1110 ep.
1394 1043 1479 1095 37.
1518 1046 1570 1106 5.
1608 1042 1660 1096 3.
1696 1059 1780 1110 ep.
1818 1040 1905 1095 48.
1944 1044 1993 1106 5.
2034 1040 2109 1108 2.]

422 1340 491 1399 G.
533 1338 781 1400 TITULI
813 1336 1170 1399 ALIORUM
1207 1336 1608 1398 CICERONIS
1646 1336 2135 1398 SCRIPTORUM

964 1421 1187 1481 VARII
1229 1420 1579 1482 GENERIS.

760 1574 804 1626 1.
843 1572 1035 1622 Lmen
1068 1571 1153 1623 DE
1188 1532 1408 1624 mnne
1442 1573 1783 1626 cAEsAms

373 1665 467 1734 [M.
511 1658 683 1718 Cicero
714 1682 839 1718 sanc
873 1669 1079 1734 scripsit
1118 1668 1331 1727 librum,
1370 1670 1422 1719 in
1459 1686 1557 1732 quo
1593 1666 1948 1719 παλινωὸίαν
1992 1677 2165 1735 ageret
2201 1671 2312 1734 ipse

230 1738 285 1801 in
323 1736 525 1786 laudem
561 1736 817 1796 Caesaris,
854 1736 973 1786 vide
1008 1739 1156 1800 epist.
1209 1738 1282 1787 acl
1326 1737 1438 1791 Au.
1481 1738 1569 1793 lib.
1623 1740 1710 1790 1v.
1764 1753 1848 1805 ep.
1902 1740 1950 1788 5.
2001 1739 2051 1799 5.
2106 1738 2181 1798 1.,
2221 1737 2312 1787 sed

230 1805 364 1856 illud
399 1805 766 1873 fragmentum,
805 1804 942 1869 quod
977 1805 1077 1855 huc
1112 1807 1315 1856 vocavit
1337 1807 1565 1858 Nobbius
1592 1823 1620 1858 e
1655 1805 1816 1857 Nonio
1848 1823 1903 1873 p.
1929 1805 2050 1871 437,
2088 1802 2159 1868 9.,
2194 1821 2312 1873 per-

228 1877 358 1925 tinet
394 1875 461 1925 ad
494 1873 751 1927 Ciceronis
788 1883 911 1926 orat.
952 1877 1018 1926 de
1052 1875 1133 1929 M.
1166 1875 1422 1927 Marcello
1456 1891 1570 1943 cap.
1613 1877 1661 1930 1.
1696 1879 1746 1939 5.
1778 1874 1855 1941 2.]

636 2015 712 2065 11.
753 2012 1072 2064 CAESARIS
1105 2011 1449 2063 EXPEDITIO
1485 2010 1904 2061 BRITANNICA.

372 2107 468 2175 [De
503 2108 601 2159 hac
644 2097 830 2175 poema
865 2123 1170 2175 componere
1214 2117 1447 2159 conatum
1490 2107 1782 2158 Ciceronem
1831 2120 1947 2157 esse
1997 2116 2210 2173 apparet
2248 2122 2310 2156 ex

226 2181 378 2240 epist.
402 2178 476 2227 ad
494 2178 556 2239 Q.
585 2177 662 2241 fr.
702 2178 793 2229 lib.
833 2181 900 2229 11.
947 2194 1030 2244 ep.
1074 2179 1157 2230 15.
1195 2180 1245 2242 5.
1287 2180 1372 2242 2.,
1407 2178 1560 2227 ctiam
1596 2174 1878 2227 absolvisse
1914 2190 1971 2228 se
2004 2175 2103 2227 hoc
2139 2175 2312 2240 quale-

228 2261 450 2309 cumque
485 2246 583 2296 fuit
615 2239 752 2305 ἔπος
791 2248 901 2313 ipse
941 2248 1118 2297 scribit
1153 2247 1188 2300 Ι.
1232 2262 1276 2297 c.
1317 2247 1408 2296 lib.
1446 2245 1533 2299 111.
1572 2260 1655 2312 ep.
1692 2243 1747 2300 9.
1784 2246 1836 2308 S.
1877 2240 1954 2312 6.]

904 2387 1012 2438 111.
1049 2386 1241 2436 LIBER
1273 2382 1640 2448 IOCULARJS.

374 2476 544 2544 [Quod
574 2478 751 2531 Cicero
783 2480 856 2530 ad
898 2481 1022 2544 fam.
1071 2481 1158 2534 lib.
1202 2481 1283 2532 II.
1331 2496 1445 2544 cap.
1497 2480 1583 2531 32.
1629 2495 1685 2530 se
1736 2491 1951 2542 sperare
1997 2478 2203 2540 scripsit
2241 2483 2312 2530 ita

226 2554 407 2598 nanta
450 2562 508 2598 se
552 2550 816 2615 reliquisse
852 2563 1047 2614 genera
1094 2552 1335 2602 dictorum
1384 2559 1582 2599 suorum
1595 2584 1609 2608 ,
1660 2555 1715 2596 ut
1760 2550 1970 2612 aynoset
2007 2548 2102 2597 sica
2140 2554 2314 2609 sponte

220 2623 461 2680 possent,
506 2617 603 2667 sed
632 2626 821 2668 tantam
856 2634 968 2669 esse
999 2619 1195 2683 faecem
1227 2623 1279 2672 in
1312 2617 1463 2681 urbe,
1501 2624 1559 2667 ut
1597 2615 1719 2665 nihil
1754 2620 1823 2667 sit
1854 2625 1952 2666 tam
1986 2606 2309 2678 ἀκύθηρον,

226 2685 368 2751 quod
398 2698 497 2735 non
531 2687 688 2739 alicui
716 2694 966 2739 venustum
1009 2704 1120 2739 esse
1165 2689 1428 2750 videatur,
1464 2687 1518 2735 in
1560 2682 1638 2734 his
1673 2691 1834 2733 utrum
1862 2685 2087 2747 facetias
2122 2698 2313 2747 quoque

227 2758 517 2817 reposuerit
573 2770 726 2806 necne
791 2772 891 2807 non
948 2764 1126 2819 aperte
1183 2759 1452 2823 signeficat.
1542 2752 1685 2803 Idem
1731 2754 1805 2802 ad
1851 2753 1979 2817 fam.
2029 2752 2115 2803 lib.
2182 2752 2309 2801 XV.

226 2838 314 2885 ep.
372 2823 458 2874 21.
502 2822 675 2886 facete
720 2825 858 2876 diota
909 2841 1005 2877 sua
1046 2827 1127 2877 vel
1171 2817 1594 2890 ἀποφθέγματα
1649 2837 1684 2871 a
1734 2818 1983 2872 Trebonio
2028 2836 2139 2871 esse
2184 2820 2312 2871 libro

224 2892 583 2954 comprehensa
627 2891 748 2944 dicit
795 2901 846 2943 et
889 2897 925 2947 l.
980 2909 1026 2947 c.
1070 2893 1157 2949 lib.
1211 2895 1314 2948 IX.
1362 2903 1474 2954 cap.
1532 2887 1613 2943 16.
1658 2906 1693 2940 a
1728 2890 1861 2941 Iulio
1908 2891 2133 2941 Caesare
2178 2889 2313 2940 edita

226 2968 490 3024 memorat,
528 2958 825 3012 Macrobius
862 2970 1024 3014 autem
1061 2963 1176 3015 Sat.
1214 2962 1299 3020 tib.
1336 2962 1416 3013 II.
1451 2969 1567 3023 cap.
1613 2960 1662 3012 1.
1700 2961 1750 3022 5.
1791 2961 1873 3011 12.
1908 2975 1942 3008 a
1980 2958 2192 3022 Tirone,
2233 2953 2312 3006 01·-

227 3032 427 3080 cerom‘s
462 3030 664 3095 liberto,
699 3032 857 3083 libris⁴
883 3035 1143 3084 memoriae
1168 3034 1381 3096 prodita
1420 3043 1532 3079 esse
1580 3035 1821 3093 testatur,
1861 3029 1924 3078 de
1961 3028 2134 3092 quibus
2168 3026 2312 3076 libris

224 3096 389 3148 tribus
421 3113 621 3149 numero
654 3102 893 3165 conferas
925 3104 1071 3152 etiam
1100 3103 1295 3164 Quinct.
1336 3101 1420 3151 lib.
1466 3095 1564 3149 VI.
1597 3112 1714 3159 cap.
1746 3098 1797 3151 3.
1838 3100 1890 3159 5.
1929 3093 2006 3160 5.]

362 3199 417 3256 1.
462 3198 722 3272 (Cicero)
754 3200 831 3260 ab
861 3198 1142 3261 Androne
1169 3200 1427 3274 quodam
1453 3199 1789 3261 laodiceno
1817 3198 2106 3256 salutatus
2134 3209 2308 3270 quum

221 3297 476 3343 causam
496 3284 783 3344 adventus
801 3286 1142 3358 requisisset
1155 3285 1641 3358 comperissetque
1664 3316 1742 3325 -
1764 3295 1904 3340 nam
1932 3282 2031 3339 ille
2047 3296 2111 3340 se
2136 3282 2309 3351 lequ-

223 3376 350 3426 tum
383 3367 460 3427 de
485 3367 753 3427 libertate
770 3369 1014 3442 patriae
1047 3366 1136 3428 ad
1168 3366 1483 3426 Caesarem
1509 3369 1731 3427 venisse
1759 3363 2065 3437 respondit
2091 3393 2199 3434 -‚
2228 3361 2311 3419 ita
