2381 3723
132 110 231 186 ,ις
356 97 1888 166 CAP.13.§.es—85.--LAEL.DEAMIC.L113.
1926 101 2050 160 1.1.
2119 98 2238 187 145

170 268 345 329 quam
399 251 670 322 fabulae,
734 249 907 311 cuius
956 249 1362 310 desectionem
1408 251 1621 324 sugere
1680 250 2006 324 debemuS‚
2071 266 2245 325 prae·

171 335 371 397 sertim
413 333 701 395 adiuncta
733 333 1036 394 satietate.

283 421 456 480 Haec
484 417 670 478 habui
704 419 781 478 dc
810 424 1128 479 senectute
1158 433 1320 492 quae
1351 417 1647 477 dicerem:
1693 417 1773 477 ad
1806 434 1990 492 quam
2012 415 2242 478 utinam

169 501 566 580 perveniatis»,
609 508 679 562 ut
710 518 812 575 ea,
844 518 1005 576 quae
1039 518 1118 561 ex
1142 517 1242 562 me
1273 499 1530 561 audistis
1549 548 1563 571 ‚
1610 517 1677 560 re
1709 500 1949 577 experti
1978 500 2247 577 probare

167 585 445 661 possitis.

999 763 1416 771 w

742 928 831 1008 M.
900 927 1175 1009 TULLn
1243 926 1672 1009 ClCERONiS

496 1076 900 1176 mamus
961 1078 1089 1174 ιιι]
1149 1077 1581 1176 Amicum
1640 1022 1933 1173 ιιΒΕιι

700 1245 791 1311 An
840 1245 901 1312 ¹1⁸.
938 1245 1362 1313 Pouromlm
1397 1244 1716 1311 A'r'rlculu.

1058 1392 1164 1399 ---—.
1173 1393 1333 1401 ,m-ae.
1342 1396 1347 1397 ι

668 1496 1745 1558 ARGUMENTUM.

308 1625 476 1684 Quum
514 1627 644 1675 inter
678 1627 731 1678 P.
771 1625 1065 1692 Scipionem
1091 1627 1388 1677 Africanum
1426 1637 1475 1678 et
1494 1629 1550 1680 C.
1577 1628 1808 1678 Laelium
1841 1643 2091 1679 summam
2120 1642 2253 1677 sem-

167 1711 259 1761 per
295 1693 576 1744 amicitiam
611 1695 774 1745 fuisse
811 1703 1090 1761 constaret,
1133 1697 1381 1762 Ciceroni,
1423 1712 1576 1759 quum
1611 1697 1765 1746 vellet
1802 1696 1997 1759 aliquid
2027 1698 2092 1746 de
2129 1698 2255 1745 ami·

168 1765 289 1814 uitia
323 1764 677 1825 conscribere,
729 1765 890 1814 Laelii
917 1779 1139 1830 persona
1175 1767 1361 1816 idonea
1404 1767 1517 1814 visa
1555 1774 1665 1823 est,
1709 1781 1859 1828 quem
1896 1766 2157 1815 induceret
2192 1765 2254 1814 de

170 1832 401 1883 amicitia
454 1832 796 1916 disputantem
850 1849 965 1884 cum
1026 1842 1240 1897 utroque
1290 1849 1477 1901 genero
1526 1833 1578 1883 C.
1633 1834 1826 1883 Fannio
1885 1841 1933 1883 et
1982 1835 2042 1893 Q.
2089 1832 2256 1883 Mucio

168 1900 437 1953 Scaevola.
510 1902 619 1951 Hoc
654 1903 810 1969 igitur
842 1918 1103 1963 sermone,
1140 1919 1291 1966 quem
1329 1904 1504 1954 Cicero
1534 1904 1717 1967 paucis
1754 1902 1932 1951 diebus
1977 1911 2093 1965 post
2125 1916 2256 1951 mor-

167 1979 271 2020 tem
311 1969 541 2021 Africani
579 1986 710 2020 anno
747 1986 797 2037 p.
835 1987 888 2020 ιι.
924 1988 969 2022 c.
1008 1973 1165 2030 625,
1211 1980 1328 2021 aute
1365 1972 1482 2022 Chr.
1521 1977 1623 2020 nat.
1670 1984 1803 2019 anno
1845 1969 1992 2026 129„
2029 1969 2257 2017 habitum

167 2038 349 2105 fingit,
402 2041 687 2123 praemisso
728 2042 989 2105 prooemio
1039 2041 1079 2089 Ι
1082 2040 1246 2090 aelius
1293 2041 1439 2090 docet
1485 2039 1609 2102 quid
1653 2039 1719 2087 sit
1770 2038 2022 2096 amicitia,
2072 2038 2257 2100 quibus

170 2109 238 2157 de
274 2108 449 2157 causis
484 2109 635 2159 amici
655 2117 986 2180 quaerantur,
1024 2109 1211 2172 quibus
1247 2110 1417 2159 causis
1436 2108 1659 2158 amicitia
1690 2106 2032 2164 contrahatur,
2073 2106 2258 2155 deinde

168 2178 307 2225 inter
341 2191 471 2238 quos
504 2179 729 2229 amicitia
762 2193 875 2229 esse
903 2168 1111 2243 possit,
1170 2192 1300 2239 quae
1341 2181 1408 2226 sit
1441 2177 1696 2226 amicitiae
1746 2176 1856 2236 lex,
1902 2190 2032 2238 quae
2070 2174 2258 2228 officia.

170 2245 363 2307 quibus
396 2246 612 2309 denique
644 2248 811 2297 modis
846 2255 1093 2313 perpetuo
1131 2256 1472 2297 conservetur.

314 2325 535 2392 Scripsit
585 2336 753 2379 autem
788 2328 962 2380 Cicero
1008 2330 1144 2379 hunc
1186 2330 1416 2380 libellum
1463 2338 1582 2395 post
1617 2329 1854 2379 Catonem
1888 2329 2159 2386 Maiorem,
2207 2344 2257 2376 v.

174 2396 330 2445 huius
364 2396 485 2445 libri
523 2411 635 2462 cap.
682 2399 722 2447 Ι.
760 2399 808 2459 S.
847 2400 927 2459 4.,
980 2413 1110 2447 anno
1147 2399 1254 2449 fere
1292 2414 1344 2464 p.
1380 2416 1433 2452 ιι.
1471 2415 1515 2451 c.
1551 2398 1700 2458 710„
1762 2404 1877 2447 ante
1914 2412 2065 2460 quam
2101 2396 2260 2446 libros

173 2466 238 2513 de
279 2464 465 2514 officiis
513 2466 839 2531 conscripsit,
874 2466 989 2517 vide
1023 2467 1485 2521 horumjibrorum
1526 2467 1615 2515 lib.
1654 2467 1713 2515 11.
1751 2482 1866 2531 cap.
1902 2468 1955 2519 9.
1999 2469 2050 2529 §-
2093 2464 2176 2516 31.

305 2594 350 2652 1.
400 2594 453 2651 1.
545 2595 612 2669 Q.
655 2593 896 2656 Mucius
942 2612 1138 2673 augur
1176 2598 1365 2658 multa
1407 2611 1657 2655 narrare
1699 2596 1778 2654 de
1819 2596 1882 2655 C.
1914 2592 2120 2655 Laelio
2165 2612 2264 2655 so·

174 2692 329 2737 cero
363 2692 479 2735 suo
522 2679 877 2739 memoriter
927 2688 989 2740 et
1017 2680 1286 2741 iucunde
1335 2680 1574 2740 solebat
1616 2695 1734 2738 nec
1782 2678 2062 2738 dubitare
2098 2677 2265 2737 illum

172 2760 237 2821 in
273 2759 446 2820 omni
488 2778 778 2822 sermone
806 2765 1117 2839 appellare
1152 2763 1511 2841 sapientem.
1587 2764 1718 2838 Ego
1767 2769 1969 2822 autem
2012 2779 2049 2822 a
2093 2768 2266 2839 patre

173 2844 264 2903 ita
322 2860 491 2904 eram
550 2845 855 2907 deductus
906 2849 983 2907 ad
1038 2847 1404 2908 Scaevolam
1457 2856 1703 2922 sumpta
1753 2845 1911 2907 virili
1963 2855 2139 2923 toga,
2200 2855 2267 2907 ut

175 2929 398 3003 quoad
422 2928 676 3005 possem
704 2938 767 2991 et
795 2930 1005 2991 liceret
1025 2948 1061 2990 a
1085 2931 1251 2993 senis
1280 2934 1468 2992 latere
1500 2949 1835 3007 numquam
1859 2931 2263 2993 discederem.

173 3013 623 3087 ltaque-multa
651 3015 728 3075 ab
760 3032 835 3075 eo
868 3016 1204 3091 prudenter
1237 3017 1576 3091 disputata,
1628 3018 1815 3078 multa
1857 3016 2038 3077 etiam
2070 3011 2266 3072 brevi-

173 3105 279 3156 ter
310 3103 375 3156 et
410 3099 735 3159 commode
767 3099 929 3159 dicta
969 3098 1298 3160 memoriae
1333 3100 1726 3172 mandabam,
1774 3099 2031 3173 fierique
2062 3096 2267 3156 stude·

175 3181 327 3239 bam
358 3179 493 3241 eius
535 3182 859 3257 prudentia
892 3182 1153 3244 doctior.
1225 3184 1357 3257 Quo
1399 3191 1638 3244 mortuo
1671 3200 1768 3242 me
1803 3183 1880 3239 ad
1914 3178 2265 3256 pontificem

175 3263 557 3325 Scaevolam
604 3268 862 3339 contuli,
918 3284 1099 3343 quem
1130 3284 1318 3327 unum
1358 3273 1608 3327 nostrae
1643 3263 1899 3324 civitatis
1933 3272 1996 3322 et
2023 3260 2266 3334 ingenio

177 3354 249 3407 et
274 3346 527 3492 instiga
538 3349 1136 3426 praestantissimum
1161 3352 1362 3410 audeo
1391 3350 1616 3407 dicere.
1693 3345 1921 3479 Sedode
1945 3345 2064 3401 hoc
2087 3342 2272 3398 alias:

272 3448 368 3491 cic
560 3442 596 3497 3
