2381 3723
136 175 139 182 .
220 124 350 188 430
632 85 937 182 monasti
969 118 1361 181 Auc‘roms
1404 119 1885 181 consonum
2214 131 2315 184 240

222 295 377 338 mus,
446 274 651 334 Tantis
703 272 858 333 enim
907 272 1168 333 ducibus
1200 273 1488 332 aberrare
1531 290 1653 333 non
1691 289 2053 348 possumuS,
2123 290 2254 333 nec
2285 291 2315 333 a

133 401 139 418 ,
222 360 435 431 nobiS,
483 360 594 419 sed
635 359 710 417 ab
744 357 859 417 illis
890 356 1075 433 ipsiS,
1119 374 1278 431 quos
1315 356 1662 430 sequimur,
1705 356 1792 416 rei
1833 363 1953 415 tam
1986 354 2206 416 iustae
2248 374 2315 416 ac

133 509 138 514 ,
223 444 465 503 debitae
506 441 656 502 ratio
700 449 1082 516 reposcetur.
1158 441 1297 500 Iure
1345 439 1502 500 enim
1556 441 1780 500 fecisse
1838 441 2095 516 putandi
2145 451 2312 512 sunt,

132 555 138 565 2
223 527 359 603 qui,
394 543 471 586 ne
501 543 679 601 quem
717 526 909 585 virum
954 532 1060 585 aut
1089 524 1372 584 feminam
1407 526 1718 600 praeclare
1760 524 2037 583 meritam
2093 524 2312 585 debito

222 613 458 671 honore
490 609 855 685 spoliarent,
902 624 1115 669 eorum
1151 603 1506 668 memoriam
1537 614 1812 669 sanctam
1849 610 2314 668 venerandam-

131 693 139 764 ξ
224 711 345 769 que
380 709 522 754 esse
550 695 899 753 voluerunt.
978 694 1104 752 Nos
1134 700 1337 754 autem
1365 691 1590 753 iniuste
1621 707 1973 767 ageremuS,
2008 691 2094 764 si,
2151 711 2311 769 quos

223 778 353 853 pari
399 779 563 837 cultu
602 776 1124 851 venerationeque
1154 774 1377 851 dignos
1415 776 1852 850 cognovimus,
1898 792 2012 837 eos
2060 785 2312 851 patere·

228 878 361 920 mur
395 859 639 922 silentio
679 859 1016 935 praeteriri.

348 946 495 1005 LXI.
539 943 682 1025 213.
769 945 983 1019 Neque
1023 945 1143 1004 hoc
1186 944 1264 1003 de
1307 952 1367 1003 te
1407 960 1560 1015 una,
1615 958 1749 1003 mea
1787 942 2009 1015 Tullia,
2067 943 2309 1006 dictum

220 1031 539 1103 volumuS,
597 1029 771 1088 cuius
818 1029 1147 1088 exstabunt
1186 1026 1456 1099 virtutiS,
1511 1026 1903 1101 prudentiae,
1955 1028 2308 1099 doctrinae,

222 1112 636 1174 continentiae
670 1112 749 1171 ad
783 1128 1026 1172 omnem
1062 1109 1485 1171 aeternitatem
1515 1110 1818 1185 impressa
1850 1110 2141 1186 vestigia,
2193 1114 2310 1173 sed

221 1199 299 1256 de
333 1196 406 1256 iis
450 1197 767 1268 omnibuS,
823 1213 981 1271 quos
1027 1196 1127 1255 tali
1168 1195 1406 1256 honore
1448 1195 1671 1270 dignos
1719 1202 1824 1255 aut
1870 1195 1994 1270 ipsi-
2032 1195 2310 1256 vidimus

218 1288 326 1340 aut
360 1284 564 1340 futuro
597 1287 878 1355 tempore
910 1279 1239 1356 posteritas
1273 1277 1620 1338 intuebitur.
1693 1280 1863 1339 Nunc
1895 1285 2100 1339 autem
2130 1281 2218 1339 de
2251 1288 2310 1340 te

135 1404 142 1424 .
220 1367 469 1438 loquar,
513 1381 695 1439 quam
727 1380 851 1424 non
887 1379 1004 1439 ego
1039 1362 1324 1423 amissam
1365 1368 1471 1421 aut
1501 1362 1643 1421 mihi
1674 1365 1914 1438 penitus
1948 1364 2309 1439 ademptam

136 2241 143 2263 ο
134 2153 143 2187 ο·
134 2066 143 2106 ι-ι
134 1988 144 2018 ᾳ
135 1907 143 1935 ᾳ
132 1796 144 1854 ι-ι-
133 1735 143 1765 Α

136 2850 141 2857 .
135 2817 141 2823 .
132 2650 142 2771 —s—
132 2484 142 2605 n—..a-—-
134 2399 143 2439 s-a
136 2323 143 2347 .-

219 1448 400 1508 velim
425 1448 648 1520 dicere,
687 1464 869 1523 quum
891 1446 1209 1507 illucescat
1238 1446 1422 1506 menti
1454 1462 1628 1505 meae
1653 1446 1876 1507 cotidie
1898 1447 2093 1521 magis
2123 1463 2309 1521 prae-

221 1531 558 1592 clarissima
587 1531 851 1590 nominis
884 1530 967 1591 tui
997 1539 1362 1605 tuarumque
1390 1529 1677 1590 virtutum
1701 1530 1913 1606 gloria.
2001 1529 2147 1590 214.
2199 1531 2308 1589 Vi-

219 1615 392 1691 gebis
426 1622 627 1673 autem
654 1613 975 1683 memoria,
1021 1629 1204 1688 quam
1238 1612 1341 1673 diu
1379 1621 1773 1674 monumenta
1803 1616 2134 1675 exstabunt
2178 1614 2303 1686 illa,

222 1699 441 1774 quibus
467 1696 687 1756 eximia
731 1696 1093 1771 consignata
1138 1703 1282 1756 sunt
1311 1703 1434 1756 tam
1466 1700 1749 1759 excelsae
1779 1697 1974 1755 laudis
2017 1697 2307 1757 testimo-

220 1783 347 1855 nia,
385 1798 547 1857 quae
576 1780 948 1857 sempiterna
972 1781 1136 1853 sore,
1174 1777 1358 1855 quum
1387 1779 1902 1857 praestantissima
1930 1779 2070 1852 sint,
2105 1780 2302 1854 plane

222 1868 536 1928 confidere
567 1866 889 1926 debemus,
957 1864 1090 1924 Tibi
1120 1865 1304 1941 igitur
1344 1883 1675 1942 numquam
1710 1882 1804 1925 me
1836 1864 2112 1925 debitum
2156 1881 2301 1940 per-

221 1953 490 2012 solvisse
519 1950 788 2010 officium
817 1950 1080 2025 putabo,
1134 1949 1252 2009 nisi
1283 1950 1362 2008 de
1393 1966 1489 2008 me
1523 1951 1753 2023 optime
1784 1949 2061 2021 meritae,
2108 1964 2299 2023 quem

221 2034 439 2095 eximie
473 2033 743 2106 coluisti,
777 2050 850 2094 ac
873 2036 950 2094 de
976 2033 1199 2109 patria,
1232 2048 1412 2108 quam
1438 2048 1689 2108 semper
1712 2033 1971 2107 ornasti,
1999 2048 2295 2107 supremo

220 2120 459 2180 honore
501 2120 906 2178 decoravero.
980 2119 1048 2176 Id
1094 2124 1298 2178 autem
1348 2115 1526 2177 facile
1571 2133 1951 2191 consequar,
2012 2133 2199 2191 quum
2238 2114 2294 2174 is

222 2206 426 2276 locus,
466 2217 644 2276 quem
677 2200 786 2260 tibi
829 2201 1058 2276 delegi,
1105 2201 1540 2275 sempiternam
1569 2200 1888 2261 habiturus
1932 2200 2014 2261 sit
2052 2199 2295 2275 religio-

223 2303 377 2346 nem.
469 2285 610 2343 215.
657 2285 881 2344 Nostra
922 2301 1071 2344 vero
1125 2284 1178 2345 si
1228 2300 1347 2358 qua
1392 2285 1502 2344 erit
1555 2301 1632 2344 ex
1685 2299 1762 2343 ea
1803 2301 1871 2344 re
1929 2284 2296 2352 consolatiO,

222 2386 381 2444 quae
412 2383 635 2441 magna
667 2374 833 2427 certe
869 2366 1009 2438 erit,
1069 2374 1174 2427 aut
1218 2365 1272 2427 si
1309 2384 1432 2442 qua
1462 2369 1595 2428 laus
1631 2384 1710 2427 ex
1751 2376 2005 2443 paterna
2046 2365 2299 2442 pietate,

221 2453 363 2511 mihi
416 2457 582 2513 certe
642 2449 1083 2512 iucundissima
1135 2451 1448 2511 acciderit.
1535 2453 1689 2511 Nihil
1747 2452 1904 2510 enim
1967 2451 2135 2513 aliud
2198 2454 2297 2510 vel

220 2537 433 2596 audire
476 2537 576 2594 vel
607 2535 903 2595 memoria
937 2543 1220 2611 repetere
1262 2533 1548 2595 libentius
1586 2551 1846 2612 possum
1887 2552 2070 2610 quam
2104 2551 2200 2593 me
2235 2534 2293 2593 in

221 2637 385 2694 eam,
442 2636 626 2693 quam
655 2636 895 2680 summe
933 2619 1249 2681 dilexerim
1285 2635 1645 2694 summeque
1676 2619 2048 2695 diligendam
2079 2617 2292 2677 merito

222 2722 336 2765 suo
373 2702 745 2778 censuerim,
796 2722 977 2780 quam
1008 2720 1271 2763 max1me
1303 2721 1466 2778 pium
1499 2710 1865 2779 gratumque
1895 2717 2066 2771 esse,
2106 2717 2287 2774 quum

221 2788 582 2864 praesertim
621 2788 681 2847 in
713 2788 976 2861 alienos,
1033 2789 1176 2862 quia
1208 2787 1287 2847 de
1316 2803 1386 2847 se
1422 2786 1649 2862 optime
1691 2794 1863 2846 erant
1901 2783 2120 2855 meriti,
2166 2791 2286 2842 tam

136 2907 141 2935 ;
223 2873 501 2947 prolixos
533 2871 944 2947 liberalesque
978 2889 1121 2933 sese
1165 2878 1227 2931 et
1264 2869 1530 2931 maiores
1566 2870 1762 2931 nostri
1799 2876 1859 2930 et
1891 2868 2079 2929 exteri
2113 2883 2289 2943 prae-

137 2966 140 2971 ’
222 2957 485 3016 buerint.
574 2955 750 3015 [ΧΠ.
797 2954 938 3015 216.
1028 2956 1204 3030 Quod
1244 2954 1298 3015 si
1330 2955 1518 3014 ullum
1559 2970 1849 3029 umquam
1886 2951 2106 3013 animal
2147 2967 2291 3012 con-

137 3074 141 3100 ;
223 3041 588 3101 secrandum
614 3038 722 3098 fuit
739 3087 754 3112 ‚
788 3040 991 3113 qualia
1016 3041 1208 3100 multa
1231 3045 1754 3100 consecraverunt
1773 3034 2089 3114 Aegyptii,
2124 3038 2292 3111 quod

133 3133 140 3139 ·
224 3127 449 3184 nullum
488 3124 768 3199 profecto
804 3122 940 3195 fuit,
995 3122 1049 3182 si
1082 3122 1290 3183 Cadmi
1329 3129 1433 3183 aut
1461 3121 1929 3199 Amphitryonis
1965 3120 2292 3196 progenies

134 3215 141 3267 ἱ
223 3214 328 3266 aut
358 3204 630 3281 Tyndari
668 3207 730 3267 in
766 3207 1001 3267 caelum
1035 3207 1312 3265 tollenda
1341 3209 1502 3265 sama
1537 3207 1674 3277 suit,
1723 3204 1863 3265 huic
1899 3204 2063 3265 idem
2094 3206 2290 3266 honos

135 3295 139 3299 “
225 3295 392 3347 certe
440 3289 739 3348 dicandus
791 3294 904 3348 est.
980 3289 1157 3361 Quod
1206 3289 1449 3364 quidem
1500 3290 1747 3360 faciam,
1796 3296 1986 3364 teque
2030 3292 2291 3350 omnium

226 3370 513 3438 optimam
566 3368 1107 3441 doctissimamque
1158 3371 1643 3448 approbantibus
1701 3373 1797 3433 dis
1848 3372 2290 3435 immortalibus
