2381 3723
225 129 468 189 LlB.11.
515 127 894 189 CAP.24.25.
939 134 1253 196 §.m—so
1303 127 1442 187 LIB.
1468 128 1566 186 111.
1617 127 1780 185 CAP.
1810 138 1857 189 1.
1901 135 2030 196 s-l·
2117 125 2201 188 79

716 521 802 602 Μ.
858 522 1132 604 TULLll
1187 523 1619 613 clcssitole

334 670 459 764 ΒΕ
523 668 928 766 oFFlcnS
990 670 1117 763 Al)
1180 669 1596 768 MARCUM
1658 669 1986 767 FlLlUM

850 836 1079 898 unna
1119 835 1468 915 TERTmS.

760 1117 1573 1180 A-RGUMENTUM.

267 1253 374 1303 Hoc
404 1251 535 1302 libro
568 1252 635 1304 M.
673 1250 871 1302 Tullius
915 1252 1177 1317 prooemio
1214 1252 1525 1318 praemisso,
1562 1251 1612 1299 in
1651 1266 1748 1314 quo
1787 1251 1851 1302 de
1877 1253 1965 1304 otii
2003 1254 2083 1302 sui
2119 1269 2176 1304 ra

123 1328 265 1375 tione
285 1322 517 1388 exponit
541 1328 590 1370 et
616 1318 773 1370 fllium
812 1320 877 1370 ad
911 1318 1078 1371 studia
1116 1319 1326 1372 colenda
1365 1318 1606 1378 hortatur,
1647 1333 1759 1385 cap.
1783 1319 1830 1374 1.
1859 1322 1908 1371 2.
1947 1323 1997 1385 ς.
2024 1322 2198 1381 1-6.‚

124 1400 322 1444 restare
354 1392 428 1441 ait
460 1389 661 1440 tertium
696 1391 1006 1452 quaestionis
1040 1399 1164 1439 suae
1201 1389 1397 1449 locum,
1430 1389 1844 1454 praetermissum
1881 1405 1911 1440 a
1944 1390 2197 1451 Panaetio,

126 1465 191 1513 de
227 1460 553 1511 contentione
585 1457 865 1509 honestatis
904 1466 954 1508 et
986 1457 1250 1520 utilitatis,
1302 1472 1414 1523 cap.
1454 1461 1505 1509 2.
1545 1460 1595 1519 S.
1630 1455 1891 1527 7.—5-10.‚
1940 1460 2027 1524 qui
2060 1459 2202 1510 locus

126 1533 222 1582 etsi
261 1529 485 1579 dubitari
522 1527 685 1594 possit
719 1542 840 1578 num
869 1526 952 1578 hic
986 1527 1277 1577 tractandus
1313 1542 1428 1578 esse
1463 1527 1735 1589 videatur,
1760 1537 2026 1593 propterea
2063 1530 2199 1593 quod

127 1600 402 1652 honestum
456 1595 592 1660 quod
645 1596 711 1645 sit
755 1610 1027 1660 numquam
1078 1611 1193 1645 cum
1237 1595 1349 1646 utili
1395 1611 1622 1664 pugnare
1655 1612 1809 1663 posse
1857 1599 2088 1649 videatur
2129 1625 2200 1637 -—

128 1666 256 1718 nihil
298 1669 436 1716 enim
473 1680 588 1716 esse
633 1663 756 1714 utile
804 1664 940 1730 quod
984 1679 1084 1716 non
1122 1664 1257 1715 idem
1298 1664 1564 1716 honestum
1596 1693 1690 1726 —,
1736 1673 1903 1716 tamen
1951 1682 2199 1734 apparere

130 1736 253 1787 dicit
272 1735 570 1786 Panaetium
602 1747 713 1784 eam
739 1746 942 1784 causam
964 1741 1272 1798 pertractare
1291 1735 1536 1790 voluisse,
1571 1750 1682 1801 cap.
1705 1734 1861 1788 3-7.
1893 1737 1943 1798 S.
1976 1735 2196 1787 11—34.

130 1806 193 1855 Et
223 1819 383 1869 quum
419 1815 543 1853 sane
589 1803 840 1853 interdum
883 1803 1054 1867 aliqua
1100 1805 1302 1869 species
1347 1803 1580 1853 utilitatis
1616 1804 1784 1855 offerri
1825 1805 2014 1871 possit.
2070 1818 2200 1869 quae

129 1890 247 1925 cum
283 1874 549 1924 honestate
584 1887 813 1939 pugnare
859 1873 1117 1937 videatur,
1165 1874 1238 1923 ait
1270 1888 1330 1923 se
1366 1872 1501 1923 hunc
1541 1873 1706 1923 locum
1749 1875 2010 1937 suscipere
2046 1874 2197 1934 velle,

131 1953 182 1994 et
232 1942 490 2009 explicata
531 1943 770 1993 universa
821 1949 1000 1991 natura
1041 1942 1297 2001 utilitatis,
1359 1957 1489 2005 quae
1533 1956 1649 1990 cum
1696 1942 2007 2006 turpitudine
2048 1943 2200 2006 plane

133 2027 247 2063 esse
287 2026 389 2061 non
433 2012 620 2077 possit,
674 2026 787 2075 cap.
827 2010 877 2062 8.
917 2011 967 2064 9.
1018 2011 1067 2072 S.
1113 2007 1391 2070 35—39.‚
1446 2018 1614 2060 tamen
1667 2008 1898 2059 concedit
1950 2010 2199 2061 interdum

133 2087 343 2147 propter
386 2080 611 2145 speciem
649 2078 808 2128 falsae
853 2078 1085 2129 utilitatis
1120 2094 1218 2129 non
1256 2078 1420 2129 solum
1465 2079 1516 2127 in
1555 2079 1706 2127 rebus
1744 2077 1978 2144 privatis,
2027 2094 2200 2128 verum

133 2150 286 2199 etiam
325 2149 380 2197 in
416 2147 637 2213 publicis
673 2148 723 2197 in
770 2148 1115 2212 dignoscenda
1145 2146 1363 2197 utilitate
1394 2156 1442 2196 et
1476 2145 1737 2197 honestate
1783 2145 1989 2197 titubat-i
2026 2162 2199 2213 posse,

134 2232 248 2283 cap.
299 2217 383 2269 10.
424 2216 509 2269 11.
563 2217 611 2277 §-
651 2215 893 2270 cto—49.
965 2220 1139 2281 Itaque
1195 2215 1415 2283 primum
1471 2216 1534 2267 de
1591 2216 1836 2282 peculiari
1883 2217 2200 2267 contentione

132 2287 391 2346 utilitatis,
420 2300 549 2348 quae
581 2286 854 2350 prudentia
876 2286 1041 2337 videri
1075 2285 1222 2344 velit,
1271 2300 1385 2335 cum
1420 2286 1613 2338 iustitia
1648 2288 1783 2353 egit,
1821 2300 1935 2351 cap.
1975 2286 2195 2339 12—25.

134 2359 181 2419 S.
223 2354 477 2413 50—95.,
527 2354 710 2405 deinde
752 2355 816 2404 de
852 2356 1167 2408 contentione
1205 2354 1447 2420 utilitatis·
1474 2370 1587 2406 cum
1632 2354 1926 2406 fortitudine
1973 2355 2200 2423 exponit,

134 2440 244 2489 cap.
293 2420 538 2475 26—32.
588 2424 636 2485 5.
685 2423 993 2483 97—-115„
1050 2423 1268 2487 deniqne
1319 2423 1383 2473 de
1433 2426 1748 2477 contentione
1801 2423 2031 2474 utilitatis
2083 2438 2199 2475 cum

133 2494 467 2559 temperantia
501 2490 746 2557 disputat,
796 2506 909 2558 cap.
950 2489 1033 2543 33.
1069 2494 1117 2556 S.
1161 2491 1471 2545 lto-120.
1515 2501 1564 2542 et
1597 2493 1738 2543 brevi
1771 2491 1973 2559 epilogo
2001 2492 2201 2543 conclu-

134 2563 206 2612 dit
241 2568 623 2627 argumentum,
669 2562 720 2623 ς.
759 2561 875 2611 121.

259 2698 304 2755 Ι.
355 2697 407 2755 1.
498 2697 555 2757 Ρ.
584 2696 962 2773 Scipionem,
1021 2697 1227 2758 Marce
1255 2695 1366 2768 fili,
1423 2712 1591 2767 eum,
1648 2698 1747 2770 qui
1782 2696 2011 2772 primus
2042 2694 2199 2757 Arri-

135 2798 328 2841 canus
397 2783 741 2857 appellatus
793 2780 900 2855 sit,
976 2780 1181 2842 dicere
1248 2780 1491 2841 solitum
1559 2778 1807 2857 scripsit
1855 2780 2033 2853 Cato,
2097 2780 2200 2856 qui

134 2865 248 2926 fuit
287 2862 420 2925 eius
472 2867 599 2925 fere
641 2865 944 2941 aequalis,
1007 2881 1339 2940 numquam
1386 2882 1457 2926 se
1499 2863 1697 2926 minus
1746 2863 2011 2926 otiosum
2057 2881 2202 2927 esse

135 2965 321 3024 quam
350 2965 538 3023 quum
568 2948 838 3023 otiosus,
896 2965 1010 3009 nec
1046 2947 1246 3009 minus
1286 2949 1518 3021 solum,
1572 2966 1753 3024 quam
1798 2968 1985 3025 quum
2026 2951 2198 3010 solus

134 3039 322 3093 esset.
410 3032 733 3107 Magnifica
788 3049 933 3094 vero
1002 3050 1124 3094 vox
1196 3041 1258 3093 et
1320 3049 1540 3108 magno
1599 3033 1730 3095 viro
1783 3051 1857 3094 ac
1923 3031 2200 3107 sapiente

136 3116 350 3191 digna:
397 3133 559 3191 quae
589 3117 860 3177 declarat
885 3116 1049 3177 illum
1084 3124 1146 3177 et
1188 3115 1246 3176 in
1281 3114 1405 3178 otio
1441 3117 1518 3176 de
1547 3115 1807 3193 negotiis
1839 3115 2110 3190 cogitare
2142 3120 2203 3173 et

133 3198 191 3259 in
221 3198 553 3261 solitudine
576 3217 783 3261 secum
809 3200 977 3277 loqui
1006 3200 1252 3261 solitum
1287 3208 1354 3261 ut
1386 3217 1588 3276 neque
1611 3207 1888 3262 cessaret
1911 3212 2200 3270 umquam

134 3292 196 3342 et
247 3282 553 3344 interdum
610 3283 919 3359 colloquio
976 3284 1226 3345 alterius
1282 3301 1404 3345 non
1460 3291 1686 3358 egeret.
1775 3283 1988 3352 Itaque
2042 3279 2201 3337 duae

132 3383 271 3439 res,
333 3384 492 3442 quae
538 3370 894 3446 languorem
957 3369 1244 3429 adferunt
1305 3366 1592 3436 caeteris,
1651 3364 1816 3421 illum
1881 3358 2196 3419 acuebant.
