2381 3723
251 165 352 219 231
816 151 985 213 CAP.
1020 162 1285 216 50—52.
1318 162 1370 223 s.
1413 162 1607 218 172-——
1625 164 1741 217 181.
2189 155 2312 220 421

245 304 661 381 impudenter,
715 304 768 366 si
815 304 1173 365 medicinam
1227 306 1528 367 ‘deserens
1581 304 1951 379 animorum,
2008 324 2188 383 quam
2240 325 2317 369 ex

249 387 532 450 omnibus
563 389 824 449 maxime
867 387 1075 449 utilem
1108 405 1254 449 esse
1298 387 1599 463 intelligo,
1635 392 1711 449 ad
1752 406 1948 450 meam
1991 391 2170 452 unius
2213 391 2319 451 de-

245 471 634 533 lectationem
656 488 1004 533 sermonem
1030 488 1273 533 omnem
1297 480 1682 546 mentemque
1709 480 2084 535 convertam.
2177 477 2319 535 177.

242 556 536 616 Dolorem
569 555 750 629 igitur
773 555 951 616 nimis
982 572 1183 616 acrem
1209 572 1283 616 ac
1307 556 1654 617 diuturnum
1679 558 2030 631 fugiendum
2054 558 2322 619 diximus

246 648 309 700 et
338 639 580 715 quidem
614 635 1038 714 probabiliter,
1074 658 1261 714 quum
1294 656 1373 700 ex
1402 656 1477 699 eo
1513 641 1670 699 mala
1712 646 1899 702 multa
1930 642 2321 717 maximeque

245 724 455 799 gravia
485 724 726 784 soleant
763 721 1019 795 exoriri,
1053 732 1266 784 contra
1299 739 1449 784 vero
1494 721 1635 782 nihil
1683 724 1850 785 boni.
1910 726 2125 802 Neque
2158 725 2322 786 enim

246 809 427 868 dolor
451 822 529 866 ex
565 806 682 868 illis
712 808 898 867 rebus
931 814 1053 879 est,
1088 806 1143 866 in
1177 806 1400 881 quibus
1433 808 1530 866 vel
1570 807 1649 866 ad
1687 810 2069 881 probandum
2102 811 2198 869 vel
2240 808 2321 867 ad

242 886 714 966 vituperandum
761 892 948 951 multa
989 897 1052 949 et
1083 907 1303 965 magna
1338 889 1773 951 contrariarum
1815 892 2116 952 rationum
2149 891 2324 967 paria

244 980 554 1034 momenta
576 981 1011 1050 agnoscantur.
1072 975 1208 1035 Hoc
1232 974 1390 1033 enim
1423 973 1476 1033 si
1506 974 1837 1049 accideret,
1871 991 2118 1050 agerem
2151 991 2323 1035 vere·

247 1057 509 1118 cundius
557 1075 758 1132 neque
791 1074 889 1117 me
933 1057 992 1117 in
1028 1073 1164 1117 eum
1206 1058 1406 1118 locum
1440 1057 1849 1127 demitterem,
1884 1059 2049 1118 unde
2089 1059 2322 1118 nullum

243 1143 426 1217 plane
467 1141 695 1202 exitum
741 1142 1031 1202 viderem.
1102 1140 1257 1214 Sed,
1305 1140 1593 1215 quoniam
1643 1142 1795 1201 haec
1839 1144 1921 1202 ita
1963 1158 2032 1202 se
2075 1142 2321 1212 habent,

247 1225 553 1286 contendo
607 1225 974 1286 vincendum
1024 1240 1168 1285 esse
1210 1225 1476 1284 animum
1528 1224 1853 1300 dolorique
1894 1224 2117 1285 acriter
2160 1223 2299 1286 obsi

246 1308 551 1369 stendum.
607 1308 751 1369 Sive
776 1308 934 1368 enim
963 1308 1403 1382 nosmetipsos
1427 1307 1559 1367 sive
1580 1308 1748 1383 vulgi
1775 1307 2130 1384 opinionem
2154 1306 2321 1381 cogi-

245 1399 464 1465 temuS,
494 1391 557 1451 id
581 1392 760 1455 nobis
783 1390 917 1453 sine
940 1392 1064 1450 ulla
1087 1390 1465 1452 dubitatione
1490 1392 1829 1452 faciendum
1856 1400 1971 1454 est.
2046 1390 2183 1452 178.
2221 1395 2321 1462 At,

245 1475 297 1536 si
329 1476 407 1534 ad
439 1481 716 1536 mortuos
752 1475 926 1551 ipsos
958 1474 1222 1535 animum
1258 1475 1676 1549 traducamuS,
1710 1475 1813 1550 qui
1846 1492 2182 1552 possumus
2219 1490 2323 1536 ex-

247 1558 516 1619 istimare
559 1567 797 1633 gratum
844 1558 962 1617 illis
1002 1560 1166 1629 sore,
1215 1559 1381 1633 quod
1438 1558 1621 1619 nimio
1678 1560 1895 1621 dolore
1944 1558 2323 1619 cruciemur?

247 1643 609 1717 praesertim
646 1659 835 1717 quum
866 1657 946 1701 ex
976 1657 1050 1702 eo
1093 1642 1237 1701 nihil
1270 1642 1349 1701 ad
1390 1641 1527 1703 illos
1559 1642 1867 1718 utilitatiS,
1912 1644 2026 1704 sed
2061 1642 2324 1718 permul-

249 1735 371 1784 tum
402 1726 479 1785 ad
510 1742 626 1786 nos
664 1724 994 1787 dedecoris
1019 1733 1205 1799 atque
1234 1724 1607 1787 incommodi
1637 1735 1973 1802 permanet.
2032 1727 2187 1802 Quid
2218 1723 2322 1798 igi-

243 1817 347 1870 tur
393 1825 505 1871 eos
548 1809 723 1886 ipsos
769 1827 806 1870 a
849 1807 1029 1870 nobis
1086 1815 1305 1886 optare
1354 1815 1540 1885 atque
1590 1818 1882 1886 expetere
1919 1808 2325 1870 arbitremur?

245 1893 401 1954 Nihil
443 1910 593 1953 sane
628 1894 745 1955 nisi
774 1902 843 1954 ut
882 1910 994 1952 eos
1035 1891 1252 1952 illustri
1292 1890 1587 1953 memoria
1630 1910 1702 1953 ac
1749 1893 2179 1955 recordatione
2223 1892 2324 1950 de-

251 1993 557 2037 coremus.

417 2093 598 2152 Nemo
625 2109 717 2151 me
745 2093 1030 2151 lacrumis
1060 2091 1320 2161 decoret,

252 2189 337 2248 ait
364 2189 630 2249 Ennius:
736 2200 739 2203 ’

419 2285 573 2348 cur?
613 2287 754 2360 quia
781 2289 951 2347 volito
979 2289 1141 2346 vivus
1161 2303 1282 2361 per
1308 2302 1417 2345 ora
1448 2289 1658 2344 virum.
1695 2276 1698 2279 “

246 2398 370 2456 Lll.
415 2398 552 2458 179.
596 2397 752 2473 Quid
784 2396 964 2472 igitur
995 2404 1092 2458 est
1134 2414 1358 2458 causae
1392 2414 1503 2461 cur
1540 2397 1751 2457 fletum
1797 2394 2202 2471 lacrimasque
2234 2413 2326 2456 re-

251 2482 469 2541 cuset?
510 2481 798 2541 Nimirum
826 2498 900 2540 ea
929 2480 1153 2556 gloria,
1187 2497 1370 2556 quam
1402 2496 1471 2540 se
1502 2481 1701 2540 adhuc
1735 2479 2044 2540 viventem
2074 2482 2329 2541 adsecu-

249 2573 379 2625 tum
431 2581 574 2625 esse
625 2565 995 2626 confidebat.
1071 2565 1361 2624 Eamdem
1405 2561 1585 2638 igitur
1628 2564 1708 2624 ob
1753 2579 2000 2624 causam
2052 2571 2328 2624 nostrum

251 2663 506 2724 quoque
537 2650 762 2709 luctum
796 2646 1053 2708 mortuis
1081 2647 1384 2721 ingratum
1414 2647 1863 2721 molestumque
1898 2648 2029 2706 fore
2057 2646 2330 2721 suspIce-

250 2749 390 2791 mur
430 2747 544 2791 nec
589 2731 753 2791 aliud
794 2747 905 2791 eos
960 2747 996 2790 a
1038 2730 1219 2790 nobis
1264 2729 1600 2806 quidquam
1655 2729 1934 2802 flagitare
1985 2730 2328 2801 credamne,

254 2831 470 2889 quam,
499 2821 567 2874 ut
593 2815 657 2874 id
684 2814 884 2888 ipsum
920 2813 1071 2886 illis,
1105 2830 1229 2888 quo
1255 2813 1516 2873 maxime
1548 2813 1939 2884 delectamur,
1972 2812 2329 2873 tribuamus.

256 2895 399 2958 180.
442 2898 611 2958 Haec
646 2905 849 2958 autem
894 2897 1089 2973 gloria
1134 2905 1234 2958 est
1275 2905 1337 2957 et
1376 2896 1635 2957 adsidua
1675 2896 1913 2956 illorum
1962 2895 2196 2955 virtutis
2243 2912 2332 2954 re·

254 2980 564 3043 cordatio:
611 2998 794 3058 quam
830 2980 884 3043 si
929 2997 1218 3042 sermone
1261 2979 1733 3054 laudationeque
1778 2986 1991 3039 nostra
2028 2979 2333 3039 immorta-

252 3067 373 3125 lem
408 3065 656 3126 el'ficere
696 3065 904 3137 liceat,
928 3066 1067 3126 'hoc
1112 3080 1235 3125 uno
1274 3065 1352 3124 de
1384 3062 1638 3125 mortuis
1671 3080 1788 3124 nos
1820 3063 1919 3122 vel
1951 3062 2179 3139 optIme
2213 3078 2330 3120 me-

255 3148 409 3209 ritos
433 3148 785 3210 existimare
816 3165 1168 3225 possemus.
1233 3147 1427 3222 Quid?
1473 3148 1640 3223 quod
1665 3164 1801 3208 eum
1821 3194 1836 3219 ‚
1864 3146 1967 3221 qui
1997 3146 2084 3207 sic
2109 3146 2333 3220 doleat,

258 3238 328 3292 ut
366 3233 634 3294 recreari
683 3232 1165 3307 confirmarique
1204 3249 1330 3293 non
1373 3231 1599 3307 possit,
1644 3247 1721 3291 ne
1764 3229 2035 3290 divinum
2085 3228 2331 3305 quidem

257 3318 485 3376 nume'n
508 3318 764 3378 horrere
795 3314 1229 3390 sapientissimi
1251 3314 1527 3375 homines
1552 3314 1993 3390 prodiderunt?
2060 3312 2191 3372 181.
2226 3312 2335 3373 Im-

256 3398 428 3476 pium
470 3407 672 3459 autem
709 3406 831 3471 est,
875 3398 1093 3473 quibus
1137 3398 1433 3459 debemus
1479 3397 1709 3471 omnia,
1760 3397 1833 3457 iis
1876 3396 2212 3471 pessimam
2243 3415 2327 3457 re-
