2381 3723
158 117 287 180 304
918 158 924 164 -
960 112 1442 176 FRAGMENTA
2144 127 2237 180 114

159 267 474 344 Aurigeris
506 265 711 327 divum
740 268 1056 341 placantes
1086 265 1336 327 numina
1362 264 1576 339 tauris,

159 352 290 414 Sub
325 356 573 428 platano
606 349 966 421 umbrifera,
1002 350 1144 410 fons
1170 349 1338 410 unde
1368 354 1611 409 emanat
1639 349 1840 422 aquai,
2175 361 2241 412 ιο

160 436 442 507 Vidimus
473 433 718 510 immani
750 431 958 509 specie
1000 440 1287 509 tortuque
1319 432 1650 492 draconem

158 518 547 588 Terribilem,
593 516 758 578 lovis
790 523 858 577 ut
885 518 1071 593 pulsu
1099 515 1459 592 penetrabat
1489 514 1566 574 ab
1602 529 1738 574 ara:

158 601 274 677 Qui
305 601 533 677 platani
566 599 626 660 in
662 616 834 660 ramo
868 599 1149 660 soliorum
1183 598 1450 675 tegmine
1484 603 1738 673 saeptos

162 683 469 766 Corripuit
504 684 736 759 pullos:
799 699 959 758 quos
991 700 1177 759 quum
1207 687 1598 743 consumeret
1628 686 1791 755 octe,

159 769 335 828 Nona
362 783 551 843 super
579 769 838 827 tremulo
868 766 1148 841 genetrix
1177 768 1469 842 clangore
1493 764 1768 826 volabat:
2170 777 2235 829 15

161 849 270 911 Cui
303 854 469 912 ferus
496 849 743 911 immani
767 848 1018 911 laniavit
1049 850 1293 911 viscera
1324 866 1555 909 morsu.

162 937 337 997 Hunc
364 933 469 995 ubi
501 940 622 994 tam
656 943 903 996 teneros
934 935 1223 995 volucres
1254 939 1631 1009 matremque
1661 929 1934 1009 peremit,

158 1018 274 1092 Qui
300 1016 423 1080 luci
459 1017 763 1091 ediderat,
813 1015 1069 1094 genitor
1086 1015 1409 1085 Saturnius
1438 1015 1600 1077 idem

160 1101 413 1163 Abdidit
440 1111 502 1163 et
535 1103 690 1164 duro
727 1100 991 1162 firmavit
1017 1098 1288 1177 tegmina
1315 1116 1492 1162 saxo·

159 1187 283 1247 Nos
317 1192 518 1246 autem
542 1185 734 1246 timidi
768 1192 1001 1246 stantes
1035 1182 1309 1245 mirabile
1341 1188 1678 1244 monstrum
2164 1193 2236 1245 20

159 1267 440 1330 Vidimus
466 1267 525 1329 in
558 1267 775 1330 mediis
807 1267 1017 1329 divum
1050 1270 1354 1330 versarier
1391 1265 1534 1328 aris.

284 1354 436 1414 Tum
468 1353 720 1414 Calchas
751 1352 904 1412 haec
937 1358 1033 1412 est
1064 1351 1276 1411 fidenti
1306 1367 1466 1412 voce
1495 1352 1770 1411 locutus:

159 1434 458 1508 Quidnam
486 1442 806 1511 torpentes
838 1434 1041 1495 subito
1073 1432 1485 1510 obstipuistis‚
1522 1431 1781 1494 Achivi?

156 1517 347 1579 Nobis
378 1519 531 1579 haec
559 1524 844 1593 portenta
873 1518 1053 1578 deum
1085 1516 1256 1578 dedit
1286 1516 1424 1595 ipse
1454 1524 1696 1578 creator

155 1601 355 1660 Tarda
389 1608 452 1661 et
484 1616 621 1661 sera
655 1598 864 1671 nimiS,
897 1601 1011 1660 sed
1043 1602 1203 1660 fama
1232 1617 1306 1662 ac
1336 1601 1517 1662 laude
1546 1599 1820 1677 perenni.
2164 1610 2233 1662 25

160 1685 306 1742 Nam
347 1691 500 1758 quot
532 1700 682 1744 aves
710 1689 904 1743 taetro
950 1690 1247 1745 mactatas
1284 1685 1468 1745 dente
1497 1682 1736 1757 videtiS,

156 1767 272 1827 Tot
298 1784 415 1829 nos
450 1769 527 1829 ad
559 1766 802 1828 Troiam
832 1767 972 1827 belli
1003 1766 1459 1829 exanclabimus
1488 1784 1716 1828 annos:

157 1852 328 1927 Quae
359 1850 596 1915 decimo
630 1852 809 1913 cadet
847 1857 906 1912 et
937 1868 1143 1928 poena
1178 1849 1422 1913 satiabit
1451 1850 1745 1913 Achivos.

158 1936 364 1998 Edidit
393 1938 545 1998 haec
577 1936 863 2008 Calchas,
908 1952 1068 2012 quae
1101 1933 1220 1995 iam
1253 1942 1491 1997 matura
1518 1933 1759 1995 videtis.

260 2046 318 2107 2.
373 2047 474 2131 lib.
522 2050 626 2108 Vl.
674 2067 732 2108 v.
777 2047 891 2108 201
944 2065 1039 2123 sq.
1088 2064 1187 2124 ap.
1240 2047 1360 2109 Cic.
1411 2046 1580 2124 Disp.
1628 2047 1817 2134 Tusa.
1855 2044 1953 2106 lib.
1987 2046 2089 2107 111.
2152 2080 2169 2089 ·

933 2148 1067 2207 cap.
1112 2130 1214 2191 26.
1256 2139 1308 2201 s.
1353 2131 1453 2191 63.

156 2226 269 2303 Qui
303 2225 488 2288 miser
515 2226 575 2286 in
609 2226 842 2301 campis
873 2245 1154 2289 maerens
1188 2229 1431 2289 errabat
1460 2229 1654 2300 Aleis,

156 2314 297 2387 lpse
332 2327 512 2371 suum
548 2324 658 2369 cor
688 2309 909 2384 edens,
951 2310 1263 2372 hominum
1294 2310 1552 2388 vestigia
1581 2310 1803 2373 vitanS.

240 2420 296 2481 3.
351 2419 451 2480 lib.
488 2420 587 2480 lx.
635 2438 691 2478 v.
730 2420 852 2480 646
880 2395 967 2468 .-“
995 2419 1284 2576 eleba}
1320 2422 1443 2565 ξὲο.
1475 2421 1646 2499 Disp.
1689 2423 1871 2483 Tusa.
1916 2420 2018 2482 nb.
2048 2423 2147 2483 111.

972 2522 1107 2582 cap.
1182 2550 1198 2565 .
1269 2550 1283 2567 .
1403 2551 1416 2563 .
2077 2557 2082 2560 γ

156 2602 398 2675 Corque
429 2615 631 2660 meum
661 2599 906 2677 penitus
937 2601 1236 2677 turgescit
1266 2601 1541 2664 tristibus
1573 2600 1700 2675 iriS,

155 2686 349 2759 Quum
375 2683 602 2745 decore
624 2691 813 2760 atque
834 2685 996 2745 omni
1018 2701 1114 2745 me
1138 2684 1418 2747 orbatum
1444 2687 1625 2747 laude
1648 2685 1963 2747 recordor.

826 2831 905 2891 B.
962 2848 1060 2892 ex
1118 2832 1547 2910 Odyssea.

158 2940 211 2998 1.
255 2937 356 2998 lib.
373 2940 502 2999 XII.
527 2957 585 2998 v.
619 2940 963 3003 184-191.
989 2959 1089 3018 ap.
1118 2943 1240 3005 Cic.
1267 2943 1346 3003 de
1365 2943 1497 3004 Fin.
1522 2943 1623 3004 lib.
1649 2945 1724 3003 V.
1753 2959 1887 3019 cap.
1919 2942 2015 3006 18.
2046 2951 2101 3014 §-
2125 2943 2235 3005 49.

153 3023 199 3083 Ο
233 3023 423 3083 decus
452 3023 838 3099 Argolicum,
886 3026 1027 3100 quin
1060 3030 1315 3103 puppim
1345 3026 1575 3100 flectiS,
1604 3026 1835 3102 UlixeS,

151 3105 420 3168 Auribus
453 3117 520 3168 ut
558 3114 810 3170 nostros
844 3109 1053 3184 possis
1089 3127 1432 3187 agnoscere
1463 3111 1710 3173 cantus!

149 3190 296 3248 Nam
329 3206 510 3252 nemo
537 3192 693 3253 haec
715 3208 1006 3269 umquam
1035 3201 1132 3256 est
1159 3189 1552 3257 transvectus
1583 3196 1827 3256 caerula
1850 3209 2055 3266 cursu,
2085 3267 2098 3277 .

153 3270 307 3342 Quin
341 3272 510 3345 prius
538 3273 800 3336 astiterit
829 3293 1052 3340 vocum
1084 3279 1411 3342 dulcedine
1442 3287 1677 3354 captus,

151 3350 299 3410 Post
328 3354 511 3416 variis
538 3356 722 3418 avido
757 3357 1013 3421 satiatus
1045 3370 1301 3438 pectore
1329 3361 1525 3423 Musis
2196 3370 2235 3425 ⁵
