2381 3723
127 123 245 187 140
394 152 397 154 ’
607 123 937 185 LAELIUS
967 125 1069 185 DE
1101 125 1453 187 AMlClTlA
1482 127 1712 187 LIBER
2125 141 2196 195 30

123 293 284 336 nunc
328 277 517 336 redeo
566 276 647 335 ad
693 293 1007 352 augurem.
1096 275 1154 335 2.
1199 276 1392 350 Quum
1435 294 1626 354 saepe
1672 281 1858 339 multa
1901 287 2028 341 tum
2071 299 2189 344 me·

121 358 267 419 mini
298 358 461 419 domi
493 358 553 420 in
598 359 959 437 hemicyclio
1002 360 1351 434 sedentem,
1412 368 1479 422 ut
1521 362 1791 436 solebat,
1847 380 2036 439 quum
2071 380 2190 440 ego

122 459 327 504 essem
357 459 483 503 una
516 449 580 503 et
607 443 790 519 pauci
828 443 1160 505 admodum
1194 443 1547 518 familiares,
1578 443 1638 504 in
1671 463 1809 507 eum
1840 462 2187 509 sermonem

121 528 283 587 illum
320 525 623 599 incidere,
675 526 777 601 qui
820 534 948 587 tum
981 528 1110 588 fere
1150 526 1352 589 multis
1393 537 1523 589 erat
1563 526 1624 588 in
1669 546 1797 591 ore.
1865 531 2193 593 Meministi

122 610 282 671 enim
305 611 619 686 profecto,
655 609 885 685 Attice,
917 617 978 671 et
999 627 1073 671 eo
1100 611 1315 686 magis,
1349 613 1518 687 quod
1544 613 1609 671 P.
1636 611 1906 690 Sulpicio
1930 615 2191 675 utebare

121 696 407 766 multum,
443 709 628 768 quum
658 691 710 754 is
734 693 1014 755 tribunus
1042 694 1239 769 plebis
1272 693 1511 770 capitali
1545 694 1688 756 odio
1721 713 1758 756 a
1781 698 1850 772 Q.
1875 697 2190 774 PompeiO,

124 776 227 852 qui
257 784 385 837 tum
419 783 551 837 erat
585 780 831 852 consul,
882 776 1238 852 dissideret,
1284 795 1550 854 quocum
1585 779 2084 841 coniunctissime
2130 791 2190 840 et

123 859 536 921 amantissime
569 859 831 935 vixerat,
887 869 1115 937 quanta
1165 869 1333 922 esset
1372 862 1681 923 hominum
1727 866 1827 923 vel
1871 863 2193 924 admiratio

124 947 219 1005 vel
251 946 521 1019 querela.
610 943 668 1004 3.
713 947 923 1021 ltaque
966 952 1092 1006 tum
1128 944 1458 1019 Scaevola,
1499 963 1686 1021 quum
1720 946 1780 1006 in
1825 963 1960 1007 eam
1990 950 2187 1023 ipsam

122 1027 491 1089 mentionem
532 1027 872 1103 incidisset,
934 1028 1223 1105 exposuit
1265 1029 1442 1089 nobis
1491 1045 1840 1090 sermonem
1881 1030 2067 1091 Laelii
2110 1032 2193 1089 de

121 1111 381 1172 amicitia
412 1111 683 1172 habitum
714 1113 791 1172 ab
814 1112 917 1173 illo
953 1128 1165 1173 secum
1199 1119 1261 1172 et
1290 1129 1426 1173 cum
1457 1113 1648 1175 altero
1681 1128 1911 1191 genero
1946 1116 2007 1175 C.
2036 1115 2187 1174 Fan·

122 1195 222 1257 nio
252 1197 333 1258 M.
358 1196 424 1255 F.
466 1196 682 1272 paucis
717 1196 933 1258 diebus
964 1205 1112 1272 post
1149 1203 1407 1256 mortem
1436 1195 1730 1256 Africani.
1799 1192 1946 1257 Eius
1982 1196 2187 1273 dispu-

121 1279 367 1341 tationis
415 1279 750 1340 sententias
796 1279 1127 1340 memoriae
1172 1279 1485 1353 mandavi,
1541 1296 1695 1354 quas
1740 1280 1859 1340 hoc
1898 1280 2051 1341 libro
2085 1297 2185 1340 ex·

119 1362 303 1439 posui
333 1362 629 1423 arbitratu
661 1380 830 1424 meo:
877 1362 1054 1438 quasi
1084 1362 1241 1423 enim
1276 1362 1452 1439 ipsos
1481 1362 1692 1424 induxi
1721 1366 2074 1438 loquenteS‚
2110 1380 2189 1423 ne

121 1445 441 1521 ‘inquam’
509 1453 571 1505 et
646 1444 911 1521 ‘inquit’
981 1445 1228 1521 saepius
1294 1446 1813 1521 interponeretur,
1880 1454 2065 1522 atque
2124 1455 2188 1506 ut

121 1538 430 1602 tamquam
483 1546 517 1588 a
576 1529 1006 1603 praesentibus
1064 1545 1271 1589 coram
1328 1529 1539 1589 haberi
1597 1547 1800 1590 sermo
1861 1529 2187 1590 videretur.

120 1613 177 1671 4.
223 1612 416 1686 Quum
452 1611 609 1671 enim
644 1608 832 1688 saepe
861 1628 1099 1673 mecum
1132 1630 1385 1687 agereS,
1438 1620 1505 1672 ut
1548 1615 1626 1672 de
1665 1612 1925 1672 amicitia
1958 1611 2187 1674 scribe-

121 1712 248 1755 rem
275 1693 536 1769 aliquid,
589 1695 772 1771 digna
811 1695 954 1755 mihi
994 1713 1095 1756 res
1130 1714 1319 1771 quum
1365 1695 1633 1757 omnium
1678 1694 2028 1772 cognitione
2063 1706 2188 1757 tum

121 1787 335 1840 nostra
359 1778 757 1839 familiaritate
785 1779 920 1840 visa
948 1786 1062 1840 est.
1134 1783 1350 1854 ltaque
1394 1781 1508 1840 seci
1547 1797 1669 1840 non
1704 1780 1926 1840 invitus
1963 1789 2026 1840 ut
2048 1797 2187 1855 pro-

124 1865 371 1924 dessem
407 1864 609 1924 multis
657 1872 877 1939 rogatu
918 1872 1043 1925 tuo·
1134 1864 1259 1924 Sed
1291 1872 1357 1924 ut
1403 1864 1460 1923 in
1508 1864 1738 1924 Catone
1771 1864 1999 1924 Maiore
2050 1864 2187 1935 feci,

122 1946 227 2023 qui
261 1955 358 2008 est
387 1947 651 2024 scriptus
697 1948 776 2008 ad
805 1955 867 2009 tc
896 1948 973 2008 de
1005 1956 1349 2021 senectute,
1404 1950 1692 2008 Catonem
1725 1946 1935 2008 induxi
1974 1963 2186 2008 senem

121 2031 564 2107 disputantem,
617 2031 758 2108 quia
796 2033 961 2091 nulla
1003 2031 1328 2091 videbatur
1368 2030 1569 2107 aptior
1608 2048 1878 2107 persona
1914 2046 2072 2106 quae
2107 2031 2187 2088 de

119 2113 219 2173 illa
257 2122 459 2175 aetate
501 2117 856 2190 loqueretur
899 2132 1078 2190 quam
1125 2114 1288 2187 eiuS,
1350 2112 1455 2189 qui
1505 2122 1566 2174 et
1611 2112 1949 2176 diutissimc
1991 2130 2185 2174 senex

119 2199 338 2257 fuisset
374 2204 436 2257 et
468 2196 527 2256 in
563 2197 701 2273 ipsa
741 2205 1060 2258 senectute
1100 2207 1346 2274 praeter
1377 2197 1656 2257 caeteros
1687 2196 2029 2268 floruisset,
2075 2195 2187 2267 sic,

121 2297 309 2355 quum
333 2278 790 2355 accepissemus
811 2298 847 2339 a
866 2281 1138 2356 patribus
1158 2280 1420 2340 maxime
1443 2281 1894 2341 memorabilem
1917 2282 1979 2341 C.
2000 2273 2187 2339 Laelii

120 2371 181 2422 et
208 2364 270 2421 P.
301 2361 609 2439 Scipionis
649 2363 1105 2423 familiaritatem
1138 2363 1360 2436 fuisse,
1411 2363 1635 2424 idonea
1658 2361 1799 2423 mihi
1834 2360 2019 2424 Laelii
2054 2379 2187 2437 per-

119 2462 275 2505 sona
328 2445 463 2507 visa
508 2453 605 2506 est
657 2463 815 2521 quae
868 2448 945 2507 de
999 2446 1260 2507 amicitia
1310 2463 1382 2507 ea
1411 2447 1545 2523 ipsa
1613 2446 1972 2518 dissereret,
2027 2461 2189 2519 quae

119 2527 428 2604 disputata
476 2530 555 2590 ab
605 2546 680 2590 eo
736 2529 1113 2591 meminisset
1157 2530 1476 2591 Scaevola.
1560 2530 1766 2591 Genus
1822 2538 2024 2590 autem
2067 2530 2189 2590 hoc

118 2629 470 2675 sermonum
495 2613 763 2690 positum
785 2613 844 2673 in
875 2613 1184 2675 hominum
1212 2624 1485 2674 veterum
1506 2612 1867 2675 auctoritate
1891 2621 2186 2673 eteorum

117 2696 435 2758 illustrium
467 2700 606 2773 plus
648 2697 859 2759 nescio
907 2714 1029 2773 quo
1075 2705 1258 2772 pacto
1296 2696 1540 2757 videtur
1577 2697 1802 2757 habere
1844 2694 2184 2773 gravitatis

115 2781 329 2855 Itaque
360 2780 497 2856 ipse
540 2798 677 2842 mea
718 2783 931 2857 legens
972 2779 1061 2841 sic
1092 2781 1352 2840 adficior
1383 2779 1718 2853 interdum,
1777 2786 1843 2840 ut
1873 2780 2185 2848 Catonem,

117 2879 239 2921 non
271 2880 398 2936 me,
442 2864 612 2940 loqui
642 2864 1000 2925 existimem.
1088 2866 1149 2924 5.
1196 2865 1350 2939 Sed,
1382 2873 1448 2924 ut
1478 2871 1599 2923 tum
1628 2865 1706 2923 ad
1744 2880 1956 2925 senem
1991 2879 2186 2923 senex

118 2946 195 3005 de
225 2953 572 3020 senectute,
627 2946 717 3008 sic
757 2947 876 3009 hoc
920 2948 1071 3008 libro
1103 2949 1183 3008 ad
1226 2947 1481 3008 amicum
1516 2946 1920 3008 amicissimus
1960 2945 2186 3020 scripsi

119 3030 197 3090 de
235 3029 517 3092 amicitia.
593 3030 743 3091 Tum
787 3040 883 3093 est
931 3033 1075 3093 Cato
1128 3032 1400 3104 locutuS,
1462 3048 1584 3105 quo
1637 3040 1766 3090 erat
1819 3046 2000 3092 nemo
2055 3030 2187 3087 sere

116 3114 326 3175 senior
375 3114 753 3191 temporibus
799 3114 943 3187 illis,
1002 3132 1181 3176 nemo
1227 3113 1612 3190 prudentior:
1658 3129 1820 3174 nunc
1853 3111 2093 3172 Laelius
2123 3120 2188 3171 et

116 3196 363 3271 sapiens
394 3232 479 3241 —
510 3197 600 3258 sic
632 3198 790 3257 enim
817 3205 913 3258 est
940 3198 1182 3259 habitus
1212 3232 1298 3243 -
1329 3205 1390 3258 et
1424 3196 1721 3258 amicitiae
1751 3195 1945 3272 gloria
1984 3196 2185 3255 excel-

116 3278 249 3338 lens
286 3281 363 3339 de
394 3279 654 3342 amicitia
695 3283 1002 3355 loquetur.
1077 3283 1167 3344 Tu
1207 3281 1386 3342 velim
1417 3298 1455 3341 a
1492 3298 1588 3341 me
1631 3280 1898 3341 animum
1938 3294 2187 3354 parum·

111 3375 229 3433 per
258 3369 531 3436 avertas,
581 3364 849 3425 Laelium
897 3364 1067 3440 loqui
1106 3365 1304 3440 ipsum
1351 3375 1550 3442 putes.
1623 3366 1684 3425 C.
1719 3360 1986 3424 Fannius
2016 3367 2079 3421 et
2106 3361 2183 3437 Ω.
