2381 3723
162 117 269 172 123
924 106 1479 170 POEMATORUM.

158 263 436 320 Aeterno
470 265 725 320 cunctas
756 275 912 321 aevo
948 259 1052 335 qui
1090 259 1335 321 nomine
1367 260 1639 335 dignant,

156 345 449 421 Alcyone
480 343 894 419 Meropeque,
943 343 1206 405 Celaeno
1239 344 1657 420 Taygeteque,

159 428 402 487 Electra
440 426 859 503 Steropeque,
914 426 1093 488 simul
1121 427 1511 489 sanctissima
1538 425 1716 487 Maia.

158 513 293 571 Hae
323 518 542 571 tenues
576 527 771 586 parvo
805 512 1086 573 labentes
1115 511 1343 572 lumine
1376 513 1611 572 lucent:

158 598 243 655 At
277 611 564 669 magnum
598 610 821 655 nomen
852 594 1013 670 signi
1044 596 1399 670 clarumque
1438 603 1715 667 vocatur,

160 680 497 754 Propterea
527 679 695 753 quod
725 686 787 739 et
816 678 1069 740 aestatis
1099 678 1432 755 primordia
1462 681 1670 750 clarat,

162 760 237 822 Et
268 770 443 837 post,
488 761 727 824 hiberni
759 763 1193 838 praependens
1230 763 1521 838 temporis
1555 769 1747 835 ortus,

161 846 503 919 Admonet,
548 854 618 908 ut
647 847 941 908 mandent
972 849 1265 909 mortales
1299 845 1533 907 semina
1566 846 1767 907 terris.

285 930 436 990 Inde
466 929 651 992 Fides
683 930 889 1006 positu
921 930 1138 992 leviter
1169 947 1477 992 conversa
1508 930 1769 1001 videtur,

160 1013 504 1076 Mercurius
537 1014 747 1089 parvis
782 1016 1064 1076 manibus
1098 1031 1281 1090 quam
1314 1013 1534 1075 dicitur
1563 1013 1706 1075 olim

159 1100 228 1159 In
265 1098 438 1158 cunis
476 1098 806 1160 fabricatus
840 1101 897 1159 in
932 1101 1053 1159 alta
1087 1100 1242 1160 sede
1276 1099 1542 1160 locasse.

161 1183 331 1242 Haec
360 1197 557 1257 genus
585 1184 661 1243 ad
694 1184 935 1243 laevum
964 1182 1099 1243 Nixi
1127 1184 1386 1259 delapsa
1415 1182 1664 1253 resedit,

159 1269 369 1341 Atque
399 1264 555 1326 inter
582 1265 813 1327 flexum
848 1283 1045 1342 genus
1079 1274 1141 1328 et
1172 1274 1358 1341 caput
1385 1266 1561 1325 Alitis
1591 1264 1806 1327 haesit.

290 1349 563 1424 Namque
593 1356 693 1410 est
721 1352 906 1412 Ales
940 1349 1103 1424 aviS,
1155 1352 1278 1411 lato
1310 1350 1430 1410 sub
1459 1349 1725 1425 tegmine
1757 1347 1910 1410 caeli

162 1434 332 1508 Quae
365 1434 532 1493 volat
561 1440 621 1494 et
651 1450 912 1509 serpens
938 1433 1205 1510 geminis
1241 1441 1417 1496 secat
1449 1437 1596 1494 aera>
1622 1432 1861 1510 pennis.

160 1520 374 1578 Altera
411 1533 555 1593 pars
587 1516 729 1578 huic
769 1518 1036 1579 obscura
1066 1526 1163 1580 est
1190 1527 1255 1579 et
1288 1516 1533 1579 luminis
1565 1534 1824 1595 expers:

162 1602 375 1662 Altera
409 1616 524 1661 nec
555 1601 761 1677 parvis
793 1618 908 1662 nec
938 1602 1120 1663 claris
1151 1601 1391 1664 lucibus
1425 1603 1619 1675 ardet,

166 1685 294 1746 Sed
328 1684 641 1746 mediocre
670 1685 815 1747 iacit
843 1685 1126 1761 quatiens
1158 1703 1195 1747 e
1225 1703 1493 1763 corpore
1521 1688 1750 1747 lumen.

168 1769 332 1829 Haec
362 1769 640 1829 dextram
674 1769 902 1846 Cephei
937 1771 1155 1832 dextro
1188 1771 1350 1847 pede
1380 1772 1611 1847 pellere
1639 1772 1902 1845 palmam

166 1852 390 1914 Gestit:
440 1851 560 1914 iam
594 1870 742 1915 vero
779 1853 1000 1916 clinata
1029 1863 1130 1916 est
1161 1855 1390 1931 ungula
1419 1871 1674 1915 vemens

164 1937 365 1998 Fortis
398 1937 553 2012 Equi
584 1947 841 2013 propter
866 1938 1099 2015 pinnati
1130 1938 1413 2016 corporis
1445 1941 1624 1998 alam.

291 2023 435 2097 Ipse
468 2028 670 2082 autem
702 2023 914 2083 labens
949 2023 1153 2084 multis
1179 2023 1395 2098 Equus
1424 2022 1525 2081 ille
1556 2028 1799 2082 tenetur

164 2103 475 2167 Piscibus:
518 2105 661 2166 huic
691 2106 902 2167 cervix
933 2108 1151 2167 dextra
1182 2108 1485 2167 mulcetur
1515 2108 1564 2164 A
1584 2103 1819 2180 quari.

166 2188 380 2250 Senius
411 2190 564 2250 haec
597 2189 803 2252 obitus
834 2192 1025 2251 terrai
1053 2190 1199 2252 visit
1228 2190 1372 2265 equi
1403 2190 1516 2260 viS,

168 2274 395 2348 Quam,
437 2273 706 2349 gelidum
738 2273 940 2336 valido
975 2275 1054 2335 de
1089 2282 1342 2350 pectore
1373 2274 1565 2350 frigus
1596 2274 1914 2345 anhelans,

167 2356 448 2432 Corpore
478 2356 770 2419 semifero
804 2374 1026 2433 magno
1061 2356 1590 2435 Capricornus
1622 2358 1680 2418 in
1713 2358 1883 2430 orbe,

167 2440 359 2514 Quem
394 2458 577 2515 quum
609 2448 915 2517 perpetuo*
941 2442 1198 2503 vestivit
1223 2443 1448 2504 lumine
1478 2442 1669 2515 Titan,

165 2523 438 2584 Brumali
476 2524 739 2587 flectens
775 2533 1148 2601 contorquet
1179 2533 1462 2602 tempore
1494 2542 1760 2587 currum.

165 2607 304 2668 Hoc
332 2623 484 2668 cave
514 2615 577 2670 te
606 2609 665 2669 in
696 2616 953 2685 pontum
983 2611 1241 2671 studeas
1278 2608 1657 2670 committere
1686 2625 1933 2669 mense:

166 2692 315 2751 Nam
354 2708 478 2753 non
509 2693 913 2769 longinquum
947 2693 1211 2769 spatium
1243 2694 1452 2754 labere
1485 2691 1803 2752 diurnum:

166 2776 301 2835 Non
336 2775 590 2836 hiberna
620 2777 740 2839 cito
780 2779 1064 2838 volvetur
1099 2776 1407 2838 curriculo
1438 2793 1593 2838 nox:

166 2859 434 2919 Humida
464 2877 591 2922 non
625 2877 769 2922 sese
801 2860 1024 2924 vestris
1050 2863 1301 2923 Aurora
1332 2858 1598 2936 querelis

168 2941 357 3004 Ocius
395 2945 715 3017 ostendet,
762 2944 909 3006 clari
941 2944 1318 3021 praenuncia
1346 2942 1528 3006 solis:

166 3029 256 3087 At
291 3027 510 3088 validis
540 3044 781 3104 aequor
809 3028 1079 3104 pulsabit
1107 3028 1339 3089 viribus
1368 3030 1629 3088 Auster:

166 3112 320 3170 Tum
356 3111 547 3172 fixum
586 3115 846 3174 tremulo
879 3111 1188 3187 quatietur
1219 3112 1448 3187 frigore
1477 3126 1730 3185 corpus.

148 3194 295 3255 ‚Sed
332 3201 533 3256 tamen
570 3195 712 3255 anni
741 3196 859 3256 iam
900 3197 1185 3257 labuntur
1211 3204 1492 3271 tempore
1519 3201 1672 3265 toto,

167 3278 293 3339 Nec
328 3279 427 3339 cui
459 3278 775 3354 signorum
813 3280 1042 3340 cedunt
1072 3295 1275 3354 neque
1308 3278 1554 3339 flamina
1583 3277 1779 3338 vitant

166 3363 296 3424 Nec
327 3370 608 3424 metuunt
639 3379 830 3425 canos
863 3363 1157 3424 minitanti
1190 3379 1504 3424 murmure
1535 3362 1790 3423 fluctus.

2113 105 2237 170 313

2111 348 2243 416 (35)

2138 433 2250 490 270

2139 853 2250 908 275

2083 1256 2092 1265 ,
2115 1186 2254 1253 (45)

2117 1606 2261 1672 (ὅθ),

2128 2023 2247 2091 (55)

2145 2110 2264 2164 290
