<?xml version="1.0" encoding="UTF-8"?>
<!DOCTYPE html PUBLIC "-//W3C//DTD XHTML 1.0 Transitional//EN"
    "http://www.w3.org/TR/xhtml1/DTD/xhtml1-transitional.dtd">
<html xmlns="http://www.w3.org/1999/xhtml" xml:lang="en" lang="en">
 <head>
  <title>
</title>
<meta http-equiv="Content-Type" content="text/html;charset=utf-8" />
  <meta name='ocr-system' content='tesseract 3.04.00' />
  <meta name='ocr-capabilities' content='ocr_page ocr_carea ocr_par ocr_line ocrx_word'/>
</head>
<body>
  <div class='ocr_page' id='page_1' title='image "./scriptaquaemans01wesegoog_0142.png"; bbox 0 0 2381 3723; ppageno 0'>
   <div class='ocr_carea' id='block_1_1' title="bbox 137 78 2205 190">
    <p class='ocr_par' dir='ltr' id='par_1_1' title="bbox 137 78 2205 190">
     <span class='ocr_line' id='line_1_1' title="bbox 137 78 2205 190; baseline -0.001 -1"><span class='ocrx_word' id='word_1_1' title='bbox 137 124 258 190; x_wconf 77' lang='lat'><strong>120</strong></span> <span class='ocrx_word' id='word_1_2' title='bbox 486 124 688 184; x_wconf 79' lang='lat' dir='ltr'>CATO</span> <span class='ocrx_word' id='word_1_3' title='bbox 722 123 974 184; x_wconf 76' lang='lat' dir='ltr'><strong>MAioR</strong></span> <span class='ocrx_word' id='word_1_4' title='bbox 1006 124 1108 183; x_wconf 75' lang='lat' dir='ltr'><strong>DE</strong></span> <span class='ocrx_word' id='word_1_5' title='bbox 1143 123 1587 185; x_wconf 81' lang='lat' dir='ltr'>SENECTUTE</span> <span class='ocrx_word' id='word_1_6' title='bbox 1619 78 1850 183; x_wconf 63' lang='lat' dir='ltr'>[ABER</span> <span class='ocrx_word' id='word_1_7' title='bbox 2168 137 2205 186; x_wconf 68' lang='grc' dir='ltr'><strong>«ι</strong></span> 
     </span>
    </p>
   </div>
   <div class='ocr_carea' id='block_1_2' title="bbox 134 271 2207 351">
    <p class='ocr_par' dir='ltr' id='par_1_2' title="bbox 134 271 2207 351">
     <span class='ocr_line' id='line_1_2' title="bbox 134 271 2207 351; baseline -0.003 -12"><span class='ocrx_word' id='word_1_8' title='bbox 134 275 185 339; x_wconf 87' lang='lat' dir='ltr'><strong>si</strong></span> <span class='ocrx_word' id='word_1_9' title='bbox 217 274 279 335; x_wconf 90' lang='lat' dir='ltr'><strong>id</strong></span> <span class='ocrx_word' id='word_1_10' title='bbox 327 276 507 351; x_wconf 85' lang='lat' dir='ltr'><strong>culpa</strong></span> <span class='ocrx_word' id='word_1_11' title='bbox 548 271 882 338; x_wconf 79' lang='lat' dir='ltr'><strong>senectutis</strong></span> <span class='ocrx_word' id='word_1_12' title='bbox 932 274 1271 349; x_wconf 83' lang='lat' dir='ltr'><strong>accideret,</strong></span> <span class='ocrx_word' id='word_1_13' title='bbox 1319 276 1534 336; x_wconf 87' lang='lat' dir='ltr'><strong>eadem</strong></span> <span class='ocrx_word' id='word_1_14' title='bbox 1574 272 1715 333; x_wconf 89' lang='lat' dir='ltr'><strong>mihi</strong></span> <span class='ocrx_word' id='word_1_15' title='bbox 1757 292 1875 335; x_wconf 91' lang='lat' dir='ltr'><strong>usu</strong></span> <span class='ocrx_word' id='word_1_16' title='bbox 1922 272 2207 335; x_wconf 81' lang='lat' dir='ltr'><strong>venirent</strong></span> 
     </span>
    </p>
   </div>
   <div class='ocr_carea' id='block_1_3' title="bbox 133 357 2323 434">
    <p class='ocr_par' dir='ltr' id='par_1_3' title="bbox 133 357 2323 434">
     <span class='ocr_line' id='line_1_3' title="bbox 133 357 2323 434; baseline -0.002 -14"><span class='ocrx_word' id='word_1_17' title='bbox 133 357 513 434; x_wconf 79' lang='lat' dir='ltr'><strong>reliquisque</strong></span> <span class='ocrx_word' id='word_1_18' title='bbox 543 357 828 420; x_wconf 84' lang='lat' dir='ltr'><strong>omnibus</strong></span> <span class='ocrx_word' id='word_1_19' title='bbox 860 357 1189 420; x_wconf 84' lang='lat' dir='ltr'><strong>maioribus</strong></span> <span class='ocrx_word' id='word_1_20' title='bbox 1223 365 1394 431; x_wconf 90' lang='lat' dir='ltr'><strong>natu,</strong></span> <span class='ocrx_word' id='word_1_21' title='bbox 1427 374 1682 433; x_wconf 87' lang='lat' dir='ltr'><strong>quorum</strong></span> <span class='ocrx_word' id='word_1_22' title='bbox 1716 373 1831 432; x_wconf 85' lang='lat' dir='ltr'><strong>ego</strong></span> <span class='ocrx_word' id='word_1_23' title='bbox 1871 359 2202 418; x_wconf 85' lang='lat' dir='ltr'><strong>multorum</strong></span> <span class='ocrx_word' id='word_1_24' title='bbox 2318 374 2323 378; x_wconf 83' lang='lat'><strong>·</strong></span> 
     </span>
    </p>
   </div>
   <div class='ocr_carea' id='block_1_4' title="bbox 77 439 2206 3446">
    <p class='ocr_par' dir='ltr' id='par_1_4' title="bbox 77 439 2203 921">
     <span class='ocr_line' id='line_1_4' title="bbox 136 439 2203 519; baseline -0.003 -14"><span class='ocrx_word' id='word_1_25' title='bbox 136 440 402 519; x_wconf 79' lang='lat' dir='ltr'><strong>cognovi</strong></span> <span class='ocrx_word' id='word_1_26' title='bbox 431 449 812 503; x_wconf 88' lang='lat' dir='ltr'><strong>senectutem</strong></span> <span class='ocrx_word' id='word_1_27' title='bbox 843 440 977 503; x_wconf 82' lang='lat' dir='ltr'><strong>sine</strong></span> <span class='ocrx_word' id='word_1_28' title='bbox 1009 444 1289 518; x_wconf 86' lang='lat' dir='ltr'><strong>querela,</strong></span> <span class='ocrx_word' id='word_1_29' title='bbox 1322 439 1426 516; x_wconf 82' lang='lat' dir='ltr'><strong>qui</strong></span> <span class='ocrx_word' id='word_1_30' title='bbox 1457 458 1526 502; x_wconf 92' lang='lat' dir='ltr'><strong>se</strong></span> <span class='ocrx_word' id='word_1_31' title='bbox 1557 449 1618 502; x_wconf 93' lang='lat' dir='ltr'><strong>et</strong></span> <span class='ocrx_word' id='word_1_32' title='bbox 1641 440 1951 501; x_wconf 85' lang='lat' dir='ltr'><strong>libidinum</strong></span> <span class='ocrx_word' id='word_1_33' title='bbox 1981 439 2203 500; x_wconf 89' lang='lat' dir='ltr'><strong>vinclis</strong></span> 
     </span>
     <span class='ocr_line' id='line_1_5' title="bbox 77 524 2199 600; baseline -0.002 -13"><span class='ocrx_word' id='word_1_34' title='bbox 77 554 78 557; x_wconf 38' lang='lat'>¹</span> <span class='ocrx_word' id='word_1_35' title='bbox 134 530 374 587; x_wconf 86' lang='lat' dir='ltr'><strong>laxatos</strong></span> <span class='ocrx_word' id='word_1_36' title='bbox 419 540 562 586; x_wconf 90' lang='lat' dir='ltr'><strong>esse</strong></span> <span class='ocrx_word' id='word_1_37' title='bbox 608 542 733 586; x_wconf 90' lang='lat' dir='ltr'><strong>non</strong></span> <span class='ocrx_word' id='word_1_38' title='bbox 773 527 1033 586; x_wconf 83' lang='lat' dir='ltr'><strong>moleste</strong></span> <span class='ocrx_word' id='word_1_39' title='bbox 1060 527 1290 586; x_wconf 82' lang='lat' dir='ltr'><strong>ferrent</strong></span> <span class='ocrx_word' id='word_1_40' title='bbox 1319 541 1433 586; x_wconf 84' lang='lat' dir='ltr'><strong>nec</strong></span> <span class='ocrx_word' id='word_1_41' title='bbox 1465 543 1503 585; x_wconf 94' lang='lat' dir='ltr'><strong>a</strong></span> <span class='ocrx_word' id='word_1_42' title='bbox 1541 526 1669 586; x_wconf 83' lang='lat' dir='ltr'><strong>suis</strong></span> <span class='ocrx_word' id='word_1_43' title='bbox 1709 524 2199 600; x_wconf 79' lang='lat' dir='ltr'><strong>despicerentur.</strong></span> 
     </span>
     <span class='ocr_line' id='line_1_6' title="bbox 136 607 2198 686; baseline -0.001 -17"><span class='ocrx_word' id='word_1_44' title='bbox 136 609 262 669; x_wconf 87' lang='lat' dir='ltr'><strong>Sed</strong></span> <span class='ocrx_word' id='word_1_45' title='bbox 291 607 560 670; x_wconf 51' lang='lat' dir='ltr'><strong>¹omnium</strong></span> <span class='ocrx_word' id='word_1_46' title='bbox 592 607 768 669; x_wconf 90' lang='lat' dir='ltr'><strong>istius</strong></span> <span class='ocrx_word' id='word_1_47' title='bbox 810 608 975 669; x_wconf 92' lang='lat' dir='ltr'><strong>modi</strong></span> <span class='ocrx_word' id='word_1_48' title='bbox 1020 611 1406 686; x_wconf 87' lang='lat' dir='ltr'><strong>querelarum</strong></span> <span class='ocrx_word' id='word_1_49' title='bbox 1444 608 1504 668; x_wconf 89' lang='lat' dir='ltr'><strong>in</strong></span> <span class='ocrx_word' id='word_1_50' title='bbox 1548 609 1819 669; x_wconf 90' lang='lat' dir='ltr'><strong>moribus</strong></span> <span class='ocrx_word' id='word_1_51' title='bbox 1861 615 1958 668; x_wconf 85' lang='lat' dir='ltr'><strong>est</strong></span> <span class='ocrx_word' id='word_1_52' title='bbox 1997 608 2198 683; x_wconf 85' lang='lat' dir='ltr'><strong>culpa,</strong></span> 
     </span>
     <span class='ocr_line' id='line_1_7' title="bbox 134 689 2200 765; baseline -0.001 -13"><span class='ocrx_word' id='word_1_53' title='bbox 134 709 259 753; x_wconf 90' lang='lat' dir='ltr'><strong>non</strong></span> <span class='ocrx_word' id='word_1_54' title='bbox 290 689 348 752; x_wconf 94' lang='lat' dir='ltr'><strong>in</strong></span> <span class='ocrx_word' id='word_1_55' title='bbox 381 697 600 751; x_wconf 87' lang='lat' dir='ltr'><strong>aetate.</strong></span> <span class='ocrx_word' id='word_1_56' title='bbox 673 692 975 754; x_wconf 85' lang='lat' dir='ltr'><strong>Moderati</strong></span> <span class='ocrx_word' id='word_1_57' title='bbox 1009 692 1166 754; x_wconf 91' lang='lat' dir='ltr'><strong>enim</strong></span> <span class='ocrx_word' id='word_1_58' title='bbox 1200 699 1261 753; x_wconf 87' lang='lat' dir='ltr'><strong>et</strong></span> <span class='ocrx_word' id='word_1_59' title='bbox 1289 710 1403 753; x_wconf 88' lang='lat' dir='ltr'><strong>nec</strong></span> <span class='ocrx_word' id='word_1_60' title='bbox 1436 691 1715 765; x_wconf 77' lang='lat' dir='ltr'><strong>difficiles</strong></span> <span class='ocrx_word' id='word_1_61' title='bbox 1746 704 1861 752; x_wconf 87' lang='lat' dir='ltr'><strong>nec</strong></span> <span class='ocrx_word' id='word_1_62' title='bbox 1887 689 2200 752; x_wconf 85' lang='lat' dir='ltr'><strong>inhumani</strong></span> 
     </span>
     <span class='ocr_line' id='line_1_8' title="bbox 134 773 2202 853; baseline -0.001 -17"><span class='ocrx_word' id='word_1_63' title='bbox 134 791 318 836; x_wconf 90' lang='lat' dir='ltr'><strong>senes</strong></span> <span class='ocrx_word' id='word_1_64' title='bbox 350 773 729 836; x_wconf 83' lang='lat' dir='ltr'><strong>tolerabilem</strong></span> <span class='ocrx_word' id='word_1_65' title='bbox 773 783 1153 838; x_wconf 89' lang='lat' dir='ltr'><strong>senectutem</strong></span> <span class='ocrx_word' id='word_1_66' title='bbox 1182 783 1399 852; x_wconf 88' lang='lat' dir='ltr'><strong>agunt,</strong></span> <span class='ocrx_word' id='word_1_67' title='bbox 1439 774 1863 853; x_wconf 74' lang='lat' dir='ltr'><strong>importunitas</strong></span> <span class='ocrx_word' id='word_1_68' title='bbox 1904 782 2107 836; x_wconf 89' lang='lat' dir='ltr'><strong>autem</strong></span> <span class='ocrx_word' id='word_1_69' title='bbox 2140 781 2202 834; x_wconf 87' lang='lat' dir='ltr'><strong>et</strong></span> 
     </span>
     <span class='ocr_line' id='line_1_9' title="bbox 133 857 1384 921; baseline 0.002 -4"><span class='ocrx_word' id='word_1_70' title='bbox 133 857 542 919; x_wconf 82' lang='lat' dir='ltr'><strong>inhumanitas</strong></span> <span class='ocrx_word' id='word_1_71' title='bbox 571 859 739 920; x_wconf 51' lang='lat' dir='ltr'><strong>¹othni</strong></span> <span class='ocrx_word' id='word_1_72' title='bbox 771 859 952 921; x_wconf 84' lang='lat' dir='ltr'><strong>aetati</strong></span> <span class='ocrx_word' id='word_1_73' title='bbox 980 862 1240 921; x_wconf 84' lang='lat' dir='ltr'><strong>molesta</strong></span> <span class='ocrx_word' id='word_1_74' title='bbox 1269 867 1384 920; x_wconf 87' lang='lat' dir='ltr'><strong>est.</strong></span> 
     </span>
    </p>

    <p class='ocr_par' dir='ltr' id='par_1_5' title="bbox 132 939 2206 1270">
     <span class='ocr_line' id='line_1_10' title="bbox 256 939 2206 1016; baseline -0.001 -15"><span class='ocrx_word' id='word_1_75' title='bbox 256 939 316 1001; x_wconf 91' lang='lat'><strong>8.</strong></span> <span class='ocrx_word' id='word_1_76' title='bbox 385 943 665 1003; x_wconf 73' lang='lat' dir='ltr'><strong>LAEmuS.</strong></span> <span class='ocrx_word' id='word_1_77' title='bbox 739 945 876 1016; x_wconf 83' lang='lat' dir='ltr'><strong>Est,</strong></span> <span class='ocrx_word' id='word_1_78' title='bbox 934 951 999 1004; x_wconf 92' lang='lat' dir='ltr'><strong>ut</strong></span> <span class='ocrx_word' id='word_1_79' title='bbox 1043 943 1226 1016; x_wconf 79' lang='lat' dir='ltr'><strong>dicis,</strong></span> <span class='ocrx_word' id='word_1_80' title='bbox 1283 943 1460 1016; x_wconf 83' lang='lat' dir='ltr'><strong>Cato,</strong></span> <span class='ocrx_word' id='word_1_81' title='bbox 1518 945 1631 1004; x_wconf 85' lang='lat' dir='ltr'><strong>sed</strong></span> <span class='ocrx_word' id='word_1_82' title='bbox 1672 945 1937 1004; x_wconf 79' lang='lat' dir='ltr'><strong>for-tasse</strong></span> <span class='ocrx_word' id='word_1_83' title='bbox 1980 940 2206 1003; x_wconf 78' lang='lat' dir='ltr'><strong>dixerit</strong></span> 
     </span>
     <span class='ocr_line' id='line_1_11' title="bbox 134 1024 2200 1104; baseline -0.001 -17"><span class='ocrx_word' id='word_1_84' title='bbox 134 1024 438 1102; x_wconf 85' lang='lat' dir='ltr'><strong>quispiam</strong></span> <span class='ocrx_word' id='word_1_85' title='bbox 491 1024 599 1088; x_wconf 92' lang='lat' dir='ltr'><strong>tibi</strong></span> <span class='ocrx_word' id='word_1_86' title='bbox 639 1035 896 1104; x_wconf 87' lang='lat' dir='ltr'><strong>propter</strong></span> <span class='ocrx_word' id='word_1_87' title='bbox 937 1043 1093 1104; x_wconf 88' lang='lat' dir='ltr'><strong>opes</strong></span> <span class='ocrx_word' id='word_1_88' title='bbox 1142 1033 1205 1086; x_wconf 90' lang='lat' dir='ltr'><strong>et</strong></span> <span class='ocrx_word' id='word_1_89' title='bbox 1255 1025 1465 1102; x_wconf 90' lang='lat' dir='ltr'><strong>copias</strong></span> <span class='ocrx_word' id='word_1_90' title='bbox 1525 1035 1586 1088; x_wconf 90' lang='lat' dir='ltr'><strong>et</strong></span> <span class='ocrx_word' id='word_1_91' title='bbox 1628 1024 1982 1103; x_wconf 72' lang='lat' dir='ltr'><strong>dignitatem</strong></span> <span class='ocrx_word' id='word_1_92' title='bbox 2033 1031 2200 1085; x_wconf 82' lang='lat' dir='ltr'><strong>tuam</strong></span> 
     </span>
     <span class='ocr_line' id='line_1_12' title="bbox 132 1106 2201 1186; baseline -0.001 -15"><span class='ocrx_word' id='word_1_93' title='bbox 132 1109 602 1172; x_wconf 73' lang='lat' dir='ltr'><strong>tolerabiliorem</strong></span> <span class='ocrx_word' id='word_1_94' title='bbox 633 1118 1010 1172; x_wconf 79' lang='lat' dir='ltr'><strong>senectutem</strong></span> <span class='ocrx_word' id='word_1_95' title='bbox 1042 1109 1264 1183; x_wconf 86' lang='lat' dir='ltr'><strong>videri,</strong></span> <span class='ocrx_word' id='word_1_96' title='bbox 1298 1109 1359 1170; x_wconf 85' lang='lat' dir='ltr'><strong>id</strong></span> <span class='ocrx_word' id='word_1_97' title='bbox 1391 1116 1590 1170; x_wconf 86' lang='lat' dir='ltr'><strong>autem</strong></span> <span class='ocrx_word' id='word_1_98' title='bbox 1612 1122 1741 1173; x_wconf 81' lang='lat' dir='ltr'><strong>-non</strong></span> <span class='ocrx_word' id='word_1_99' title='bbox 1772 1126 1965 1186; x_wconf 86' lang='lat' dir='ltr'><strong>posse</strong></span> <span class='ocrx_word' id='word_1_100' title='bbox 1995 1106 2201 1169; x_wconf 86' lang='lat' dir='ltr'><strong>multis</strong></span> 
     </span>
     <span class='ocr_line' id='line_1_13' title="bbox 134 1192 507 1270; baseline 0 -16"><span class='ocrx_word' id='word_1_101' title='bbox 134 1192 507 1270; x_wconf 86' lang='lat' dir='ltr'><strong>contingere.</strong></span> 
     </span>
    </p>

    <p class='ocr_par' dir='ltr' id='par_1_6' title="bbox 131 1270 2201 2594">
     <span class='ocr_line' id='line_1_14' title="bbox 260 1270 2199 1355; baseline 0 -17"><span class='ocrx_word' id='word_1_102' title='bbox 260 1278 445 1338; x_wconf 56' lang='lat' dir='ltr'><strong>Caro.</strong></span> <span class='ocrx_word' id='word_1_103' title='bbox 516 1280 626 1340; x_wconf 85' lang='lat' dir='ltr'><strong>Est</strong></span> <span class='ocrx_word' id='word_1_104' title='bbox 647 1270 812 1340; x_wconf 81' lang='lat' dir='ltr'><strong>istuc</strong></span> <span class='ocrx_word' id='word_1_105' title='bbox 833 1277 1107 1355; x_wconf 87' lang='lat' dir='ltr'><strong>quidem,</strong></span> <span class='ocrx_word' id='word_1_106' title='bbox 1140 1276 1335 1351; x_wconf 78' lang='lat' dir='ltr'><strong>Laeli,</strong></span> <span class='ocrx_word' id='word_1_107' title='bbox 1366 1276 1623 1353; x_wconf 89' lang='lat' dir='ltr'><strong>aliquid,</strong></span> <span class='ocrx_word' id='word_1_108' title='bbox 1665 1278 1780 1338; x_wconf 84' lang='lat' dir='ltr'><strong>sed</strong></span> <span class='ocrx_word' id='word_1_109' title='bbox 1810 1292 2199 1352; x_wconf 81' lang='lat' dir='ltr'><strong>nequaquam</strong></span> 
     </span>
     <span class='ocr_line' id='line_1_15' title="bbox 132 1358 2197 1437; baseline 0 -17"><span class='ocrx_word' id='word_1_110' title='bbox 132 1360 191 1421; x_wconf 91' lang='lat' dir='ltr'><strong>in</strong></span> <span class='ocrx_word' id='word_1_111' title='bbox 239 1359 357 1421; x_wconf 89' lang='lat' dir='ltr'><strong>isto</strong></span> <span class='ocrx_word' id='word_1_112' title='bbox 405 1362 638 1435; x_wconf 85' lang='lat' dir='ltr'><strong>omnia,</strong></span> <span class='ocrx_word' id='word_1_113' title='bbox 695 1370 763 1423; x_wconf 89' lang='lat' dir='ltr'><strong>ut</strong></span> <span class='ocrx_word' id='word_1_114' title='bbox 804 1361 1245 1422; x_wconf 83' lang='lat' dir='ltr'><strong>Themistocles</strong></span> <span class='ocrx_word' id='word_1_115' title='bbox 1296 1364 1486 1423; x_wconf 77' lang='lat' dir='ltr'><strong>fertur</strong></span> <span class='ocrx_word' id='word_1_116' title='bbox 1531 1359 1809 1437; x_wconf 85' lang='lat' dir='ltr'><strong>Seriphio</strong></span> <span class='ocrx_word' id='word_1_117' title='bbox 1854 1360 2094 1424; x_wconf 86' lang='lat' dir='ltr'><strong>cuidam</strong></span> <span class='ocrx_word' id='word_1_118' title='bbox 2136 1358 2197 1427; x_wconf 86' lang='lat' dir='ltr'><strong>in</strong></span> 
     </span>
     <span class='ocr_line' id='line_1_16' title="bbox 132 1441 2195 1521; baseline 0 -17"><span class='ocrx_word' id='word_1_119' title='bbox 132 1441 327 1518; x_wconf 78' lang='lat' dir='ltr'><strong>iurgio</strong></span> <span class='ocrx_word' id='word_1_120' title='bbox 380 1445 809 1521; x_wconf 74' lang='lat' dir='ltr'><strong>respondisse,</strong></span> <span class='ocrx_word' id='word_1_121' title='bbox 873 1462 1060 1520; x_wconf 86' lang='lat' dir='ltr'><strong>quum</strong></span> <span class='ocrx_word' id='word_1_122' title='bbox 1103 1444 1203 1505; x_wconf 87' lang='lat' dir='ltr'><strong>ille</strong></span> <span class='ocrx_word' id='word_1_123' title='bbox 1243 1445 1503 1506; x_wconf 86' lang='lat' dir='ltr'><strong>dixisset</strong></span> <span class='ocrx_word' id='word_1_124' title='bbox 1545 1462 1667 1507; x_wconf 91' lang='lat' dir='ltr'><strong>non</strong></span> <span class='ocrx_word' id='word_1_125' title='bbox 1700 1462 1848 1505; x_wconf 83' lang='lat' dir='ltr'><strong>eum</strong></span> <span class='ocrx_word' id='word_1_126' title='bbox 1872 1461 2022 1518; x_wconf 82' lang='lat' dir='ltr'><strong>-sua,</strong></span> <span class='ocrx_word' id='word_1_127' title='bbox 2085 1444 2195 1505; x_wconf 82' lang='lat' dir='ltr'><strong>sed</strong></span> 
     </span>
     <span class='ocr_line' id='line_1_17' title="bbox 133 1524 2196 1603; baseline 0.002 -18"><span class='ocrx_word' id='word_1_128' title='bbox 133 1524 365 1603; x_wconf 81' lang='lat' dir='ltr'><strong>patriae</strong></span> <span class='ocrx_word' id='word_1_129' title='bbox 409 1525 607 1601; x_wconf 78' lang='lat' dir='ltr'><strong>gloria</strong></span> <span class='ocrx_word' id='word_1_130' title='bbox 660 1528 1055 1602; x_wconf 81' lang='lat' dir='ltr'><strong>splendorem</strong></span> <span class='ocrx_word' id='word_1_131' title='bbox 1100 1529 1492 1589; x_wconf 80' lang='lat' dir='ltr'><strong>adsecutum:</strong></span> <span class='ocrx_word' id='word_1_132' title='bbox 1581 1530 1740 1589; x_wconf 76' lang='lat' dir='ltr'><strong>‘Nec</strong></span> <span class='ocrx_word' id='word_1_133' title='bbox 1780 1529 2070 1590; x_wconf 66' lang='lat' dir='ltr'><strong>‹hercule’</strong></span> <span class='ocrx_word' id='word_1_134' title='bbox 2112 1526 2196 1590; x_wconf 84' lang='lat' dir='ltr'><strong>in·</strong></span> 
     </span>
     <span class='ocr_line' id='line_1_18' title="bbox 135 1607 2200 1686; baseline 0.002 -17"><span class='ocrx_word' id='word_1_135' title='bbox 135 1608 291 1684; x_wconf 82' lang='lat' dir='ltr'><strong>quit,</strong></span> <span class='ocrx_word' id='word_1_136' title='bbox 349 1607 439 1670; x_wconf 71' lang='lat' dir='ltr'><strong>‘si</strong></span> <span class='ocrx_word' id='word_1_137' title='bbox 513 1627 629 1686; x_wconf 88' lang='lat' dir='ltr'><strong>ego</strong></span> <span class='ocrx_word' id='word_1_138' title='bbox 684 1610 998 1686; x_wconf 85' lang='lat' dir='ltr'><strong>Seriphius</strong></span> <span class='ocrx_word' id='word_1_139' title='bbox 1050 1626 1284 1685; x_wconf 87' lang='lat' dir='ltr'><strong>essem,</strong></span> <span class='ocrx_word' id='word_1_140' title='bbox 1360 1628 1475 1674; x_wconf 85' lang='lat' dir='ltr'><strong>nec</strong></span> <span class='ocrx_word' id='word_1_141' title='bbox 1533 1619 1628 1686; x_wconf 80' lang='lat' dir='ltr'><strong>tu,</strong></span> <span class='ocrx_word' id='word_1_142' title='bbox 1693 1611 1746 1674; x_wconf 89' lang='lat' dir='ltr'><strong>si</strong></span> <span class='ocrx_word' id='word_1_143' title='bbox 1803 1610 2200 1673; x_wconf 78' lang='lat' dir='ltr'><strong>Atheniensis</strong></span> 
     </span>
     <span class='ocr_line' id='line_1_19' title="bbox 133 1693 2201 1773; baseline 0.002 -21"><span class='ocrx_word' id='word_1_144' title='bbox 133 1708 342 1765; x_wconf 59' lang='lat' dir='ltr'><strong>essm,</strong></span> <span class='ocrx_word' id='word_1_145' title='bbox 414 1694 612 1754; x_wconf 87' lang='lat' dir='ltr'><strong>clarus</strong></span> <span class='ocrx_word' id='word_1_146' title='bbox 675 1704 965 1770; x_wconf 88' lang='lat' dir='ltr'><strong>umquam</strong></span> <span class='ocrx_word' id='word_1_147' title='bbox 1016 1693 1288 1757; x_wconf 63' lang='lat' dir='ltr'><strong>fuisses?</strong></span> <span class='ocrx_word' id='word_1_148' title='bbox 1378 1697 1555 1772; x_wconf 76' lang='lat' dir='ltr'><strong>Quod</strong></span> <span class='ocrx_word' id='word_1_149' title='bbox 1608 1697 1827 1758; x_wconf 84' lang='lat' dir='ltr'><strong>eodem</strong></span> <span class='ocrx_word' id='word_1_150' title='bbox 1878 1697 2066 1757; x_wconf 88' lang='lat' dir='ltr'><strong>modo</strong></span> <span class='ocrx_word' id='word_1_151' title='bbox 2119 1696 2201 1773; x_wconf 85' lang='lat' dir='ltr'><strong>de</strong></span> 
     </span>
     <span class='ocr_line' id='line_1_20' title="bbox 134 1776 2199 1855; baseline 0.004 -19"><span class='ocrx_word' id='word_1_152' title='bbox 134 1783 451 1837; x_wconf 83' lang='lat' dir='ltr'><strong>senectute</strong></span> <span class='ocrx_word' id='word_1_153' title='bbox 514 1776 634 1838; x_wconf 85' lang='lat' dir='ltr'><strong>dici</strong></span> <span class='ocrx_word' id='word_1_154' title='bbox 695 1785 922 1854; x_wconf 78' lang='lat' dir='ltr'><strong>potest.</strong></span> <span class='ocrx_word' id='word_1_155' title='bbox 1002 1779 1127 1840; x_wconf 81' lang='lat' dir='ltr'><strong>Nec</strong></span> <span class='ocrx_word' id='word_1_156' title='bbox 1182 1779 1341 1840; x_wconf 87' lang='lat' dir='ltr'><strong>enim</strong></span> <span class='ocrx_word' id='word_1_157' title='bbox 1386 1780 1443 1841; x_wconf 91' lang='lat' dir='ltr'><strong>in</strong></span> <span class='ocrx_word' id='word_1_158' title='bbox 1494 1788 1740 1842; x_wconf 42' lang='lat' dir='ltr'><strong>,summa</strong></span> <span class='ocrx_word' id='word_1_159' title='bbox 1782 1777 1993 1855; x_wconf 72' lang='lat' dir='ltr'><strong>inopia</strong></span> <span class='ocrx_word' id='word_1_160' title='bbox 2042 1778 2199 1845; x_wconf 73' lang='lat' dir='ltr'><strong>levis</strong></span> 
     </span>
     <span class='ocr_line' id='line_1_21' title="bbox 133 1861 2200 1941; baseline 0.002 -21"><span class='ocrx_word' id='word_1_161' title='bbox 133 1877 277 1921; x_wconf 89' lang='lat' dir='ltr'><strong>esse</strong></span> <span class='ocrx_word' id='word_1_162' title='bbox 326 1868 611 1922; x_wconf 89' lang='lat' dir='ltr'><strong>senectus</strong></span> <span class='ocrx_word' id='word_1_163' title='bbox 665 1869 899 1938; x_wconf 89' lang='lat' dir='ltr'><strong>potest,</strong></span> <span class='ocrx_word' id='word_1_164' title='bbox 951 1881 1030 1924; x_wconf 90' lang='lat' dir='ltr'><strong>ne</strong></span> <span class='ocrx_word' id='word_1_165' title='bbox 1081 1864 1344 1941; x_wconf 87' lang='lat' dir='ltr'><strong>sapienti</strong></span> <span class='ocrx_word' id='word_1_166' title='bbox 1396 1864 1668 1941; x_wconf 85' lang='lat' dir='ltr'><strong>quidem,</strong></span> <span class='ocrx_word' id='word_1_167' title='bbox 1727 1881 1842 1925; x_wconf 90' lang='lat' dir='ltr'><strong>nec</strong></span> <span class='ocrx_word' id='word_1_168' title='bbox 1887 1861 2200 1940; x_wconf 76' lang='lat' dir='ltr'><strong>insipienti</strong></span> 
     </span>
     <span class='ocr_line' id='line_1_22' title="bbox 132 1942 2199 2025; baseline 0.002 -20"><span class='ocrx_word' id='word_1_169' title='bbox 132 1942 311 2005; x_wconf 84' lang='lat' dir='ltr'><strong>etiam</strong></span> <span class='ocrx_word' id='word_1_170' title='bbox 351 1942 412 2005; x_wconf 89' lang='lat' dir='ltr'><strong>in</strong></span> <span class='ocrx_word' id='word_1_171' title='bbox 466 1961 705 2007; x_wconf 88' lang='lat' dir='ltr'><strong>summa</strong></span> <span class='ocrx_word' id='word_1_172' title='bbox 753 1945 935 2023; x_wconf 80' lang='lat' dir='ltr'><strong>copia</strong></span> <span class='ocrx_word' id='word_1_173' title='bbox 983 1964 1107 2007; x_wconf 88' lang='lat' dir='ltr'><strong>non</strong></span> <span class='ocrx_word' id='word_1_174' title='bbox 1141 1948 1374 2023; x_wconf 84' lang='lat' dir='ltr'><strong>gravis.</strong></span> <span class='ocrx_word' id='word_1_175' title='bbox 1463 1948 1522 2009; x_wconf 62' lang='lat' dir='ltr'><strong>9b</strong></span> <span class='ocrx_word' id='word_1_176' title='bbox 1566 1947 1906 2025; x_wconf 80' lang='lat' dir='ltr'><strong>Aptissima</strong></span> <span class='ocrx_word' id='word_1_177' title='bbox 1949 1946 2199 2009; x_wconf 91' lang='lat' dir='ltr'><strong>omnino</strong></span> 
     </span>
     <span class='ocr_line' id='line_1_23' title="bbox 134 2028 2198 2107; baseline 0.001 -18"><span class='ocrx_word' id='word_1_178' title='bbox 134 2035 305 2102; x_wconf 86' lang='lat' dir='ltr'><strong>sunt,</strong></span> <span class='ocrx_word' id='word_1_179' title='bbox 351 2028 556 2107; x_wconf 88' lang='lat' dir='ltr'><strong>Scipio</strong></span> <span class='ocrx_word' id='word_1_180' title='bbox 591 2031 870 2105; x_wconf 80' lang='lat' dir='ltr'><strong>et’Laeli‚</strong></span> <span class='ocrx_word' id='word_1_181' title='bbox 921 2047 1089 2091; x_wconf 85' lang='lat' dir='ltr'><strong>arma</strong></span> <span class='ocrx_word' id='word_1_182' title='bbox 1120 2031 1454 2094; x_wconf 86' lang='lat' dir='ltr'><strong>senectutis</strong></span> <span class='ocrx_word' id='word_1_183' title='bbox 1488 2040 1662 2093; x_wconf 80' lang='lat' dir='ltr'><strong>artes</strong></span> <span class='ocrx_word' id='word_1_184' title='bbox 1705 2031 2198 2102; x_wconf 73' lang='lat' dir='ltr'><strong>exercitationes—</strong></span> 
     </span>
     <span class='ocr_line' id='line_1_24' title="bbox 132 2112 2199 2192; baseline 0.003 -21"><span class='ocrx_word' id='word_1_185' title='bbox 132 2129 256 2186; x_wconf 88' lang='lat' dir='ltr'><strong>que</strong></span> <span class='ocrx_word' id='word_1_186' title='bbox 283 2113 600 2186; x_wconf 76' lang='lat' dir='ltr'><strong>virtutum,</strong></span> <span class='ocrx_word' id='word_1_187' title='bbox 650 2130 809 2189; x_wconf 89' lang='lat' dir='ltr'><strong>quae</strong></span> <span class='ocrx_word' id='word_1_188' title='bbox 840 2113 899 2174; x_wconf 90' lang='lat' dir='ltr'><strong>in</strong></span> <span class='ocrx_word' id='word_1_189' title='bbox 937 2114 1101 2175; x_wconf 83' lang='lat' dir='ltr'><strong>omni</strong></span> <span class='ocrx_word' id='word_1_190' title='bbox 1142 2123 1341 2176; x_wconf 84' lang='lat' dir='ltr'><strong>aetate</strong></span> <span class='ocrx_word' id='word_1_191' title='bbox 1384 2117 1618 2189; x_wconf 80' lang='lat' dir='ltr'><strong>cultae,</strong></span> <span class='ocrx_word' id='word_1_192' title='bbox 1679 2132 1864 2192; x_wconf 82' lang='lat' dir='ltr'><strong>quum</strong></span> <span class='ocrx_word' id='word_1_193' title='bbox 1906 2112 2012 2175; x_wconf 88' lang='lat' dir='ltr'><strong>diu</strong></span> <span class='ocrx_word' id='word_1_194' title='bbox 2050 2116 2199 2177; x_wconf 86' lang='lat' dir='ltr'><strong>mul-</strong></span> 
     </span>
     <span class='ocr_line' id='line_1_25' title="bbox 131 2195 2200 2275; baseline 0.001 -22"><span class='ocrx_word' id='word_1_195' title='bbox 131 2201 385 2269; x_wconf 84' lang='lat' dir='ltr'><strong>tumque</strong></span> <span class='ocrx_word' id='word_1_196' title='bbox 416 2195 672 2270; x_wconf 89' lang='lat' dir='ltr'><strong>vixeris,</strong></span> <span class='ocrx_word' id='word_1_197' title='bbox 723 2197 1015 2259; x_wconf 81' lang='lat' dir='ltr'><strong>mirificos</strong></span> <span class='ocrx_word' id='word_1_198' title='bbox 1049 2199 1316 2260; x_wconf 78' lang='lat' dir='ltr'><strong>efferunt</strong></span> <span class='ocrx_word' id='word_1_199' title='bbox 1344 2202 1608 2274; x_wconf 66' lang='lat' dir='ltr'><strong>fructus,</strong></span> <span class='ocrx_word' id='word_1_200' title='bbox 1644 2215 1775 2260; x_wconf 85' lang='lat' dir='ltr'><strong>-non</strong></span> <span class='ocrx_word' id='word_1_201' title='bbox 1822 2200 2024 2260; x_wconf 87' lang='lat' dir='ltr'><strong>solum</strong></span> <span class='ocrx_word' id='word_1_202' title='bbox 2053 2199 2200 2275; x_wconf 77' lang='lat' dir='ltr'><strong>&#39;quia</strong></span> 
     </span>
     <span class='ocr_line' id='line_1_26' title="bbox 132 2279 2198 2359; baseline 0.003 -22"><span class='ocrx_word' id='word_1_203' title='bbox 132 2293 460 2352; x_wconf 85' lang='lat' dir='ltr'><strong>numquam</strong></span> <span class='ocrx_word' id='word_1_204' title='bbox 503 2279 827 2353; x_wconf 87' lang='lat' dir='ltr'><strong>deserunt,</strong></span> <span class='ocrx_word' id='word_1_205' title='bbox 881 2297 962 2341; x_wconf 91' lang='lat' dir='ltr'><strong>ne</strong></span> <span class='ocrx_word' id='word_1_206' title='bbox 1004 2280 1065 2341; x_wconf 91' lang='lat' dir='ltr'><strong>in</strong></span> <span class='ocrx_word' id='word_1_207' title='bbox 1117 2289 1390 2343; x_wconf 88' lang='lat' dir='ltr'><strong>extremo</strong></span> <span class='ocrx_word' id='word_1_208' title='bbox 1428 2282 1674 2359; x_wconf 91' lang='lat' dir='ltr'><strong>quidem</strong></span> <span class='ocrx_word' id='word_1_209' title='bbox 1716 2290 1995 2359; x_wconf 78' lang='lat' dir='ltr'><strong>tempore</strong></span> <span class='ocrx_word' id='word_1_210' title='bbox 2028 2289 2198 2343; x_wconf 79' lang='lat' dir='ltr'><strong>aeta·</strong></span> 
     </span>
     <span class='ocr_line' id='line_1_27' title="bbox 133 2357 2199 2440; baseline 0.002 -19"><span class='ocrx_word' id='word_1_211' title='bbox 133 2357 213 2421; x_wconf 66' lang='lat' dir='ltr'><strong>tis</strong></span> <span class='ocrx_word' id='word_1_212' title='bbox 243 2381 327 2405; x_wconf 63' lang='lat'><strong>2·—</strong></span> <span class='ocrx_word' id='word_1_213' title='bbox 360 2377 725 2436; x_wconf 87' lang='lat' dir='ltr'><strong>quamquam</strong></span> <span class='ocrx_word' id='word_1_214' title='bbox 756 2362 818 2422; x_wconf 93' lang='lat' dir='ltr'><strong>id</strong></span> <span class='ocrx_word' id='word_1_215' title='bbox 852 2362 1096 2439; x_wconf 89' lang='lat' dir='ltr'><strong>quidem</strong></span> <span class='ocrx_word' id='word_1_216' title='bbox 1133 2365 1460 2427; x_wconf 85' lang='lat' dir='ltr'><strong>maximum</strong></span> <span class='ocrx_word' id='word_1_217' title='bbox 1503 2374 1599 2427; x_wconf 84' lang='lat' dir='ltr'><strong>est</strong></span> <span class='ocrx_word' id='word_1_218' title='bbox 1625 2393 1740 2440; x_wconf 77' lang='lat'><strong>——‚</strong></span> <span class='ocrx_word' id='word_1_219' title='bbox 1773 2382 1985 2429; x_wconf 89' lang='lat' dir='ltr'><strong>verum</strong></span> <span class='ocrx_word' id='word_1_220' title='bbox 2019 2365 2199 2426; x_wconf 87' lang='lat' dir='ltr'><strong>etiam</strong></span> 
     </span>
     <span class='ocr_line' id='line_1_28' title="bbox 138 2441 2199 2527; baseline 0.004 -25"><span class='ocrx_word' id='word_1_221' title='bbox 138 2441 279 2518; x_wconf 89' lang='lat' dir='ltr'><strong>quia</strong></span> <span class='ocrx_word' id='word_1_222' title='bbox 315 2443 692 2505; x_wconf 88' lang='lat' dir='ltr'><strong>conscientia</strong></span> <span class='ocrx_word' id='word_1_223' title='bbox 732 2446 892 2508; x_wconf 89' lang='lat' dir='ltr'><strong>bene</strong></span> <span class='ocrx_word' id='word_1_224' title='bbox 932 2454 1105 2509; x_wconf 89' lang='lat' dir='ltr'><strong>actae</strong></span> <span class='ocrx_word' id='word_1_225' title='bbox 1140 2448 1301 2509; x_wconf 83' lang='lat' dir='ltr'><strong>vitae</strong></span> <span class='ocrx_word' id='word_1_226' title='bbox 1331 2452 1784 2527; x_wconf 77' lang='lat' dir='ltr'><strong>multorumque</strong></span> <span class='ocrx_word' id='word_1_227' title='bbox 1811 2451 1973 2514; x_wconf 86' lang='lat' dir='ltr'><strong>bene</strong></span> <span class='ocrx_word' id='word_1_228' title='bbox 2011 2451 2199 2511; x_wconf 75' lang='lat' dir='ltr'><strong>facto-</strong></span> 
     </span>
     <span class='ocr_line' id='line_1_29' title="bbox 135 2528 1297 2594; baseline 0.007 -8"><span class='ocrx_word' id='word_1_229' title='bbox 135 2543 269 2587; x_wconf 87' lang='lat' dir='ltr'><strong>rum</strong></span> <span class='ocrx_word' id='word_1_230' title='bbox 323 2528 679 2589; x_wconf 73' lang='lat' dir='ltr'><strong>recordatio</strong></span> <span class='ocrx_word' id='word_1_231' title='bbox 707 2529 1152 2593; x_wconf 79' lang='lat' dir='ltr'><strong>iucundissima</strong></span> <span class='ocrx_word' id='word_1_232' title='bbox 1180 2540 1297 2594; x_wconf 89' lang='lat' dir='ltr'><strong>est.</strong></span> 
     </span>
    </p>

    <p class='ocr_par' dir='ltr' id='par_1_7' title="bbox 121 2611 2198 3446">
     <span class='ocr_line' id='line_1_30' title="bbox 252 2611 2198 2693; baseline 0.003 -22"><span class='ocrx_word' id='word_1_233' title='bbox 252 2611 355 2671; x_wconf 91' lang='lat' dir='ltr'><strong>IV.</strong></span> <span class='ocrx_word' id='word_1_234' title='bbox 406 2612 499 2673; x_wconf 84' lang='lat'><strong>10.</strong></span> <span class='ocrx_word' id='word_1_235' title='bbox 588 2614 719 2690; x_wconf 90' lang='lat' dir='ltr'><strong>Ego</strong></span> <span class='ocrx_word' id='word_1_236' title='bbox 764 2617 833 2691; x_wconf 81' lang='grc' dir='ltr'><strong>Ω.</strong></span> <span class='ocrx_word' id='word_1_237' title='bbox 859 2615 1222 2689; x_wconf 68' lang='lat' dir='ltr'><strong>Maximum,</strong></span> <span class='ocrx_word' id='word_1_238' title='bbox 1254 2633 1404 2677; x_wconf 54' lang='lat' dir='ltr'><strong>‘eum</strong></span> <span class='ocrx_word' id='word_1_239' title='bbox 1442 2617 1549 2693; x_wconf 78' lang='lat' dir='ltr'><strong>qui</strong></span> <span class='ocrx_word' id='word_1_240' title='bbox 1578 2618 1903 2679; x_wconf 74' lang='lat' dir='ltr'><strong>Tarentum</strong></span> <span class='ocrx_word' id='word_1_241' title='bbox 1942 2616 2198 2691; x_wconf 85' lang='lat' dir='ltr'><strong>recepit,</strong></span> 
     </span>
     <span class='ocr_line' id='line_1_31' title="bbox 129 2697 2198 2775; baseline 0.002 -17"><span class='ocrx_word' id='word_1_242' title='bbox 129 2711 341 2758; x_wconf 88' lang='lat' dir='ltr'><strong>senem</strong></span> <span class='ocrx_word' id='word_1_243' title='bbox 368 2697 736 2760; x_wconf 88' lang='lat' dir='ltr'><strong>adolescens</strong></span> <span class='ocrx_word' id='word_1_244' title='bbox 766 2700 849 2759; x_wconf 87' lang='lat' dir='ltr'><strong>ita</strong></span> <span class='ocrx_word' id='word_1_245' title='bbox 878 2699 1094 2772; x_wconf 81' lang='lat' dir='ltr'><strong>dilexi,</strong></span> <span class='ocrx_word' id='word_1_246' title='bbox 1130 2706 1198 2760; x_wconf 93' lang='lat' dir='ltr'><strong>ut</strong></span> <span class='ocrx_word' id='word_1_247' title='bbox 1214 2704 1562 2775; x_wconf 64' lang='lat' dir='ltr'><strong>aequalem.</strong></span> <span class='ocrx_word' id='word_1_248' title='bbox 1630 2703 1778 2762; x_wconf 61' lang='lat' dir='ltr'><strong>{Erat</strong></span> <span class='ocrx_word' id='word_1_249' title='bbox 1808 2700 2056 2761; x_wconf 79' lang='lat' dir='ltr'><strong>enimin</strong></span> <span class='ocrx_word' id='word_1_250' title='bbox 2092 2700 2198 2763; x_wconf 82' lang='lat' dir='ltr'><strong>ill‘o</strong></span> 
     </span>
     <span class='ocr_line' id='line_1_32' title="bbox 123 2761 2175 2859; baseline 0.003 -20"><span class='ocrx_word' id='word_1_251' title='bbox 123 2761 263 2840; x_wconf 41' lang='lat' dir='ltr'><strong>&amp;iro</strong></span> <span class='ocrx_word' id='word_1_252' title='bbox 314 2779 598 2843; x_wconf 85' lang='lat' dir='ltr'><strong>comitate</strong></span> <span class='ocrx_word' id='word_1_253' title='bbox 650 2782 897 2844; x_wconf 83' lang='lat' dir='ltr'><strong>condita</strong></span> <span class='ocrx_word' id='word_1_254' title='bbox 935 2782 1208 2859; x_wconf 80' lang='lat' dir='ltr'><strong>gravitas</strong></span> <span class='ocrx_word' id='word_1_255' title='bbox 1254 2800 1371 2845; x_wconf 92' lang='lat' dir='ltr'><strong>nec</strong></span> <span class='ocrx_word' id='word_1_256' title='bbox 1414 2791 1703 2847; x_wconf 80' lang='lat' dir='ltr'><strong>senectus</strong></span> <span class='ocrx_word' id='word_1_257' title='bbox 1754 2796 1960 2845; x_wconf 76' lang='lat' dir='ltr'><strong>mor‘es</strong></span> <span class='ocrx_word' id='word_1_258' title='bbox 2003 2792 2175 2845; x_wconf 83' lang='lat' dir='ltr'><strong>muta</strong></span> 
     </span>
     <span class='ocr_line' id='line_1_33' title="bbox 129 2864 2198 2944; baseline 0.003 -21"><span class='ocrx_word' id='word_1_259' title='bbox 129 2870 318 2923; x_wconf 65' lang='lat' dir='ltr'><strong>verat.</strong></span> <span class='ocrx_word' id='word_1_260' title='bbox 394 2864 771 2941; x_wconf 78' lang='lat' dir='ltr'><strong>Quamquam</strong></span> <span class='ocrx_word' id='word_1_261' title='bbox 795 2884 931 2927; x_wconf 88' lang='lat' dir='ltr'><strong>eum</strong></span> <span class='ocrx_word' id='word_1_262' title='bbox 956 2868 1159 2928; x_wconf 76' lang='lat' dir='ltr'><strong>colere</strong></span> <span class='ocrx_word' id='word_1_263' title='bbox 1183 2867 1361 2944; x_wconf 88' lang='lat' dir='ltr'><strong>coepi</strong></span> <span class='ocrx_word' id='word_1_264' title='bbox 1390 2886 1513 2929; x_wconf 88' lang='lat' dir='ltr'><strong>non</strong></span> <span class='ocrx_word' id='word_1_265' title='bbox 1528 2870 1870 2931; x_wconf 70' lang='lat' dir='ltr'><strong>admodum</strong></span> <span class='ocrx_word' id='word_1_266' title='bbox 1900 2870 2198 2944; x_wconf 81' lang='lat' dir='ltr'><strong>grandem</strong></span> 
     </span>
     <span class='ocr_line' id='line_1_34' title="bbox 127 2948 2198 3029; baseline 0.003 -24"><span class='ocrx_word' id='word_1_267' title='bbox 127 2951 303 3018; x_wconf 85' lang='lat' dir='ltr'><strong>natu,</strong></span> <span class='ocrx_word' id='word_1_268' title='bbox 363 2948 478 3006; x_wconf 90' lang='lat' dir='ltr'><strong>sed</strong></span> <span class='ocrx_word' id='word_1_269' title='bbox 507 2956 712 3010; x_wconf 78' lang='lat' dir='ltr'><strong>tamen</strong></span> <span class='ocrx_word' id='word_1_270' title='bbox 762 2951 881 3011; x_wconf 82' lang='lat' dir='ltr'><strong>iam</strong></span> <span class='ocrx_word' id='word_1_271' title='bbox 913 2958 1122 3012; x_wconf 81' lang='lat' dir='ltr'><strong>‹aetate</strong></span> <span class='ocrx_word' id='word_1_272' title='bbox 1164 2959 1547 3028; x_wconf 82' lang='lat' dir='ltr'><strong>provectum.</strong></span> <span class='ocrx_word' id='word_1_273' title='bbox 1619 2955 1802 3015; x_wconf 79' lang='lat' dir='ltr'><strong>Anno</strong></span> <span class='ocrx_word' id='word_1_274' title='bbox 1840 2950 2007 3014; x_wconf 72' lang='lat' dir='ltr'><strong>enim</strong></span> <span class='ocrx_word' id='word_1_275' title='bbox 2052 2959 2198 3029; x_wconf 86' lang='lat' dir='ltr'><strong>post</strong></span> 
     </span>
     <span class='ocr_line' id='line_1_35' title="bbox 129 3028 2196 3111; baseline 0.004 -23"><span class='ocrx_word' id='word_1_276' title='bbox 129 3031 347 3091; x_wconf 88' lang='lat' dir='ltr'><strong>consul</strong></span> <span class='ocrx_word' id='word_1_277' title='bbox 397 3028 660 3105; x_wconf 75' lang='lat' dir='ltr'><strong>primum</strong></span> <span class='ocrx_word' id='word_1_278' title='bbox 711 3034 908 3095; x_wconf 81' lang='lat' dir='ltr'><strong>fuerat</strong></span> <span class='ocrx_word' id='word_1_279' title='bbox 932 3050 1114 3111; x_wconf 83' lang='lat' dir='ltr'><strong>quam</strong></span> <span class='ocrx_word' id='word_1_280' title='bbox 1169 3052 1293 3111; x_wconf 88' lang='lat' dir='ltr'><strong>ego</strong></span> <span class='ocrx_word' id='word_1_281' title='bbox 1353 3043 1532 3102; x_wconf 82' lang='lat' dir='ltr'><strong>natus</strong></span> <span class='ocrx_word' id='word_1_282' title='bbox 1586 3054 1750 3111; x_wconf 21' lang='lat' dir='ltr'><strong>sumi,</strong></span> <span class='ocrx_word' id='word_1_283' title='bbox 1811 3049 2073 3111; x_wconf 79' lang='lat' dir='ltr'><strong>cumque</strong></span> <span class='ocrx_word' id='word_1_284' title='bbox 2110 3051 2196 3096; x_wconf 84' lang='lat' dir='ltr'><strong>-eo</strong></span> 
     </span>
     <span class='ocr_line' id='line_1_36' title="bbox 126 3116 2198 3197; baseline 0.005 -25"><span class='ocrx_word' id='word_1_285' title='bbox 126 3119 411 3184; x_wconf 82' lang='lat' dir='ltr'><strong>quartum</strong></span> <span class='ocrx_word' id='word_1_286' title='bbox 442 3116 696 3175; x_wconf 86' lang='lat' dir='ltr'><strong>consule</strong></span> <span class='ocrx_word' id='word_1_287' title='bbox 726 3118 1228 3180; x_wconf 82' lang='lat' dir='ltr'><strong>adolescentulus</strong></span> <span class='ocrx_word' id='word_1_288' title='bbox 1265 3120 1436 3181; x_wconf 88' lang='lat' dir='ltr'><strong>miles</strong></span> <span class='ocrx_word' id='word_1_289' title='bbox 1471 3121 1549 3180; x_wconf 87' lang='lat' dir='ltr'><strong>ad</strong></span> <span class='ocrx_word' id='word_1_290' title='bbox 1576 3120 1842 3197; x_wconf 84' lang='lat' dir='ltr'><strong>Capuam</strong></span> <span class='ocrx_word' id='word_1_291' title='bbox 1873 3120 2198 3196; x_wconf 56' lang='lat' dir='ltr'><strong>,profectus</strong></span> 
     </span>
     <span class='ocr_line' id='line_1_37' title="bbox 121 3195 2197 3280; baseline 0.005 -28"><span class='ocrx_word' id='word_1_292' title='bbox 121 3207 264 3253; x_wconf 68' lang='lat' dir='ltr'><strong>sum</strong></span> <span class='ocrx_word' id='word_1_293' title='bbox 311 3195 651 3273; x_wconf 81' lang='lat' dir='ltr'><strong>quintoque</strong></span> <span class='ocrx_word' id='word_1_294' title='bbox 692 3215 852 3259; x_wconf 90' lang='lat' dir='ltr'><strong>anno</strong></span> <span class='ocrx_word' id='word_1_295' title='bbox 897 3209 1041 3276; x_wconf 85' lang='lat' dir='ltr'><strong>post</strong></span> <span class='ocrx_word' id='word_1_296' title='bbox 1075 3202 1161 3264; x_wconf 85' lang='lat' dir='ltr'><strong>ad</strong></span> <span class='ocrx_word' id='word_1_297' title='bbox 1203 3204 1547 3264; x_wconf 83' lang='lat' dir='ltr'><strong>Tarentum.</strong></span> <span class='ocrx_word' id='word_1_298' title='bbox 1628 3206 1932 3280; x_wconf 77' lang='lat' dir='ltr'><strong>Quaestor</strong></span> <span class='ocrx_word' id='word_1_299' title='bbox 1961 3202 2197 3264; x_wconf 70' lang='lat' dir='ltr'><strong>deinde</strong></span> 
     </span>
     <span class='ocr_line' id='line_1_38' title="bbox 127 3276 2194 3368; baseline 0.006 -35"><span class='ocrx_word' id='word_1_300' title='bbox 127 3276 528 3368; x_wconf 70' lang='lat' dir='ltr'><strong>quadriennio</strong></span> <span class='ocrx_word' id='word_1_301' title='bbox 557 3289 706 3356; x_wconf 88' lang='lat' dir='ltr'><strong>post</strong></span> <span class='ocrx_word' id='word_1_302' title='bbox 735 3283 932 3343; x_wconf 78' lang='lat' dir='ltr'><strong>factus</strong></span> <span class='ocrx_word' id='word_1_303' title='bbox 955 3302 1129 3356; x_wconf 84' lang='lat' dir='ltr'><strong>sum,</strong></span> <span class='ocrx_word' id='word_1_304' title='bbox 1177 3302 1361 3361; x_wconf 89' lang='lat' dir='ltr'><strong>quem</strong></span> <span class='ocrx_word' id='word_1_305' title='bbox 1391 3286 1805 3363; x_wconf 86' lang='lat' dir='ltr'><strong>magistratum</strong></span> <span class='ocrx_word' id='word_1_306' title='bbox 1834 3286 2006 3363; x_wconf 80' lang='lat' dir='ltr'><strong>gessi</strong></span> <span class='ocrx_word' id='word_1_307' title='bbox 2052 3302 2194 3347; x_wconf 83' lang='lat' dir='ltr'><strong>con-</strong></span> 
     </span>
     <span class='ocr_line' id='line_1_39' title="bbox 124 3355 2194 3446; baseline 0.008 -32"><span class='ocrx_word' id='word_1_308' title='bbox 124 3355 360 3415; x_wconf 71' lang='lat' dir='ltr'><strong>sulibus</strong></span> <span class='ocrx_word' id='word_1_309' title='bbox 398 3359 696 3423; x_wconf 88' lang='lat' dir='ltr'><strong>Tuditano</strong></span> <span class='ocrx_word' id='word_1_310' title='bbox 742 3371 802 3423; x_wconf 91' lang='lat' dir='ltr'><strong>et</strong></span> <span class='ocrx_word' id='word_1_311' title='bbox 833 3365 1132 3441; x_wconf 82' lang='lat' dir='ltr'><strong>cethego,</strong></span> <span class='ocrx_word' id='word_1_312' title='bbox 1198 3385 1385 3443; x_wconf 87' lang='lat' dir='ltr'><strong>quum</strong></span> <span class='ocrx_word' id='word_1_313' title='bbox 1431 3370 1677 3446; x_wconf 87' lang='lat' dir='ltr'><strong>quidem</strong></span> <span class='ocrx_word' id='word_1_314' title='bbox 1718 3370 1818 3431; x_wconf 90' lang='lat' dir='ltr'><strong>ille</strong></span> <span class='ocrx_word' id='word_1_315' title='bbox 1854 3370 2194 3431; x_wconf 72' lang='lat' dir='ltr'><strong>admodum</strong></span> 
     </span>
    </p>
   </div>
  </div>
 </body>
</html>
