2381 3723
146 147 244 203 131
912 134 1469 198 POEMATORUM.
2094 143 2216 206 321

140 289 295 351 Post
324 288 489 347 hunc
519 301 628 346 ore
660 286 789 346 sero
823 286 1234 361 Capricornus
1271 288 1496 349 vadere
1531 287 1756 366 pergit:

141 369 447 433 Humidus
477 369 621 429 inde
650 367 771 429 loci
799 370 1062 431 collucet
1087 372 1400 446 Aquarius
1434 372 1584 433 orbi.

140 454 301 515 Exin
332 450 703 529 squamigeri
740 455 784 529 †
812 461 1137 531 serpentes
1174 455 1384 516 ludere
1414 455 1655 517 Pisces:

144 538 295 614 Quis
327 553 537 598 comes
567 542 667 597 est
695 535 901 609 ArieS,
944 538 1214 600 obscuro
1245 537 1471 599 lumine
1505 540 1740 612 labens,
2122 552 2223 607 575

143 620 512 696 Inssexoque
546 635 709 694 genu
743 619 1016 696 proiecto
1052 637 1318 696 corpore
1344 622 1577 684 Taurus
2069 630 2221 697 (330)

142 707 222 767 Et
251 703 484 767 Gemini
524 705 754 765 clarum
793 702 1092 766 iactantes
1127 706 1371 767 lucibus
1400 705 1627 782 ignem.
1767 714 1770 717 '

143 791 316 850 Haec
346 787 452 849 Sol
490 793 744 847 aeterno
777 787 1088 849 convestit
1118 788 1343 850 lumine
1371 791 1659 863 lustranS,

143 875 373 933 Annua
404 869 744 932 conficiens
773 872 1035 932 vertenti
1064 879 1343 950 tempora
1373 889 1580 934 cursu.

144 957 258 1016 Hic
296 962 590 1031 quantum
623 953 804 1014 terris
838 970 1153 1016 convexus
1192 956 1435 1033 pellitur
1464 956 1651 1029 orbiS‚
2120 970 2224 1023 580

141 1038 549 1100 Tantumdem
583 1036 684 1097 ille
717 1044 935 1113 patens
966 1055 1196 1114 supera
1224 1040 1567 1111 mortalibu’
1602 1042 1782 1102 cedit.
2069 1050 2220 1116 (335)

149 1121 279 1183 Sex
306 1119 473 1182 omni
502 1137 751 1196 semper
784 1121 1011 1182 cedunt
1042 1123 1311 1183 labentia
1341 1131 1548 1197 nocte,

144 1207 267 1267 Tot
299 1206 530 1265 caelum
563 1220 779 1266 rursus
811 1204 1106 1280 fugientia
1136 1206 1312 1282 signa
1348 1208 1646 1269 revisunt.

143 1290 283 1350 Hoc
312 1285 576 1364 spatium
611 1293 862 1349 tranans
898 1290 1102 1351 caecis
1132 1307 1259 1351 nox
1290 1290 1539 1352 conficit
1571 1292 1823 1365 umbris,

146 1373 328 1448 Quod
358 1387 588 1448 supera
618 1378 816 1432 terras
849 1370 1046 1448 prima
1075 1374 1155 1434 de
1185 1381 1370 1435 nocte
1398 1375 1673 1437 relictum
2121 1386 2225 1439 585

146 1454 450 1532 Signifero
484 1471 563 1515 ex
593 1453 743 1515 orbe
775 1461 872 1516 est
899 1463 962 1517 et
991 1457 1306 1531 signorum
1339 1458 1556 1519 ordine
1583 1462 1818 1522 fultum.
2071 1465 2223 1532 (340)

277 1539 454 1614 Quod
490 1538 542 1599 si
578 1537 743 1599 Solis
778 1555 930 1601 aves
961 1548 1166 1602 certos
1201 1558 1583 1617 cognoscere
1616 1561 1858 1618 cursus,

151 1623 335 1684 Ortus
368 1622 683 1697 signorum
715 1631 1013 1684 nocturno
1044 1631 1324 1701 tempore
1354 1626 1549 1688 vises:

146 1709 298 1768 Nam
333 1721 581 1780 semper
612 1703 856 1780 signum
885 1707 1171 1768 exoriens
1202 1708 1372 1770 Titan
1409 1710 1587 1772 trahit
1617 1728 1826 1772 unum.

148 1789 255 1851 Sin
290 1794 490 1849 autem
525 1788 805 1850 officiens
841 1791 1033 1867 signis
1065 1809 1245 1854 mons
1278 1793 1558 1854 obstruet
1589 1797 1748 1856 altus
2122 1805 2229 1858 590

146 1879 274 1934 Aut
305 1872 574 1934 adiment
606 1875 802 1934 lucem
835 1891 1022 1936 caeca
1055 1877 1314 1952 caligine
1346 1878 1562 1951 nubes,
2071 1885 2224 1954 (345)

149 1959 361 2018 Certas
396 1955 532 2033 ipse
562 1963 740 2018 notas
770 1958 924 2018 caeli
952 1960 1033 2021 de
1065 1961 1328 2036 tegmine
1359 1977 1633 2034 sumenS,

149 2041 335 2101 Ortus
364 2047 550 2116 atque
580 2039 781 2102 obitus
816 2057 1032 2103 omnes
1069 2059 1453 2120 cognoscere
1481 2046 1709 2121 possis.

150 2127 321 2201 Quae
349 2122 527 2185 simul
556 2124 859 2187 exsistant
892 2141 1143 2199 cerneS,
1188 2144 1347 2203 quae
1381 2137 1655 2204 tempore
1686 2128 1907 2189 eodem

146 2205 561 2282 Praecipitent
590 2208 820 2269 obitum
852 2214 1155 2272 nocturno
1193 2218 1472 2287 tempore
1501 2228 1747 2274 nosces.
2125 2222 2227 2275 595

279 2291 430 2351 Nam
461 2290 639 2353 simul
669 2300 737 2353 ut
766 2309 992 2369 supero
1023 2310 1095 2355 se
1124 2301 1316 2356 totum
1349 2295 1575 2357 lumine
1609 2296 1755 2357 Can
1774 2312 1904 2358 cer
2072 2300 2227 2369 (350)

146 2374 412 2447 Extulit,
457 2376 765 2452 externplo
800 2378 962 2437 cedit
992 2377 1251 2454 delapsa
1281 2380 1540 2453 Corona,

148 2460 229 2519 Et
257 2460 395 2520 loca
425 2458 690 2520 convisit
718 2461 913 2521 cauda
943 2469 1123 2523 tenus
1156 2461 1352 2522 infera
1378 2462 1595 2525 Piscis.

150 2539 470 2601 Dimidiam
504 2542 726 2603 retinet
756 2544 950 2606 stellis
983 2540 1267 2606 distinc'ta
1299 2546 1541 2606 Corona

148 2627 390 2686 Partem
420 2624 596 2685 etiam
628 2643 855 2703 supera
885 2636 1070 2703 atque
1106 2630 1228 2689 alia.
1254 2629 1332 2689 de
1358 2635 1534 2705 parte
1565 2632 1815 2705 repulsa
1848 2636 1975 2691 est:
2125 2638 2229 2691 600

151 2710 348 2784 Quam
376 2715 577 2769 tamen
608 2708 951 2787 insequitur
980 2710 1172 2773 Piscis
1208 2728 1322 2773 nec
1353 2717 1519 2774 totus
1555 2714 1635 2773 ad
1669 2713 1917 2774 umbras
2075 2715 2227 2784 (355)

148 2792 437 2863 TractuS,
486 2794 597 2853 sed
631 2810 858 2870 supero
893 2802 1215 2857 contectus
1244 2812 1507 2872 corpore
1538 2796 1717 2857 cedit.

147 2879 363 2951 Atque
394 2875 684 2938 humeros
716 2895 915 2954 usque
947 2895 982 2939 a
1013 2879 1276 2955 genibus
1313 2882 1666 2956 clarumque
1696 2879 1978 2942 recondit

147 2960 575 3035 Anguitenens
607 2960 823 3023 validis
853 2978 1139 3037 magnum
1175 2981 1211 3023 a
1244 2963 1584 3025 cervicibus
1618 2967 1922 3040 Anguem.

147 3045 278 3103 Iam
313 3059 459 3104 vero
488 3045 917 3123 Arctophylax
947 3064 1070 3108 non
1105 3065 1304 3123 aequa
1335 3055 1506 3121 parte
1542 3056 1807 3109 secatur.
2123 3054 2226 3109 605

148 3127 304 3186 Nam
332 3127 581 3188 brevior
614 3132 777 3190 clara
811 3129 966 3191 caeli
996 3131 1073 3191 de
1106 3139 1280 3208 parte
1309 3133 1571 3202 videtur,
2075 3137 2223 3204 (360)

148 3210 436 3285 Amplior
465 3211 730 3274 infernas
763 3214 1060 3289 depulsus
1090 3215 1376 3291 possidet
1406 3215 1675 3276 umbras.

153 3295 454 3368 Quattuor
482 3295 581 3356 hic
613 3297 830 3359 obiens
860 3314 1070 3359 secum
1103 3299 1411 3359 deducere
1446 3299 1623 3375 signa

155 3376 460 3452 Signifero
495 3381 654 3441 solet
684 3396 763 3442 ex
796 3380 958 3442 orbi:
1006 3389 1129 3443 tum
1161 3381 1362 3444 serius
1393 3381 1513 3462 ille,

243 3478 353 3521 c1c.
385 3464 492 3522 IV.
517 3471 573 3525 3.
1451 3525 1456 3531 ,
1738 3466 1814 3527 21
