2381 3723
186 141 261 196 83
973 124 1475 186 FRAGMENTA.
2141 121 2264 187 273

188 282 289 343 vix
334 279 494 341 enim
539 277 739 338 audeo
777 276 983 337 dicere
1022 276 1412 346 medietates,
1446 291 1603 351 quas
1641 274 1855 335 Graeci
1902 268 2267 353 μεσότητας

187 365 534 440 appellant,
584 361 695 422 sed
736 359 911 436 quasi
951 359 1033 419 ita
1065 358 1320 419 dixerim
1364 357 1762 434 intelligatur:
1809 357 1922 418 erit
1950 357 2106 418 enim
2142 359 2265 434 pla-

189 450 347 511 nius.
431 447 653 505 Earum
709 445 958 503 alteram
1009 443 1224 503 eadem
1279 448 1455 518 parte
1508 447 1919 518 praestantem
1973 441 2264 502 extremis

189 533 536 605 eademque
565 533 947 603 superatam,
993 527 1245 588 alteram
1277 523 1407 601 pari
1436 542 1692 586 numero
1717 531 2133 601 praestantem
2163 542 2266 586 ex·

190 613 400 677 tremis
430 610 686 689 parique
728 625 984 670 numero
1031 616 1402 684 superatam.
1473 608 1910 684 Sesquialteris
1940 617 2146 669 autem
2175 607 2265 669 in-

189 695 460 760 tervallis
499 692 567 754 et'
587 691 996 768 sesquitertiis
1027 700 1089 753 et
1127 691 1582 768 sesquioctavis
1613 692 1873 769 sumptis
1907 709 1986 753 ex
2017 693 2109 752 his
2129 694 2267 753 col-

188 778 582 858 ligationibus
646 777 707 836 in
763 775 975 852 primis
1033 775 1365 836 intervallis
1439 777 1876 853 sesquioctavo
1941 776 2262 837 intervallo

190 860 587 939 sesquitertia
630 860 833 921 omnia
873 861 1188 935 explebat,
1251 876 1437 935 quum
1481 860 1840 936 particulam
1882 860 2264 936 singulorum

191 947 585 1022 relinqueret.
663 943 809 1004 Eius
853 950 1057 1004 autem
1101 943 1433 1018 particulae
1474 943 1793 1004 intervallo
1827 944 2037 1004 relicto
2082 943 2266 1002 habe·

191 1032 299 1092 bat
332 1044 621 1090 numerus
654 1029 734 1087 ad
775 1040 1093 1087 numerum
1126 1028 1403 1087 eamdem
1450 1027 1908 1102 proportionem
1951 1041 2267 1102 compara-

192 1114 548 1188 tionemque
593 1110 653 1170 in
711 1109 1030 1184 extremiS‚
1094 1126 1279 1186 quam
1334 1110 1560 1170 habent
1607 1126 1773 1170 cmm
1830 1126 1969 1170 cum
2025 1125 2264 1182 ccxun,

195 1204 381 1273 atque
411 1196 495 1254 ita
535 1193 900 1270 permixtum
941 1194 1119 1266 illud,
1180 1210 1261 1254 ex
1304 1209 1429 1269 quo
1471 1194 1624 1254 baec
1655 1192 1883 1267 secuit,
1928 1193 2044 1254 iam
2084 1209 2266 1254 omne

194 1285 687 1353 consumpserat.
755 1278 930 1337 Hanc
953 1277 1135 1352 igitur
1165 1292 1409 1338 omnem
1440 1275 1932 1338 coniunctionem
1959 1276 2265 1353 duplicem

193 1364 253 1425 in
312 1359 747 1437 longitudinem
801 1359 1021 1420 diffidit
1071 1360 1435 1437 mediaeque
1484 1361 1961 1422 accommodans
2004 1359 2267 1421 mediam

196 1446 373 1522 quasi
407 1443 790 1516 decussavit‚
824 1444 1048 1505 deinde
1080 1444 1139 1504 in
1174 1445 1386 1505 orbem
1418 1444 1623 1518 torsit,
1655 1452 1724 1506 ut
1760 1451 1822 1505 et
1847 1444 2022 1521 ipsae
2053 1460 2266 1506 secum

196 1537 258 1592 et
289 1529 447 1590 inter
474 1543 545 1589 se
575 1545 652 1588 ex
685 1526 1119 1600 commissura,
1165 1544 1327 1604 quae
1356 1545 1391 1589 e
1418 1527 1671 1604 regione
1702 1536 1901 1601 esset,
1944 1528 2267 1604 iungeren-

195 1621 321 1685 tur,
356 1628 558 1688 eoque
590 1617 790 1683 motu,
824 1609 998 1672 cuius
1029 1611 1196 1673 orbis
1233 1629 1481 1687 semper
1510 1612 1570 1671 in
1606 1614 1828 1673 eodem
1861 1620 1992 1674 erat
2022 1613 2269 1674 eodem-

196 1713 322 1771 que
354 1696 538 1756 modo
569 1694 872 1767 ciebatur‚
913 1694 1186 1772 undique
1228 1702 1327 1757 est
1370 1713 1476 1757 eas
1522 1696 1994 1773 circumplexus.
2063 1699 2266 1771 Atque

194 1778 279 1840 ita
303 1796 487 1854 quum
508 1778 763 1839 alterum
788 1777 1040 1839 fecisset
1056 1777 1442 1852 exteriorem,
1469 1781 1824 1857 [interiorem
1847 1780 2119 1857 alterum]
2145 1795 2269 1839 am-

195 1865 417 1941 plexus
449 1863 688 1937 orbem,
740 1861 906 1923 illum
948 1861 1223 1924 eiusdem
1267 1871 1550 1938 naturae,
1601 1865 1766 1925 hunc
1796 1865 2046 1926 alterius
2076 1861 2261 1925 nomi-

196 1945 394 2018 navit,
452 1961 739 2022 eamque,
806 1961 964 2021 quae
1023 1954 1153 2007 erat
1207 1946 1511 2020 eiusdem,
1575 1947 1835 2007 detorsit
1875 1965 1911 2007 a
1966 1949 2153 2007 latere
2205 1946 2267 2005 in

197 2030 476 2089 dextram
503 2036 768 2105 partem,
818 2029 978 2089 hanc
1011 2038 1213 2091 autem
1265 2030 1526 2090 citimam
1560 2046 1598 2089 a
1628 2030 1826 2088 media
1857 2029 2016 2090 linea
2050 2028 2268 2090 direxit

195 2113 277 2173 ad
320 2113 584 2187 laevam,
637 2113 748 2174 sed
792 2112 1196 2188 principatum
1246 2113 1415 2173 dedit
1459 2111 1793 2189 superiori,
1848 2130 2027 2188 quam
2070 2114 2267 2174 solam

194 2193 568 2257 individuam
602 2196 862 2272 reliquit.
930 2195 1288 2258 Interiorem
1329 2203 1531 2256 autem
1570 2213 1758 2273 quum
1799 2196 1858 2256 in
1904 2213 2017 2258 sex
2057 2203 2266 2273 partes

195 2277 537 2354 divisisset,
595 2287 832 2355 septem
875 2280 1060 2341 orbes
1092 2279 1376 2356 dispares
1417 2281 1606 2357 duplo
1639 2287 1702 2341 et
1731 2279 1912 2357 triplo
1944 2282 2264 2341 intervallo

197 2362 430 2425 moveri
484 2362 662 2424 iussit
718 2361 1040 2425 contrariis
1084 2361 1243 2425 inter
1293 2381 1364 2425 se
1409 2364 1710 2426 cursibus.
1791 2364 2016 2428 Eorum
2064 2371 2265 2425 autem

195 2446 373 2506 trium
406 2445 550 2505 fecit
580 2462 761 2522 pares
802 2447 1176 2521 celeritates,
1216 2449 1326 2508 sed
1362 2455 1656 2525 quattuor
1685 2456 1747 2509 et
1774 2447 1943 2510 inter'
1965 2466 2036 2511 se
2066 2449 2268 2523 dispa-

193 2545 297 2589 res
340 2535 403 2589 et
443 2528 771 2591 dissimiles
814 2528 993 2591 trium
1046 2530 1445 2608 reliquorum.
1534 2532 1692 2592 Vlll.
1748 2532 2036 2594 Animum
2085 2532 2269 2607 igitur

194 2629 384 2688 quum
413 2611 514 2673 ille
548 2620 912 2690 procreator
943 2613 1153 2674 mundi
1184 2615 1339 2676 deus
1370 2630 1448 2674 ex
1479 2630 1593 2675 sua
1623 2622 1827 2674 mente
1859 2623 1921 2676 et
1949 2618 2265 2677 voluntate

192 2695 541 2771 genuisset,
586 2703 713 2757 tum
744 2696 1011 2771 denique
1045 2714 1259 2771 omne,
1313 2698 1480 2774 quod
1513 2704 1645 2757 erat
1685 2705 2040 2758 concretum
2080 2706 2268 2772 atque

193 2795 597 2855 corporeum,
655 2781 1089 2842 substernebat
1109 2780 1313 2843 animo
1359 2780 1737 2855 interiusque
1762 2779 2050 2852 faciebat,
2081 2788 2275 2856 atque-

190 2860 276 2922 ita
321 2861 522 2924 medio
563 2864 826 2924 medium
867 2867 1349 2927 accommodans
1393 2863 1740 2941 copulabat.
1823 2864 1925 2925 Sic
1960 2863 2198 2926 animus
2232 2881 2278 2923 a

191 2945 396 3006 medio
430 2947 744 3022 profectus
791 2947 1228 3010 extremitatem
1269 2947 1421 3009 caeli
1460 2964 1498 3007 a
1535 2964 1824 3025 suprema
1867 2947 2122 3025 regione
2171 2965 2268 3009 ro·

191 3029 385 3090 tundo
437 3030 668 3092 ambitu
733 3030 1103 3093 circumiecit
1153 3048 1422 3107 seseque
1481 3033 1616 3108 ipse
1680 3049 1936 3094 versans
1996 3033 2268 3092 divinum

189 3111 607 3189 sempiternae
646 3113 1066 3192 sapientisque
1113 3116 1275 3177 vitae
1316 3114 1554 3177 induxit
1597 3115 1939 3176 exordium.
2014 3117 2092 3175 Et
2134 3131 2266 3176 σοι»

186 3213 309 3272 pus
353 3197 601 3272 quidem
650 3199 803 3260 caeli
844 3199 1221 3275 aspectabile
1271 3200 1558 3261 effectum
1600 3206 1725 3272 est,
1780 3198 2017 3260 animus
2064 3205 2269 3259 autem

187 3281 510 3341 oculorum
560 3280 774 3359 effugit
825 3283 1124 3344 obtutum.
1212 3285 1324 3344 Est
1372 3290 1574 3344 autem
1613 3283 1786 3344 'unus
1852 3299 1929 3342 ex
1983 3280 2270 3343 omnibus

184 3362 1050 3508 rationisvconcentionisque
1084 3399 1168 3413 --
1211 3358 1496 3447 ἁρμονία
1548 3367 1911 3510 Graecei&—
1951 3364 2273 3441 sempiter-

272 3462 387 3507 ωε.
509 3492 524 3509 .
560 3460 615 3512 3.
