2381 3723
180 128 307 193 210
836 117 858 142 ¹
971 132 1474 193 FRAGMENTA.
2191 146 2271 200 20

182 289 283 344 est
311 283 543 343 bonum
574 288 779 343 autem
810 282 975 357 quod
1008 299 1248 343 summa
1292 300 1393 344 res
1424 285 1667 361 publica
1709 292 1912 346 manet
1965 284 2026 345 in
2070 286 2267 347 vestri

184 366 402 426 ordina
428 410 866 432 ...........
899 365 993 426 dis
1022 410 1249 427 ......
1291 367 1416 426 fuit.

309 452 365 509 7.
407 449 563 510 Aliis
593 449 691 509 ille
733 448 791 508 in
820 448 1001 510 'illum
1042 452 1311 510 furorem
1349 451 1585 526 magnis
1616 452 1965 514 hominibus
1998 454 2264 516 auctori-

183 534 300 593 bus
334 532 638 609 impulsus
669 541 791 607 est,
847 533 951 608 qui
985 532 1235 608 aliquod
1273 533 1499 595 institui
1538 539 1883 612 exemplum
1918 536 2256 597 disturban-

185 617 406 677 dorum
429 616 793 677 iudiciorum
816 615 1404 691 perniciosissimum
1422 664 1437 689 ‚
1470 620 1845 694 temporibus
1870 620 1999 681 su1s
2020 636 2256 681 accom-

184 699 700 773 modatissimum,
733 700 886 760 meis
922 699 1355 761 alienissimum
1387 702 1758 778 rationibuS,
1805 704 2142 780 cupierunt.

957 846 1118 885 VERS·
1162 847 1300 885 cmc.
1343 848 1486 885 0011.

311 926 370 987 8.
426 926 690 987 Possum
742 923 948 985 dicere
1007 923 1314 985 hominem
1374 942 1609 985 summa
1653 922 1980 1001 prudentia
2029 927 2263 987 clarum

181 1012 527 1157 fdtt'fissgtsagn
571 1010 650 1069 de
696 1008 827 1069 suis
874 1008 1113 1083 legibus
1166 1009 1541 1084 abrogandis
1581 1009 1783 1085 ipsum
1842 1008 1920 1067 ad
1980 1016 2263 1070 senatum

1075 1209 1358 1256 SEQUITUR.

310 1292 370 1352 9.
413 1290 675 1350 Possum
719 1293 779 1345 et
820 1286 1097 1347 eiusdem
1131 1287 1342 1347 Cottae
1385 1290 1581 1364 legem
1630 1290 1707 1349 de
1737 1288 1974 1350 iudiciis
2004 1290 2260 1366 privatis

184 1392 346 1438 anno
384 1381 529 1449 post
561 1387 745 1447 quam
776 1372 898 1431 lata
929 1370 1008 1431 sit
1038 1386 1075 1429 a
1102 1372 1284 1430 fratre
1310 1370 1442 1432 eius
1476 1372 1922 1447 [abrogatamJ.

1023 1509 1028 1514 '
1114 1502 1335 1540 STATIM.

312 1583 408 1643 10.
452 1582 677 1655 Legem
702 1579 990 1640 Liciniam
1018 1592 1076 1641 et
1104 1580 1366 1641 Muciam
1393 1584 1470 1643 de
1495 1581 1728 1642 civibus
1757 1580 2047 1656 regundis
2071 1579 2258 1642 video

187 1676 472 1730 constare
509 1664 667 1725 inter
708 1680 954 1736 omnes,
1013 1681 1196 1739 quam
1238 1666 1361 1725 duo
1408 1667 1697 1727 consules
1740 1665 2038 1735 omnium,
2096 1681 2254 1740 quos

184 1750 477 1819 vidimuS‚
532 1747 965 1823 sapientissimi
1013 1747 1330 1822 tulissent,
1388 1767 1511 1812 non
1558 1750 1743 1810 modo
1786 1748 2087 1822 inutilem,
2141 1748 2255 1808 sed

184 1832 596 1913 perniciosam
626 1832 714 1892 rei
752 1831 1031 1909 publicae
1063 1832 1272 1895 fuisse.

314 1921 408 1978 11.
456 1919 756 1993 Quattuor
785 1917 1031 1978 omnino
1056 1934 1285 1993 genera
1310 1925 1472 1990 sunt,
1502 1919 1739 1979 iudices
1756 1965 1770 1992 ,
1799 1918 1859 1978 in
1891 1917 2120 1994 quibus
2144 1931 2257 1990 per

187 2011 468 2066 senatum
501 2017 674 2063 more
706 2001 1001 2062 maiorum
1034 2009 1336 2063 statuatur
1364 2002 1592 2077 aliquid
1625 2004 1702 2064 de
1728 2002 1982 2077 legibus.
2053 2001 2253 2061 Unum

188 2096 283 2148 est
318 2087 450 2148 eius
499 2084 695 2158 modi,
750 2088 993 2161 placere
1035 2088 1234 2162 legem
1273 2086 1587 2161 abrogari,
1638 2094 1706 2148 ut
1746 2088 1815 2161 Q.
1863 2084 2121 2146 Caecilio
2168 2083 2251 2142 Μ.

185 2169 357 2232 Iunio
392 2168 778 2242 consulibus,
835 2186 994 2244 quae
1028 2172 1199 2245 leges
1231 2186 1358 2230 rem
1395 2169 1712 2230 militarem
1747 2169 2141 2247 impedirent,
2188 2174 2258 2227 ut

186 2254 652 2328 abrogarentur.

312 2339 617 2407 Alterum,
663 2351 820 2409 quae
852 2338 950 2396 lex
983 2339 1102 2397 lata
1140 2352 1284 2397 esse
1316 2336 1579 2410 dicatur,
1629 2353 1703 2397 ea
1739 2353 1863 2398 non
1912 2333 2105 2395 videri
2147 2350 2257 2408 po-

189 2421 394 2495 pulum
419 2418 643 2491 teneri,
695 2425 762 2478 ut
788 2419 854 2478 L.
877 2419 1106 2480 Marcio
1133 2419 1276 2480 Sex.
1302 2420 1452 2482 Iulio
1478 2436 1643 2482 coss.
1677 2421 1755 2480 dc
1785 2420 2022 2495 iegibus
2046 2417 2256 2476 Liviis.

308 2503 570 2564 Tertium
610 2508 706 2562 est
745 2502 822 2561 de
870 2504 1073 2578 legum
1115 2504 1639 2579 derogationibus.
1730 2505 1861 2579 Quo
1907 2504 1985 2563 de
2026 2516 2258 2578 genere

188 2603 493 2664 persaepe
529 2593 783 2648 senatus
823 2586 1103 2648 consulta
1131 2587 1313 2662 fiunt,
1364 2595 1432 2648 ut
1463 2605 1661 2663 nuper
1694 2588 1771 2647 de
1807 2587 1943 2662 ipsa
1967 2587 2104 2662 lege
2130 2584 2258 2645 Cal-

188 2671 451 2749 purnia.
482 2687 640 2747 quae
673 2672 1092 2746 derogaretur.

318 2755 412 2814 12.
460 2756 523 2814 Ρ.
557 2755 884 2815 Africanus
929 2754 1029 2814 ille
1074 2754 1362 2828 superior
1404 2755 1624 2816 dicitur
1666 2771 1787 2816 non
1833 2755 2030 2815 solum
2077 2768 2115 2810 a
2158 2766 2232 2810 sa

187 2837 583 2915 pientissimis
627 2838 1000 2911 hominibuS‚
1057 2839 1158 2913 qui
1201 2844 1324 2898 tum
1368 2847 1564 2910 erant,
1621 2854 1836 2898 verum
1888 2836 2068 2897 etiam
2105 2850 2140 2893 a
2169 2849 2260 2892 ‘se

184 2922 322 2998 ipso
348 2938 537 2998 saepe
561 2929 890 2983 accusatus
914 2938 1086 2995 esse,
1122 2923 1321 2996 quod,
1354 2939 1539 2998 quum
1565 2923 1782 2982 consul
1814 2927 1984 2982 esset
2006 2935 2140 2979 cum
2165 2917 2258 2976 Ti.

183 3006 430 3080 Longo,
462 3021 688 3082 passus
718 3012 887 3066 esset
924 3012 1049 3066 tum
1085 3005 1343 3081 primurn
1375 3023 1411 3064 a
1439 3004 1723 3083 populari
1754 3020 2059 3065 consessu
2080 3016 2261 3062 sena·

187 3089 344 3149 toria
375 3087 665 3150 subsellia
698 3089 993 3163 separari.

1010 3219 1165 3259 cmCA
1206 3219 1431 3258 memma.

318 3289 413 3349 12.
458 3293 570 3352 Est
598 3291 811 3371 utiquc
848 3292 944 3354 ius
975 3296 1250 3371 vetandi,
1295 3311 1478 3371 quum
1516 3311 1589 3355 ea
1627 3297 1883 3368 feratur,
1936 3307 2119 3367 quam
2153 3292 2260 3353 diu

186 3411 458 3430 .......
490 3374 730 3434 serundi
759 3378 1238 3454 transferuntur,
1283 3380 1343 3439 id
1376 3385 1472 3439 est
1517 3423 1532 3439 .
1559 3424 1574 3440 .
1601 3424 1615 3439 .
1641 3423 1655 3438 .
1681 3422 1695 3438 .
1723 3422 1737 3438 .
1765 3422 1780 3438 .
1809 3421 1824 3436 .
1849 3420 1866 3436 .
1893 3420 1909 3436 .
1940 3377 2072 3450 lex,
2109 3376 2260 3436 dum
