2381 3723
148 124 275 187 272
937 115 1444 178 FRAGMENTA.
2158 118 2235 175 82

153 292 293 336 eum
324 275 401 334 ab
428 271 596 335 amni
621 269 926 332 erratione
954 267 1253 329 liberavit.
1324 267 1430 328 Aa
1466 266 1625 327 hanc
1654 263 1842 340 igitur
1873 261 2235 327 conversio-

153 375 293 419 nem
312 405 327 431 ‚
380 372 543 431 quae
571 354 833 431 pedihus
866 359 929 414 et
964 351 1167 427 gradu
1190 367 1318 412 non
1342 355 1590 425 egeret,
1631 347 2012 424 &gradiendi
2046 363 2235 408 mem·

152 443 273 503 bra
311 456 434 502 non
481 439 669 501 dedit.
743 439 913 498 Haec
948 437 1107 497 dens
1146 434 1232 508 is,
1275 433 1386 509 qui
1421 439 1587 507 erat,
1644 433 1730 492 de
1764 431 2096 508 aliquande
2143 432 2236 492 fu·

156 535 291 586 turo
326 524 446 584 deo
481 522 765 598 cogitans·
796 522 1034 581 iaevam
1057 535 1208 580 eum
1234 517 1440 579 effecit
1461 523 1526 578 et
1554 515 1825 592 undique
1848 514 2234 593 aequabilem

155 617 215 671 et
251 623 290 666 a
327 605 530 667 medio
567 605 643 664 ad
681 614 985 665 smmum
1021 619 1237 680 parem
1277 608 1343 663 et
1375 602 1713 678 perfectum
1756 606 1943 675 atque
1985 598 2236 660 ahsolu-

154 697 287 752 tum
313 705 395 749 ex
423 686 722 749 absolutis
759 694 952 763 atque
984 685 1298 762 perfectis.
1364 683 1649 746 Animum
1692 690 1902 744 autem
1938 691 2012 745 ut
2047 681 2114 742 in
2152 699 2231 743 eo

158 771 360 834 medio
397 769 753 843 collocavit,
802 769 897 848 ,ita
934 787 1053 847 per
1085 776 1288 831 tntum
1324 768 1612 841 tetendit,
1670 766 1894 835 deinde
1936 783 2077 828 eum
2121 765 2235 826 cir·

156 853 470 918 cumdedit
510 870 773 930 corpere
807 862 868 916 et
894 851 1143 915 vestivit
1181 850 1571 914 extr‘msecus
1615 853 1920 927 caeloque,
1948 848 2232 926 solivago

157 946 225 1001 et
251 937 501 999 volubili
532 944 598 998 et
622 937 683 999 in
720 938 936 999 orbem
964 935 1219 998 incitate
1257 937 1624 1013 complexus
1652 941 1778 1009 est,
1824 935 1993 1011 quod
2018 950 2234 995 secum

156 1022 360 1098 ipsum
410 1027 664 1097 prepter
711 1019 991 1083 virtutem
1034 1019 1211 1081 facile
1255 1036 1400 1081 esse
1432 1027 1651 1096 posset
1692 1034 1809 1080 nec
1850 1015 2237 1079 desideraret

157 1108 443 1177 alteram,
484 1104 634 1166 satis
673 1104 793 1167 sihi·
812 1105 1020 1182 ipsum
1049 1110 1265 1165 notum
1314 1111 1376 1164 et
1414 1102 1723 1164 familiare.
1792 1101 1902 1163 Sic
1937 1102 2093 1163 deus
2134 1099 2237 1161 ilie

159 1196 446 1251 aeternus
487 1188 651 1250 hunc
686 1189 961 1264 pei-tecte
1001 1188 1248 1249 beatum
1280 1188 1468 1248 deum
1508 1185 1872 1264 procreavit.
1944 1185 2072 1246 Sed
2110 1183 2237 1245 ani·

160 1289 324 1333 mum
360 1273 527 1332 haud
553 1272 665 1343 ita,
702 1279 773 1332 ut
796 1273 985 1334 mode
1013 1269 1206 1333 incuti
1234 1288 1483 1343 sumuS,
1534 1277 1668 1332 tm
1704 1268 2004 1345 denique,
2045 1282 2237 1343 quum

160 1371 395 1451 carpus
443 1354 498 1416 ei
533 1354 880 1428 effecisset,
925 1353 1266 1418 incohavit.-
1336 1355 1549 1430 Neque
1591 1352 1755 1414 enim
1788 1355 1961 1415 esset
1998 1358 2237 1412 recum

160 1437 380 1500 minori
431 1454 650 1513 parere
702 1439 1013 1500 maiorem.
1086 1437 1213 1499 Sed
1261 1455 1383 1499 nes
1429 1439 1620 1499 multa
1664 1435 2118 1498 inconsiderate
2163 1450 2238 1495 ac

162 1529 393 1582 temere
439 1519 718 1582 dicimus.
805 1522 941 1582 VH
982 1523 1147 1583 Deus
1195 1529 1402 1583 autem
1440 1528 1505 1582 et
1539 1527 1686 1583 ortu
1724 1528 1792 1580 et
1823 1519 2048 1582 virtute
2086 1517 2238 1580 anti·

162 1603 439 1677 quierem
484 1603 697 1677 gen-uit
731 1603 996 1666 animum
1041 1620 1308 1680 eumque
1352 1613 1422 1666 ut
1458 1603 1772 1667 donuinam
1814 1611 2003 1680 atque
2048 1601 2238 1678 impe·

164 1693 403 1746 rantem
433 1685 784 1747 oboedienti
817 1687 1113 1762 praefecit
1146 1688 1430 1765 corpori,
1460 1687 1647 1764 idque
1675 1686 1928 1749 molitus
1958 1685 2062 1748 tali
2085 1702 2238 1761 quo-

162 1769 303 1829 dam
348 1776 446 1830 est
483 1771 692 1831 mode.
759 1772 852 1832 Ex
887 1787 963 1832 ea
993 1771 1276 1843 materia,
1320 1787 1482 1848 quae
1509 1771 1822 1833 individua
1855 1777 2042 1834 estet
2076 1784 2237 1844 quae

162 1869 414 1930 semper
440 1852 623 1915 unius
656 1853 823 1918 modi
855 1855 1077 1932 suique
1111 1855 1354 1929 similis,
1384 1863 1447 1918 et
1480 1873 1562 1917 ex
1588 1872 1691 1929 ea,
1724 1872 1885 1932 quae
1918 1853 1977 1915 in
2011 1871 2236 1930 corpo·

162 1937 332 1998 ribus
363 1937 613 2000 dividua
653 1930 949 2015 gignitur,
1002 1939 1246 2002 tertium
1298 1939 1588 2001 materiae
1630 1956 1836 2015 genus
1867 1955 1947 2000 ex
1989 1938 2235 1999 duobus

160 2020 220 2081 in
254 2021 520 2084 medium
563 2023 912 2097 admiscuit,
968 2024 1138 2120 quod
1168 2031 1344 2085 esset
1378 2024 1656 2086 eiusdem
1686 2030 1941 2085 naturae
1972 2029 2034 2084 et
2065 2022 2235 2098 quod

161 2104 440 2180 alterius,
494 2106 686 2181 idqiie
727 2106 1026 2169 interiecit
1066 2107 1225 2168 inter
1261 2106 1644 2169 individuum
1686 2115 1880 2183 atque
1916 2105 2010 2179 id,
2066 2104 2237 2182 quod

161 2186 475 2249 dividuum
499 2195 670 2249 esset
695 2189 758 2249 in
788 2208 1072 2267 corpore.
1140 2191 1232 2251 Ea
1256 2207 1443 2268 quum
1473 2190 1585 2253 tria
1616 2190 2018 2267 sumpsisset,
2050 2206 2235 2251 unam

157 2270 221 2330 in
277 2272 547 2346 speciem
585 2275 977 2347 temperavit,
1041 2282 1446 2351 naturamque
1489 2273 1681 2349 iiiam,
1741 2291 1926 2351 quam
1984 2273 2233 2336 alterius

160 2353 453 2428 diximus,
492 2353 555 2412 vi
592 2371 733 2415 cum
766 2357 983 2417 eadem
1012 2357 1356 2431 coniunxit,
1408 2357 1736 2435 rugientem
1780 2365 1843 2419 et
1875 2357 2008 2419 eius
2046 2373 2233 2435 copu-

159 2435 404 2497 lationis
439 2438 729 2510 alienam,
784 2456 944 2514 quae
986 2440 1372 2539 permiscens
1405 2458 1546 2504 cum
1595 2441 1876 2515 materia,
1927 2458 2118 2518 quum
2157 2457 2236 2502 ex

158 2517 351 2579 tribus
383 2518 697 2581 effecisset
738 2538 960 2598 unum,
1010 2523 1079 2584 ιιι
1109 2524 1316 2599 ipsum
1341 2525 1403 2586 in
1445 2543 1548 2599 ea,
1593 2542 1752 2601 quae
1782 2525 2014 2598 decuit,
2049 2539 2234 2586 mem-

157 2600 270 2662 bra
296 2602 556 2678 partitus
587 2609 703 2666 est.
784 2608 911 2667 Iam
939 2614 1146 2684 partes
1179 2607 1456 2685 singulas
1486 2627 1565 2671 ex
1591 2611 1812 2672 eodem
1842 2616 1905 2670 et
1927 2625 2006 2672 ex
2038 2607 2231 2670 altero

157 2692 220 2747 et
270 2702 348 2747 ex
399 2688 651 2749 materia
701 2692 1083 2767 temperavit.
1154 2691 1293 2753 Fuit
1339 2702 1541 2754 autem
1601 2694 1744 2755 talis
1795 2693 1897 2753 iila
1953 2691 2231 2770 partitio.

155 2786 338 2830 unam
386 2770 690 2848 principio
729 2781 966 2850 partem
998 2775 1262 2836 detraxit
1303 2792 1381 2837 ex
1434 2784 1595 2849 tote,
1648 2779 1988 2840 secundam
2027 2784 2234 2838 autem

157 2852 388 2928 primae
421 2856 610 2930 partis
643 2858 920 2933 duplam,
959 2858 1182 2920 deinde
1216 2859 1480 2934 tertiam,
1516 2877 1676 2935 quae
1703 2869 1875 2923 esset
1917 2862 2232 2922 secundae

156 2936 594 3011 sesquialtera,
628 2939 861 3016 primae
886 2941 1090 3018 tripla,
1128 2941 1351 3004 deinde
1386 2951 1690 3020 quartam,
1725 2961 1885 3021 quae
1915 2946 2230 3006 secundae

156 3020 344 3095 dupla
373 3029 571 3095 esset,
625 3024 898 3099 quintam
929 3026 1102 3098 inde,
1151 3044 1311 3103 quae
1343 3027 1560 3090 tertiae
1587 3027 1792 3105 tripla
1832 3037 1959 3089 tum
1990 3036 2230 3091 sextam

154 3106 465 3180 octuplam
501 3106 756 3182 primae,
816 3116 1132 3186 postremo
1179 3112 1534 3187 septimam,
1588 3130 1762 3189 quae·
1785 3119 2027 3189 septem
2056 3120 2119 3173 et
2151 3111 2231 3172 vi-

152 3187 301 3258 ginti
335 3190 606 3263 partibus
643 3195 1038 3254 antecederet
1077 3193 1325 3271 primae.
1399 3196 1637 3258 Deinde
1665 3195 1924 3258 instituit
1952 3198 2140 3272 dupla
2170 3201 2233 3255 et

155 3266 331 3341 tripla
379 3272 697 3335 intervalla
749 3279 1027 3351 expiere,
1080 3285 1285 3355 partes
1317 3296 1531 3341 rursus
1576 3297 1656 3343 ex
1698 3289 1829 3344 toto
1889 3281 2226 3342 desecans.

155 3363 310 3419 quas
340 3350 669 3418 intervallis
702 3356 785 3418 ita
815 3360 1081 3435 locabat,
1119 3370 1187 3423 ut
1216 3362 1273 3423 in
1299 3362 1552 3438 singulis
1578 3373 1791 3426 essent
1816 3364 1961 3425 bina
1996 3364 2225 3426 media:
