2381 3723
131 148 238 201 221
722 135 887 196 CAP.
917 146 1179 199 40—42.
1224 144 1275 206 S.
1309 141 1635 199 139—146.
2087 138 2211 200 411.

131 290 244 349 1116
284 304 435 349 vero
482 303 599 348 nec
651 286 747 347 sui
796 286 1018 348 oblitus
1067 293 1186 360 est,
1246 286 1349 362 qui
1394 295 1564 348 recte
1602 286 1778 365 vixit,
1841 305 1956 350 nec
2003 288 2214 366 iniquo

133 373 337 433 animo
385 371 541 433 mori
583 379 818 445 potest,
867 388 1052 446 quum
1092 372 1318 432 multos
1349 371 1654 447 relinquat
1684 390 1837 435 suae
1865 380 2060 434 testes
2090 391 2214 434 rne-

131 471 470 531 moresque
515 454 776 515 virtutis.
888 455 1023 515 144.
1082 454 1320 529 Quanto
1370 462 1573 515 autern
1623 456 1850 531 gaudio
1904 458 2216 517 exsultare

129 540 485 601 credendus
525 545 622 599 est
660 538 900 598 illorum
940 538 1210 610 animus,
1258 536 1362 612 qui
1395 539 1676 613 corporis
1709 540 2083 602 admixtione
2112 558 2217 602 so·

128 627 300 686 lutus
338 623 398 683 in
442 624 743 683 caelestes
785 621 960 697 ignes
997 620 1531 697 sempiternasque
1564 623 1818 697 domoS,
1855 625 2020 684 unde
2052 625 2216 685 exie-

127 715 258 780 rat,
305 706 558 767 revertit
578 708 607 765 ’ἓ
689 706 977 766 Profecto
1010 706 1166 766 enim
1200 722 1280 766 ex
1306 706 1515 766 divina
1545 716 1745 768 mente
1776 707 2079 769 delibatos
2110 710 2216 768 ha-

126 793 356 853 bemus
396 790 666 862 animoS,
712 789 818 863 qui
866 789 980 849 hac
1025 792 1183 851 mole
1224 789 1445 851 inclusi
1479 802 1797 867 tamquam
1840 802 2039 853 terrae
2076 810 2215 868 gra-

126 875 356 946 vitate,
402 875 493 935 sic
532 873 653 949 ipsi
694 873 877 934 nimio
917 874 1190 947 pondere
1235 873 1517 948 corporis
1558 875 2029 952 opprimuntur.
2099 876 2215 938 Ubi

126 966 339 1020 autem
370 957 556 1019 soluti
586 956 952 1033 corporibus
981 957 1062 1018 ad
1090 957 1374 1034 proprias
1403 959 1590 1019 sedes
1618 960 2048 1032 evolaverunt,
2087 967 2217 1021 tum

123 1058 283 1104 vere
316 1041 534 1103 vivunt
569 1058 681 1102 nec
717 1040 978 1115 libidini,
1016 1041 1346 1116 voluptati,
1394 1041 1593 1103 dolori
1623 1042 2088 1115 serviunt‚.sed
2119 1043 2217 1103 sui

128 1134 460 1204 compotes
499 1128 662 1186 nulla
704 1141 772 1185 re
812 1132 1147 1200 anguntur,
1196 1124 1341 1187 nihil
1382 1125 1736 1202 requirunt,
1786 1126 2070 1188 omnibus
2107 1126 2217 1186 im-

125 1217 371 1287 perant.
1431 1271 1466 1280 -„
1745 1237 1748 1240 ·

258 1295 433 1355 XLII.
488 1293 626 1353 145.
714 1296 905 1355 Recte
934 1293 1116 1369 igitur
1145 1293 1373 1355 dictum
1405 1301 1502 1355 est
1531 1310 1759 1371 corpus
1790 1301 2014 1355 terram
2048 1310 2212 1367 esse,

130 1386 403 1439 mentem
432 1383 636 1439 autem
669 1376 871 1452 ignem
902 1379 980 1438 de
1008 1380 1182 1440 caelo
1209 1380 1537 1453 sumptum.
1626 1379 1693 1437 Id
1717 1378 1885 1453 quod
1910 1380 2215 1439 clarorum

126 1464 404 1523 virorum
452 1468 597 1521 acta
633 1478 771 1522 cum
802 1461 1027 1522 virtute
1054 1461 1179 1522 vita
1209 1463 1691 1537 praeclaraeque
1720 1460 1995 1523 actiones
2039 1459 2217 1521 facile

129 1552 455 1607 testantur.
548 1546 679 1619 Quo
723 1546 910 1627 modo
953 1544 1110 1606 enim
1148 1552 1255 1606 aut
1293 1544 1493 1605 omnia
1523 1546 1827 1607 humanae
1855 1544 2019 1605 vitae
2050 1560 2219 1604 com-

130 1630 324 1691 moda
353 1636 774 1691 contemneret
799 1636 904 1690 aut
935 1626 1281 1705 voluptates
1315 1631 1566 1690 cunctas
1596 1646 1710 1706 pro
1743 1628 1929 1691 nihilo
1964 1629 2221 1689 duceret

128 1720 244 1775 aut
273 1712 457 1774 vitam
485 1713 686 1787 ipsam
716 1712 912 1773 laudis
938 1712 1403 1789 honestatisque
1424 1714 1621 1789 gratia
1643 1714 2073 1788 profunderet,
2113 1709 2218 1786 qui

128 1798 280 1858 nihil
314 1796 649 1874 quidquam
692 1797 771 1856 ad
810 1813 880 1857 se
916 1804 1161 1873 praeter
1190 1796 1342 1856 haec
1376 1796 1513 1872 ipsa
1542 1796 1851 1870 mortalia,
1900 1812 2060 1873 quae
2091 1805 2217 1854 ma·

128 1882 318 1943 nibus
369 1888 736 1954 contrectat,
794 1896 954 1956 quae
999 1880 1134 1941 terit
1176 1881 1471 1954 pedibus,
1521 1880 1831 1956 pertinere
1876 1879 2222 1954 cogitaret?

128 1969 389 2041 Verum·
410 1966 564 2025 haec
606 1981 731 2025 non
777 1963 860 2024 ita
888 1980 975 2026 ‘se
1006 1965 1252 2025 habent.
1339 1965 1580 2038 Corpus
1614 1964 1774 2024 enim
1810 1979 1846 2023 e
1873 1968 2039 2023 terra
2071 1978 2217 2022 con-

130 2056 372 2112 cretum
409 2057 529 2109 tam
562 2047 666 2109 diu
701 2047 1074 2113 terrestrium
1117 2064 1322 2109 rerum
1363 2046 1872 2131 amore‚ducitur,
1920 2046 2125 2119 quoad
2158 2044 2218 2104 in

128 2143 360 2196 terram
389 2132 616 2209 ipsam,
656 2134 823 2193 unde
852 2138 1052 2193 ortum
1075 2131 1279 2204 duxit,
1323 2137 1684 2191 revertatur.
1760 2126 2022 2190 Animus
2045 2145 2219 2202 vere,

131 2217 243 2294 qui
274 2234 324 2278 *e
353 2219 526 2278 caelo
570 2223 853 2293 sumptus
886 2221 1015 2290 est,
1059 2215 1497 2291 sempiternum
1532 2214 1821 2289 quiddam
1857 2220 1920 2274 et
1951 2213 2220 2273 caeleste

130 2300 373 2376 appetit
405 2317 520 2361 nec
560 2299 779 2360 iisdem
825 2299 1048 2374 quibus
1090 2315 1320 2375 corpus
1344 2298 1574 2375 ‚finibus
1606 2296 2011 2374 cogitationes
2045 2300 2219 2356 coer·-

133 2394 237 2447 cet
282 2401 447 2445 suas.
536 2386 751 2458 Itaque
793 2400 1120 2458 numquam
1173 2383 1499 2459 quiescere
1541 2384 1666 2444 nec'
1689 2388 1837 2443 vere
1868 2380 2077 2442 vivere
2107 2397 2226 2456 pu-

129 2470 363 2531 tandus
391 2474 523 2542 est,
544 2498 547 2503 ·
571 2483 750 2543 quam
787 2466 891 2528 diu
922 2483 1189 2544 corpore
1224 2470 1555 2528 conclusus
1594 2467 1821 2528 invitus
1851 2480 2052 2542 prope
2089 2480 2218 2523 mo-

133 2553 284 2613 dum
332 2551 575 2613 mortali
610 2553 755 2611 'labe
794 2550 1180 2627 terrenisque
1222 2550 1481 2611 vinculis
1518 2551 1857 2612 cohibetur.
1952 2547 2090 2610 146.·
2134 2550 2222 2608 At

129 2637 236 2698 illa
271 2635 480 2712 quanti
511 2643 689 2708 sunt,
729 2632 1304 2710 gravissimis'vitae
1344 2632 1656 2695 laboribus
1688 2633 1957 2705 liberari,
1999 2633 2060 2692 in
2092 2647 2218 2690 me·

133 2720 256 2782 diis
300 2718 623 2781 doloribus
652 2716 717 2780 et
747 2719 1056 2780 aerumnis
1093 2717 1555 2779 obdormiscere
1586 2724 1648 2776 et
1678 2716 1859 2792 quasi
1887 2713 2150 2776 emissos
2183 2727 2219 2772 e

131 2801 577 2866 molestissima
607 2802 770 2864 vitae
799 2801 1079 2865 custodia
1120 2802 1181 2862 in
1223 2800 1729 2862 iucundissimam
1759 2798 2219 2861 suavissimam-

133 2905 260 2964 que
295 2888 545 2949 domum
573 2887 951 2963 remigrare?
1034 2886 1171 2948 Huc
1209 2884 1369 2948 enim
1407 2883 1742 2962 pertinent,
1787 2886 1947 2960 quae
1980 2883 2057 2943 de
2086 2881 2218 2959 pio-

133 2989 272 3033 rum
308 2970 515 3047 quiete
554 2971 759 3047 deque
787 2972 1105 3047 voluptate
1147 2970 1278 3043 illa,
1327 2985 1449 3044 qua
1488 2966 1726 3043 egressi
1757 2984 1793 3029 e
1825 2967 1952 3028 vita
1993 2963 2223 3043 perfrui

131 3055 453 3127 dicuntur,
493 3054 800 3129 disputari
833 3071 869 3114 a
904 3054 1285 3132 sapientibus
1330 3055 1551 3115 solent.
1641 3051 1754 3126 Qui
1786 3067 1974 3127 quum
2006 3048 2222 3110 intelli·

130 3146 355 3216 gerent
384 3152 510 3199 non
543 3139 793 3200 fortuito
819 3145 924 3200 aut
943 3147 1174 3199 temere
1198 3144 1370 3198 satos
1395 3144 1457 3197 et
1478 3142 1723 3197 creatos
1746 3133 2029 3196 homines
2055 3148 2219 3205 esse,

131 3240 254 3284 nec
297 3223 514 3283 eadem
558 3223 780 3284 mereri
824 3225 1056 3294 bonoS‚
1104 3221 1220 3297 ¹qui
1269 3220 1470 3282 multis
1517 3220 1855 3280 exanclatis
1902 3216 2219 3279 laboribus

132 3307 327 3368 vitam
366 3306 426 3366 in
458 3305 662 3385 medio
700 3307 918 3368 dolore
949 3305 1329 3378 amisissent,
1372 3307 1433 3364 et
1460 3303 1810 3379 improboS,
1863 3319 2124 3376 quorum
2161 3299 2220 3358 in

134 3389 459 3468 patrandis
506 3385 752 3466 flagitiis
798 3406 1047 3467 semper
1094 3398 1193 3449 est
1230 3389 1486 3450 animus·
1526 3385 1941 3463 cogitatioque
1996 3382 2221 3455 defixa,
