2381 3723
649 91 791 152 LlB.
824 92 920 154 Ill.
970 94 1138 155 CAP.
1183 104 1405 158 21-23,
1459 105 1510 166 5.
1554 106 1774 156 84—90.
2127 97 2244 158 105

171 237 229 303 in
281 256 407 315 quo
451 257 579 302 non
607 252 836 319 potest
879 261 1024 307 esse
1067 245 1299 322 gloria:
1345 245 1438 307 sin
1471 246 1647 323 ipsae
1685 263 1841 322 opes
1873 257 2263 323 expetuntur

172 340 429 402 quoquo
460 325 685 403 modo,
732 345 855 389 non
890 337 1181 404 poterunt
1211 330 1391 397 utiles
1423 346 1570 397 esse
1605 329 2044 401 eum‘inl‘amia.
2111 334 2244 392 Non

170 407 356 491 igitur
401 409 566 472 utilis
607 411 714 471 illa
753 413 819 477 L.
856 412 1117 490 Philippi
1164 413 1231 487 Q.
1261 415 1327 481 F
1374 414 1711 480 sententia:
1760 431 1918 489 quas
1964 415 2247 477 civitates

170 495 235 554 L.
261 492 435 557 Sulla
458 495 725 575 pecunia
747 507 1012 573 accepta
1031 515 1115 561 ex
1140 511 1395 563 senatus
1422 501 1709 595 eonsulto
1740 499 2148 569 liberavisset,
2179 508 2249 560 ut

171 594 283 641 eae
312 595 535 655 rursus
569 580 904 659 vectigales
939 589 1153 645 essent
1181 598 1391 659 neque
1420 582 1494 645 iis
1520 582 1875 658 pecuniam,
1914 600 2097 659 quam
2130 601 2245 659 pro

169 658 455 729 libertate
495 664 817 737 dederant,
864 667 1290 731 redderemus.
1381 665 1453 731 Ei
1497 675 1755 733 senatus
1783 675 1885 731 est
1912 668 2242 729 adsensus.

169 746 375 823 Turpe
407 746 696 823 imperio!
741 748 1082 815 piratarum
1103 750 1272 815 enim
1301 749 1520 813 melior
1561 751 1717 816 fides
1750 767 1934 826 quam
1963 759 2242 815 senatus.

168 834 274 897 ‘At
305 839 491 917 aucta
518 833 857 907 vectigalia,
888 835 1035 897 utile
1054 833 1282 911 igitur!
1328 837 1671 909 Quousque
1695 835 2018 899 audebunt
2039 836 2247 898 dicere

170 915 514 991 quidquam
569 917 721 982 utile
767 919 938 993 quod
992 935 1115 980 non
1158 918 1559 987 honestum?
1612 917 1715 983 88.
1783 918 1998 982 Potest
2040 928 2247 980 autem

167 999 275 1061 ulli
320 1000 605 1081 irnperio,
653 1002 822 1077 quod
849 1002 1047 1078 gloria
1075 1002 1265 1073 debet
1292 1003 1512 1071 fultum
1546 1016 1692 1067 esse
1723 1010 1797 1065 et
1814 1003 2250 1065 benevolentia

169 1085 522 1162 sociorum,
582 1086 766 1147 utile
778 1102 923 1147 esse
978 1087 1188 1153 odium
1235 1093 1298 1147 et
1340 1085 1628 1155 infamia?
1700 1086 1830 1160 Ego
1879 1086 2062 1149 etiam
2108 1103 2249 1147 cum

169 1169 408 1231 catone
450 1185 591 1233 meo
635 1187 830 1246 saepe
874 1170 1165 1235 dissensi.
1252 1169 1443 1235 Nimis
1494 1169 1638 1233 milii
1685 1170 2032 1244 praefracte
2082 1170 2249 1231 vide-

166 1255 352 1315 batur
396 1254 699 1315 aerarium
746 1250 1196 1331 vectigaliaque
1238 1254 1605 1324 defendere,
1649 1251 1861 1317 omnia
1903 1253 2249 1329 publicanis

168 1354 432 1414 negare,
479 1334 670 1401 multa
714 1339 934 1416 sociis,
983 1356 1172 1414 quum
1218 1338 1278 1398 in
1324 1337 1441 1409 hos
1487 1337 1752 1405 benefici
1796 1353 1942 1406 esse
1987 1337 2245 1401 debere-

169 1440 329 1492 mus,
378 1439 515 1486 cum
548 1422 665 1483 illis
698 1423 789 1487 sie
819 1439 1023 1498 agere,
1071 1431 1140 1487 ut
1168 1439 1306 1487 cum
1338 1422 1582 1493 colonis
1612 1420 1847 1489 nostris
1876 1425 2248 1487 soleremus.

169 1523 378 1584 eoque
424 1508 639 1593 magis,
688 1509 858 1583 quod
904 1506 1006 1567 illa
1041 1506 1323 1578 ordinum
1372 1506 1724 1575 coniunctio
1755 1507 1836 1569 ad
1868 1509 2131 1589 salutem
2160 1504 2252 1568 rei

171 1584 459 1668 publicae
486 1592 854 1668 pertinebat.
899 1591 1063 1652 Male
1079 1591 1264 1655 etiam
1290 1589 1492 1660 Curio,
1520 1607 1715 1667 quum
1743 1607 1996 1657 causam
2026 1591 2248 1653 Trans·

171 1678 558 1752 padanorum
601 1692 869 1752 aequam
917 1690 1060 1737 esse
1105 1676 1366 1745 dicebat,
1414 1693 1668 1751 semper
1697 1683 1904 1743 autem
1949 1674 2247 1741 addebat:

170 1761 424 1823 ‘Vincat
466 1760 763 1823 utilitasl’
850 1760 1062 1827 Potius
1109 1760 1347 1833 diceret
1391 1777 1515 1821 non
1558 1775 1708 1825 >esse
1745 1775 2045 1834 aequam,
2106 1757 2254 1832 quia

170 1864 295 1908 non
326 1853 497 1909 esset
525 1844 692 1910 utilis
722 1844 811 1910 rei
827 1845 1147 1924 publicae,
1185 1861 1370 1921 quam
1403 1860 1593 1919 quum
1624 1858 1748 1904 non
1775 1843 1984 1903 utilem
2016 1843 2254 1904 diceret

171 1948 349 2002 esse,
396 1946 660 2007 aequam
705 1932 1019 2006 fateretur.

298 2016 514 2082 xxm.
548 2014 663 2097 (89.
726 2015 953 2078 Plenus
999 2021 1098 2074 est
1140 2020 1359 2077 sextus
1402 2012 1562 2073 libe}
1600 2010 1685 2071 de
1730 2008 1954 2073 officiis
1983 2009 2253 2074 Hecato-

168 2102 266 2162 nis
298 2101 512 2161 talium
539 2098 1007 2176 quaestionum.
1055 2097 1258 2162 ‘Sitne
1283 2094 1434 2158 boni
1468 2094 1580 2155 viri
1603 2095 1662 2153 in
1695 2093 1967 2160 maxima
1992 2091 2255 2153 caritate

167 2201 464 2247 annonae
479 2183 773 2250 familiam
805 2199 930 2244 non
958 2182 1196 2244 alere?
1252 2181 1319 2241 In
1342 2187 1669 2254 utramque
1691 2185 1928 2255 partem
1952 2177 2251 2253 disputat,
2330 2216 2338 2230 -

169 2272 285 2331 sed
331 2278 539 2329 tamen
584 2269 661 2328 ad
707 2274 1049 2333 extremum
1084 2264 1362 2334 utilitate,
1410 2271 1479 2338 ιιι
1509 2270 1698 2339 putat,
1740 2261 2021 2326 officium
2050 2261 2258 2335 dirigit

172 2355 370 2436 magis
428 2369 614 2434 quam
653 2352 1054 2416 humanitate.
1145 2349 1422 2424 Quaerit,
1468 2347 1548 2414 si
1592 2347 1653 2409 in
1680 2344 1840 2412 mari
1883 2345 2122 2418 iactura
2169 2348 2254 2407 sa-

172 2440 395 2499 cienda
428 2439 526 2513 sit,
564 2436 790 2512 equine
811 2435 1092 2514 preciosi
1129 2434 1338 2511 potius
1372 2433 1667 2503 iacturam
1700 2430 1886 2502 faeiat
1914 2447 1991 2492 an
2016 2428 2257 2494 servuli

173 2524 385 2587 vilis?'
452 2523 569 2584 Hic
624 2521 746 2596 alio
779 2536 897 2597 res
944 2517 1287 2588 familiaris,
1333 2518 1454 2577 alio
1486 2514 1656 2580 ducit
1699 2513 2066 2584 humanitas
2155 2512 2257 2572 ‘Si

169 2609 447 2673 tabulam
480 2606 560 2668 de
589 2604 912 2680 naufragio
949 2606 1188 2676 stultus
1205 2599 1567 2676 adripuerit,
1609 2597 2086 2671 extorquebitne
2116 2612 2257 2658 eam

170 2693 448 2775 sapiens,
491 2690 548 2754 si
591 2690 924 2767 potuerit?
1012 2690 1226 2763 Negat,
1274 2685 1444 2762 ‘quia
1488 2683 1568 2751 sit
1611 2681 1944 2744 iniurium-⁹
2035 2677 2260 2753 ‘Quid‘t

172 2777 466 2852 dominus
494 2774 700 2838 navis
713 2772 1012 2870 eripietne
1052 2767 1836 2842 suun1?’‘Minime‚non
1870 2766 2024 2842 plus
2070 2780 2256 2841 quam

171 2862 569 2938 navigantem
631 2859 695 2934 in
748 2860 878 2922 alto
926 2857 1152 2932 eiicere
1209 2856 1289 2916 de
1342 2853 1490 2920 navi
1546 2851 1724 2925 velit,
1789 2850 1935 2926 quia
1989 2867 2104 2920 sua
2160 2849 2258 2910 sit.

171 2946 414 3021 Quoad
438 2943 601 3008 enim
630 2952 1000 3022 perventum
1027 2942 1112 3006 sit
1132 2956 1237 3008 eo.
1286 2956 1411 3015 qno
1457 2925 1707 3083 sum9pta
1750 2936 1927 3006 navis
1974 2942 2088 3008 est,
2132 2949 2259 2995 non

170 3030 409 3091 domini
460 3037 558 3092 est
601 3027 809 3099 navis,
863 3026 983 3090 sed
1029 3023 1490 3100 navigantium?
1749 3019 1973 3097 ‘Quidi
2039 3017 2093 3078 si
2137 3032 2262 3076 una

169 3117 382 3184 tabula
429 3114 529 3192 sit,
579 3113 703 3180 duo
734 3108 1021 3185 naufragi
1053 3109 1248 3185 eique
1272 3087 1614 3183 sapientes,
1621 3021 1779 3170 osilui
1809 3109 2033 3170 neuter
2062 3098 2264 3174 rapiat

174 3217 248 3261 an
297 3204 461 3262 alter
489 3197 677 3267 eedat
704 3196 946 3258 alterii’
994 3194 1210 3255 ‘Cedat
1244 3207 1414 3264 vero,
1464 3190 1576 3251 sed
1606 3187 1686 3261 ei,
1732 3186 1910 3248 cuius
1945 3182 2138 3259 magis
2173 3184 2260 3241 in

175 3286 353 3348 tersit
400 3286 504 3344 vel
548 3298 665 3343 sua
696 3282 796 3340 vel
833 3278 930 3340 rei
963 3278 1250 3354 publicae
1290 3290 1479 3338 causa
1517 3272 1753 3331 vivere.
1759 3272 1778 3301 ’
1811 3301 1893 3313 --
1941 3267 2164 3340 ‘Quint‘
2211 3267 2261 3321 si

175 3371 327 3436 haec
375 3366 554 3448 paria
598 3369 659 3444 in
695 3349 1026 3440 utroque?
1096 3362 1365 3424 Nullum
1411 3355 1526 3416 erit
1559 3359 1888 3417 certamen,
1937 3348 2081 3408 sed
2077 3343 2260 3419 quasi
