2381 3723
250 170 357 225 213
830 157 997 219 CAP.
1028 166 1293 222 29—32.
1336 167 1388 227 §-
1426 168 1752 222 104—112.
2207 164 2333 226 403

252 328 331 371 ex
373 308 682 372 veteribus
729 308 950 369 mentis
996 309 1371 385 praestantia
1411 326 1483 371 ac
1525 312 1942 387 magnitudine
1976 314 2157 376 animi
2189 333 2332 378 con-

253 394 596 454 serendam!
640 394 771 452 Non
806 392 966 452 enim
991 392 1189 454 dolori
1215 394 1557 469 concessit,
1590 397 1702 457 sed
1725 396 1964 472 potina,
2003 416 2191 473 quum
2216 400 2332 460 vir-

250 485 379 538 tute
415 475 692 549 vicisset,
737 475 957 536 victrix
986 476 1065 536 de
1096 477 1312 538 dolore
1339 477 1712 556 triumphum
1744 481 1887 556 egit.
1983 481 2121 543 109.
2175 483 2331 543 Nihil

249 562 365 621 iam
413 559 698 622 Rutiliam
743 558 1065 634 miremur,
1128 577 1288 636 quae
1332 561 1395 621 C.
1434 562 1671 624 Cottam
1717 564 1906 626 filium
1946 564 2009 625 in
2046 561 2331 627 exsilium

251 650 492 717 secuta,
538 661 726 719 quum
768 652 992 719 postea
1020 660 1340 705 reversum
1371 644 1431 705 in
1457 646 1719 722 patriam
1750 647 2089 723 amisisset,
2142 666 2326 711 nemo

248 744 386 788 eam
438 729 853 787 lacrimantem
901 737 1048 804 post
1099 729 1325 789 elatum
1376 730 1559 792 sunus
1614 730 1783 792 vidit.
1879 732 2145 809 Parique
2199 735 2325 794 sato

248 810 460 872 Clodia
484 827 600 871 usa
631 819 753 883 est,
801 827 959 887 quae
995 813 1065 871 D.
1090 813 1343 873 Brutum
1374 813 1562 875 filium
1596 818 1981 877 consularem
2019 824 2328 879 mortuum

243 901 568 971 superstes
609 892 765 955 vidit
804 911 1007 970 neque
1048 903 1249 955 tamen
1285 896 1417 957 eius
1447 898 1679 959 obitum
1709 916 1832 960 non
1863 900 2101 962 fortiter
2127 908 2190 961 et
2221 918 2324 977 pa-

240 978 418 1039 tienti
466 977 669 1039 animo
714 978 871 1039 tulit.
967 979 1135 1053 Quae
1183 979 1420 1041 virtutis
1472 998 1598 1042 non
1648 983 1927 1058 vulgaria
1953 983 2034 1043 ¹in
2084 983 2324 1044 feminis

243 1065 530 1137 exempla
573 1061 775 1122 mirari
814 1061 1034 1138 aliquis
1078 1062 1307 1139 possit,
1356 1064 1460 1139 qui
1502 1082 1693 1127 sexus
1739 1065 2213 1127 imbecillitatem
2251 1082 2326 1126 ac

241 1145 556 1207 mollitiem
603 1145 848 1221 cogitet.
936 1147 1023 1206 At
1063 1162 1251 1221 vero,
1300 1146 1406 1223 qui
1446 1149 1798 1211 fortissimis
1834 1148 2073 1226 genitas
2104 1167 2325 1227 paren-

239 1230 406 1291 tibus
452 1235 513 1289 et
561 1230 818 1290 fortibus
864 1229 1046 1289 etiam
1087 1230 1221 1291 avis
1251 1232 1715 1309 maioribusque
1744 1240 2083 1310 prognatas
2114 1250 2325 1294 recor-

241 1316 424 1375 datus
456 1312 666 1385 fuerit,
714 1312 897 1374 nihilo
930 1314 1007 1373 ab
1041 1312 1128 1374 eis
1154 1313 1450 1376 minorem
1474 1319 1573 1376 vel
1598 1315 1987 1392 prudentiam
2018 1319 2115 1378 vel
2138 1314 2325 1377 animi

241 1397 719 1473 magnitudinem
755 1396 1059 1472 requirat.

363 1480 599 1541 XXXII.
651 1480 788 1540 110.
875 1482 986 1541 Est
1027 1496 1174 1555 ergo
1206 1482 1331 1542 ulla
1358 1498 1459 1543 res
1495 1483 1646 1544 tanti
1675 1491 1782 1545 aut
1809 1485 2199 1546 commodum
2231 1485 2322 1544 ul·

230 1568 366 1625 ilum
393 1572 516 1625 tam
549 1564 991 1639 expetendum,
1038 1571 1107 1624 ut
1137 1563 1240 1625 illo
1272 1565 1499 1627 amisso
1539 1584 1616 1627 ne
1645 1568 2031 1644 prudentiam
2073 1567 2323 1644 quidem

239 1647 653 1709 retineamus?
741 1647 908 1720 Quae
957 1647 1012 1709 si
1063 1649 1186 1708 ulla
1236 1648 1295 1707 in
1345 1649 1525 1711 nobis
1567 1652 1830 1725 residet,
1874 1669 1992 1713 nos
2041 1652 2320 1729 profecto

241 1734 342 1792 vel
400 1731 598 1792 avitae
642 1732 743 1790 vel
797 1729 1027 1807 patriae
1073 1730 1312 1792 virtutis
1355 1735 1646 1794 admonet
1693 1752 1807 1795 nec
1849 1736 1928 1796 de
1969 1735 2318 1806 PisonibuS,

235 1814 478 1889 Fabiis,
523 1813 758 1888 BrutiS,
789 1813 1096 1876 Marcellis
1131 1815 1471 1892 cogitantes
1506 1833 1666 1893 quos
1701 1817 2003 1889 imitemur
2032 1826 2095 1879 et
2126 1834 2163 1878 a
2191 1816 2320 1892 qui·

237 1902 358 1961 bus
404 1905 601 1960 ortum
633 1899 929 1959 ducamus
964 1899 1356 1960 immemores
1390 1916 1533 1960 esse
1565 1899 1810 1977 patitur.
1906 1903 2041 1960 111.
2083 1903 2321 1962 Horum

237 1983 402 2044 enim
424 1981 607 2044 armis
630 1980 866 2057 imperii
889 1981 1044 2042 fines
1070 1982 1355 2057 producti
1379 1990 1550 2056 sunt,
1581 1985 1797 2044 horum
1823 1983 2123 2057 sanguine
2144 1991 2320 2060 parta

235 2083 313 2128 ac
361 2065 626 2128 stabilita
676 2065 948 2138 libertas,
1001 2066 1221 2126 horum
1270 2066 1537 2140 denique
1591 2067 1802 2129 labore
1846 2083 1920 2127 ac
1966 2066 2172 2128 studio
2213 2082 2316 2126 res

235 2150 484 2225 publica
537 2149 615 2208 ad
666 2155 892 2215 tantam
923 2148 1219 2223 ‘pervenit
1255 2148 1389 2209 sive
1426 2150 1685 2210 bellicae
1716 2149 1912 2210 laudis
1945 2149 2080 2210 sive
2109 2150 2318 2210 dome-

236 2234 431 2295 sticae
471 2232 707 2293 virtutis
749 2231 1024 2308 gloriam.
1114 2232 1384 2306 Quorum
1430 2231 1492 2293 in
1525 2232 1785 2310 vestigia
1827 2233 2045 2308 pedem
2080 2248 2318 2309 ponere

239 2323 516 2394 oportet,
551 2316 653 2393 qui
682 2315 1064 2376 laudabiliter
1092 2314 1308 2377 vivere
1333 2315 1562 2393 quique
1582 2316 1862 2378 honestis
1885 2316 1945 2376 in
1971 2316 2317 2377 actionibus

236 2399 516 2460 exerceri
552 2400 770 2461 volunt
809 2412 925 2460 nec
966 2401 1091 2460 ullo
1138 2399 1360 2461 mentis
1398 2417 1609 2462 errore
1645 2402 1723 2461 ad
1756 2399 2000 2461 nimium
2035 2401 2317 2462 dolorem

237 2490 426 2559 atque
475 2482 773 2545 insaniam
826 2482 1084 2543 traduci.
1184 2482 1648 2545 Nominavimus
1705 2491 1998 2546 externos
2054 2499 2315 2560 magnos

238 2570 568 2643 clarosque
617 2566 814 2640 viros,
873 2565 1231 2642 collegimus
1284 2568 1363 2627 de
1418 2567 1646 2628 nostris
1701 2568 2033 2643 plurimoS,
2091 2567 2315 2644 quibus

236 2650 455 2712 mortis
486 2666 710 2711 sensus
744 2667 868 2711 non
898 2649 1085 2710 modo
1117 2666 1242 2709 non
1275 2649 1583 2725 ingratuS,
1618 2651 1942 2711 sedetiam
1976 2657 2223 2726 optatus
2255 2655 2318 2709 et

233 2735 541 2796 iucundus
575 2733 813 2795 accidit.
906 2733 1220 2805 Addatur,
1276 2733 1330 2794 si
1371 2735 1604 2808 placet,
1662 2732 1841 2793 etiam
1880 2734 2314 2804 TherameneS,

234 2818 345 2894 qui
372 2834 610 2879 veneno
645 2825 828 2893 epoto
848 2865 862 2889 ,
904 2815 1168 2876 maxima
1194 2816 1501 2892 aequitate
1530 2816 1740 2890 animi,
1775 2816 1996 2878 ludens
2024 2816 2085 2877 in
2118 2823 2316 2876 morte

235 2903 406 2977 quod
437 2909 568 2962 erat
595 2901 653 2961 in
692 2903 914 2977 poculo
945 2899 1247 2974 reliquum
1279 2900 1495 2960 Critiae
1528 2899 1894 2977 propinavit.
1971 2899 2113 2961 112.
2148 2901 2313 2974 Ergo

231 2985 336 3045 ille
381 2984 441 3045 in
485 3002 598 3047 sua
643 2992 839 3045 morte
871 2983 959 3043 vir
990 2985 1194 3045 clarus
1222 2991 1285 3044 et
1311 2986 1560 3060 sapiens
1592 2985 1871 3045 ludebat:
1921 3001 2039 3045 nos
2070 2984 2131 3044 in
2163 2982 2314 3043 filio-

233 3086 369 3129 rum
400 3081 506 3129 aut
535 3067 827 3130 adfinium
862 3075 1056 3128 morte
1084 3067 1468 3142 lugebimus?
1514 3075 1576 3129 et
1604 3074 1879 3129 veterum
1904 3067 2065 3128 dicta
2090 3064 2313 3127 cotidie

231 3155 514 3228 legentes
572 3161 758 3228 atque
812 3151 1206 3212 addiscentes
1267 3153 1584 3228 praeclara
1628 3151 1960 3224 ducemuS,
2029 3150 2312 3224 exempla

230 3235 735 3312 repudiabimus?
789 3243 893 3296 aut
921 3251 1053 3295 eam
1085 3233 1302 3308 vitam,
1350 3251 1508 3310 quae
1536 3241 1796 3295 mortem
1825 3235 1982 3295 hanc
2016 3249 2311 3296 consecu-

230 3328 372 3380 tura
412 3327 537 3393 est,
582 3320 1016 3391 immortalem,
1061 3318 1330 3390 beatam,
1374 3335 1413 3378 a
1443 3318 1700 3380 miseriis
1739 3317 2021 3379 omnibus
2053 3332 2310 3378 vacuam

231 3403 659 3479 negligemus?
735 3401 1023 3478 Quamvis
1059 3401 1219 3462 enim
1251 3403 1479 3463 nudum
1516 3419 1745 3480 corpus
1768 3408 1848 3545 2εὲ
1864 3400 2150 3523 *exanime
2186 3397 2309 3458 dis—
