2381 3723
195 152 300 208 143
955 142 1514 204 POEMATORUM.
2147 145 2272 210 333

189 298 364 358 Haec
389 313 465 356 ne
479 340 494 369 ,
539 297 594 355 si
610 297 850 372 pluviae
874 298 1076 372 cupies
1101 313 1451 371 cognoscere
1477 301 1708 371 sortem,

187 382 503 457 Despicias
516 426 531 452 ,
574 397 684 442 nec
713 396 890 455 quum
915 384 1080 442 solito
1109 383 1429 442 maioribus
1455 383 1618 442 ausis
2169 394 2272 449 245

191 467 573 541 Purpureum
605 480 844 528 muscae
870 471 1104 525 certant
1127 466 1379 526 haurire
1406 481 1692 540 cruorem,
1915 491 1922 498 ·
2191 462 2196 465 Α

194 551 313 610 Aut
338 556 505 610 nocte
531 550 822 625 incipiunt
836 556 1048 624 putres
1074 565 1452 611 concrescere
1473 548 1661 624 funqi

191 633 451 694 Ardenti
476 637 536 694 in
567 639 712 694 testa
725 679 740 707 ‚
766 634 1004 709 pelidae
1031 637 1125 694 vel
1147 641 1407 710 tempore
1433 634 1678 697 brumae

190 717 366 779 Nunc
390 735 454 779 se
482 718 746 779 submisit
773 718 1046 779 sublimes
1077 719 1267 780 ardor
1295 721 1357 778 in
1385 728 1598 793 auras,

189 802 273 862 Et
308 819 468 864 nunc
501 802 779 863 deciduos
807 805 972 876 iones
999 819 1269 863 vomuere
1296 806 1577 864 lucernae
2169 815 2275 867 250

189 886 482 962 Ampullis
507 888 725 948 similes
757 893 1026 947 tenuesve
1055 904 1094 946 a
1121 890 1339 948 lumine
1370 903 1592 948 summo

186 972 518 1032 Dimanant
547 972 738 1045 radii,
767 987 871 1032 seu
900 970 1063 1043 forte
1092 977 1313 1032 aestate
1342 988 1559 1035 serena

192 1057 534 1132 Conspicias
567 1056 784 1116 densas
817 1061 1062 1115 anatum
1090 1058 1337 1117 volitare
1369 1063 1666 1130 catervas,

188 1141 311 1200 Aut
339 1142 470 1215 iani
494 1141 796 1216 appositas
824 1143 1002 1201 multo
1031 1157 1165 1201 cum
1193 1143 1413 1200 lumine
1440 1143 1638 1202 cernis

187 1225 531 1285 Scintiltare
559 1226 707 1285 ollas
734 1230 794 1283 et
816 1226 994 1284 multo
1028 1241 1108 1284 ecc
1136 1241 1280 1285 aere
1306 1225 1542 1299 lebetes,
2166 1235 2269 1289 255

184 1310 265 1369 In
292 1311 548 1371 cinerive
579 1308 741 1368 vides
768 1310 982 1369 rutilas
1007 1309 1265 1369 carbone
1293 1312 1512 1384 tepenti
1587 1334 1592 1339 ·

185 1393 499 1467 Effervere
525 1400 719 1465 notas,
746 1391 954 1465 forma
984 1408 1100 1453 non
1131 1393 1377 1468 dispare
1404 1396 1694 1456 cenchris.

186 1479 360 1540 Haec
387 1484 558 1539 catus
583 1478 827 1538 observa
854 1483 912 1537 et
930 1479 1199 1553 pluviam
1228 1493 1480 1552 sperare
1505 1486 1805 1542 memento.

186 1563 408 1636 Infima
436 1564 492 1622 si
519 1564 728 1622 montis
756 1561 959 1621 videas
985 1564 1111 1629 sola
1137 1567 1353 1622 cuncta
1384 1564 1635 1624 tenebris

189 1647 274 1705 Et
299 1662 484 1707 caeca
514 1647 737 1707 obvolvi
760 1645 975 1706 nebula
1003 1661 1405 1722 summumque
1431 1663 1717 1709 cacumen
2164 1657 2271 1711 260

189 1729 373 1791 Nulla
406 1731 556 1791 nube
575 1732 808 1807 premi,
840 1730 1124 1791 candenti
1147 1730 1273 1802 fide
1304 1748 1530 1793 sereno.

189 1815 344 1875 Fide
370 1830 577 1876 sereno
603 1817 777 1876 etiam
801 1816 973 1891 ponti
995 1831 1178 1891 super
1206 1830 1468 1889 aequora
1494 1815 1663 1890 ferri

188 1899 407 1959 Nubila
439 1902 496 1960 si
517 1916 736 1960 cernas
751 1946 765 1970 ‚
795 1899 906 1959 sed
929 1901 1192 1960 nondum
1224 1916 1467 1972 verpere
1499 1903 1561 1959 in
1592 1903 1775 1960 altum
1791 1946 1806 1973 ,

189 1984 310 2043 Ceu
333 1986 549 2058 pelaqo
575 1985 864 2044 eminulas
892 1983 1096 2043 videas
1121 1999 1479 2057 consurqere
1504 2001 1705 2059 rupes.

189 2068 380 2138 Quum
408 2069 619 2128 renitet
643 2068 883 2139 sudum,
914 2072 1222 2127 venturam
1250 2069 1485 2141 inquire
1499 2070 1859 2143 procellam:
2162 2075 2265 2130 265

189 2151 494 2226 Quumque
513 2154 785 2226 procella
808 2150 996 2224 furit,
1027 2151 1271 2211 sudum.-
1301 2157 1477 2225 atque
1504 2158 1643 2212 ante
1670 2153 1868 2213 omnia
1899 2150 2169 2235 Phatnen

187 2235 429 2310 Aspice,
460 2251 614 2310 quae
640 2238 812 2296 curvi
835 2237 1114 2296 conclusa
1142 2241 1231 2295 est
1259 2234 1455 2295 sidere
1486 2235 1733 2308 Cancri,

184 2320 452 2379 Primum
480 2319 628 2379 adeo
659 2319 934 2379 abstersis
961 2334 1139 2393 quum
1162 2317 1363 2393 fulqet
1376 2336 1545 2395 pura
1578 2321 1858 2381 tenebris:

184 2402 324 2463 Hac
351 2419 514 2477 pura
540 2404 726 2463 subito
753 2408 1063 2479 tempestas
1086 2403 1337 2463 horrida
1369 2406 1543 2465 cedit.

185 2486 348 2546 Hinc
380 2489 595 2547 tacitae
624 2490 685 2546 in
714 2487 942 2562 lychnis
963 2489 1248 2560 flammae
1280 2487 1676 2563 blandumque
1702 2502 2029 2549 susurrans
2162 2490 2267 2547 270

185 2570 416 2630 Noctua
443 2571 550 2630 sub
578 2571 833 2631 mediam
856 2576 1081 2631 noctem
1096 2616 1110 2643 ,
1139 2586 1507 2630 marcescere
1532 2573 1747 2631 sensim

183 2653 551 2714 Horrisonas
582 2661 911 2714 monstrant
949 2655 1186 2729 hiemes,
1217 2664 1276 2715 et
1305 2670 1546 2729 vespere
1573 2670 1705 2714 sero

199 2738 355 2798 Voce
383 2754 603 2798 canens
631 2740 803 2798 varia
823 2739 1129 2813 placidum
1158 2739 1465 2799 cornicula
1496 2753 1756 2797 carmen.

184 2821 401 2880 Rauca
432 2824 609 2882 etiam
630 2824 892 2897 primum
920 2824 1032 2883 soli
1057 2829 1197 2883 tunc
1223 2838 1531 2882 murmura
1556 2824 1721 2881 corvi

184 2904 567 2979 Inqeminant
593 2913 652 2966 et
670 2923 734 2967 se
759 2922 976 2981 macno
994 2913 1134 2981 post
1159 2908 1395 2982 aymine
1423 2908 1699 2980 iunqunt,
2162 2909 2265 2965 275

184 2987 377 3062 Atque
404 2991 604 3049 alacri
628 2991 873 3051 subeunt
899 2997 1190 3051 nocturna
1221 2991 1439 3054 cubilia
1468 2994 1666 3050 turma

188 3072 508 3133 Cantantes
539 3077 818 3134 multum:
848 3076 1088 3135 multum
1113 3075 1385 3150 paudere
1397 3079 1678 3150 putares,

123 3166 137 3178 “
183 3154 288 3216 Sic
316 3157 500 3217 laetos
520 3160 751 3217 mixtim
782 3161 1008 3219 iactant
1036 3175 1220 3234 super
1252 3160 1495 3220 aethera
1522 3164 1733 3219 cantus
1746 3179 1765 3217 .·

182 3238 268 3298 Et
292 3241 386 3299 vel
421 3242 482 3300 in
510 3244 695 3303 aeriis
720 3246 907 3303 ramis
931 3244 1020 3303 vel
1048 3244 1112 3301 in
1141 3243 1355 3303 arbore
1380 3258 1608 3303 summa

182 3321 539 3384 Concutiunt
563 3326 816 3386 reduces
844 3327 968 3386 Eoo
997 3332 1253 3402 tempore
1276 3344 1526 3402 pennas.
2162 3329 2264 3383 280

193 3405 360 3467 Tunc
388 3410 670 3471 immensa
693 3427 910 3484 aruum
939 3412 1141 3472 videas
1170 3414 1431 3472 veniente
1458 3427 1664 3474 sereno
