2381 3723
232 133 359 197 348
1035 81 1517 192 FRAGMENTA
2232 139 2322 195 ιω

363 288 422 346 7.
466 332 481 346 .
509 330 523 344 .
551 329 565 344 .
590 329 605 346 .
631 283 905 345 infelices
948 299 1094 344 esse
1134 299 1279 356 eOS,
1333 283 1438 359 qui
1471 280 1676 344 omnia
1715 280 1832 344 sibi
1884 279 2080 343 licere
2124 245 2321 344 effisti·

238 378 491 432 marem.
562 383 961 451 [Ammianus
996 380 1421 433 Marcellinus
1460 380 1548 432 lib.
1585 380 1769 434 XXVI.
1809 395 1923 446 cap.
1966 381 2053 435 10.
2088 382 2145 445 S.
2190 380 2291 450 12]

359 467 417 530 8.
464 469 511 530 Ο
546 469 865 541 miserum,
897 467 994 528 cui
1031 482 1295 543 peccare
1324 466 1576 528 licebat!
1645 478 2206 546 [Augustinus-de
2229 481 2317 531 civ.

235 553 318 603 dei
356 554 440 604 lib.
478 554 542 606 V.
593 568 707 619 cap.
740 555 827 604 27.
874 552 1018 602 Tom.
1059 552 1122 601 V.
1159 566 1212 617 p.
1249 550 1370 602 334.
1444 549 1809 599 Marcianus
1859 546 2060 616 capell.
2110 565 2176 615 p.
2208 552 2318 604 42⁶.

234 621 367 671 conf.
406 620 559 671 Tunc.
598 623 693 675 lib.
733 622 799 673 V.
840 634 955 687 cap.
995 618 1103 685 19.]

361 689 453 763 [9.
502 703 646 763 Quod
682 718 711 752 e
745 702 983 762 Quinctil.
1021 702 1111 756 lib.
1150 700 1241 754 lx.
1289 715 1406 767 cap.
1443 703 1496 752 4.
1543 701 1593 761 S.
1635 700 1755 752 104.
1804 699 1889 750 hic
1925 698 2083 766 vulgo
2120 702 2323 765 ponitur

232 784 601 851 fragmentum:
670 786 887 832 omncs
916 787 1113 846 prope
1143 770 1314 830 cives
1348 768 1601 842 virtute,
1629 766 1859 845 gloria,
1894 767 2201 843 dignitate
2232 786 2318 830 su-

233 855 517 929 perabat,
549 869 602 920 id
638 869 848 920 totidem
882 869 1062 919 litteris
1100 868 1289 936 legitur
1325 869 1459 934 apud
1494 868 1597 919 Cic.
1632 883 1731 932 pro
1766 866 1845 921 M.
1871 866 2046 919 caelio
2080 882 2205 933 cap.
2243 869 2317 922 14.

230 940 280 1000 S.
321 939 433 998 34.,
472 947 526 989 ut
561 938 646 989 hic
682 938 1010 989 omittendum
1047 939 1133 987 sit.
1209 935 1463 1003 KLOTZ.]

362 1022 460 1082 10.
505 1019 608 1082 Sic
642 1020 702 1081 in
734 1020 851 1081 hac
885 1019 1244 1092 calamitosa
1269 1020 1459 1092 fama,
1501 1017 1679 1094 quasi
1702 1017 1759 1078 in
1787 1017 1993 1094 aliqua
2016 1016 2316 1092 pernicio-

232 1104 479 1169 sissima
518 1104 784 1166 flamma.
844 1105 952 1166 Et.-
982 1103 1115 1164 Non
1142 1103 1306 1164 enim
1332 1110 1452 1163 tam
1478 1119 1626 1180 spes
1658 1102 1967 1162 laudanda
1997 1117 2193 1176 quarn
2226 1118 2316 1162 res

232 1196 346 1251 est.
412 1202 940 1269 [Quinctilianus
976 1200 1068 1254 lib.
1109 1199 1350 1268 IX.¹cap.
1378 1199 1430 1253 3.
1462 1202 1513 1263 S.
1543 1201 1628 1254 75.
1670 1199 1804 1253 conf.
1847 1198 1994 1252 SerV.
2037 1200 2108 1249 ad
2134 1199 2314 1267 virgil.

232 1275 363 1324 Aen.
414 1274 502 1324 lib.
540 1274 630 1322 VI.
680 1287 734 1321 v.
780 1271 937 1332 877„
994 1269 1133 1335 apud
1189 1284 1338 1331 quem
1391 1278 1647 1351 postrema
1693 1284 1723 1318 e
1758 1268 1975 1336 Dialogo
2028 1268 2318 1319 referuntur

231 1357 405 1426 paullo
442 1356 677 1424 plenius:
745 1339 966 1412 Fanni,
1004 1354 1195 1399 causa
1222 1337 1519 1411 difficilis,
1552 1337 1804 1418 laudare
1828 1353 2114 1413 puerum.
2190 1339 2318 1399 Non

231 1425 393 1488 enim
425 1441 526 1486 res
558 1423 898 1504 laudanda,
936 1423 1047 1486 sed
1079 1438 1229 1497 spes
1263 1430 1377 1482 est.
1447 1438 1575 1487 Hine
1624 1451 1651 1485 a
1691 1436 1824 1488 Maio
1866 1437 1997 1487 inter
2032 1437 2320 1503 fragmenta

230 1509 322 1564 lib.
363 1511 427 1560 de
465 1524 519 1559 re
555 1509 696 1575 publ.
735 1506 1107 1571 numerantur-‚J

364 1593 453 1653 11.
511 1593 724 1653 Fatum
751 1598 848 1651 est
891 1589 1196 1651 connexio
1246 1606 1452 1650 rerum
1493 1605 1606 1665 per
1650 1588 2073 1672 aeternitatem
2124 1606 2201 1650 se
2242 1590 2320 1651 in·
2377 1555 2381 1670 1

232 1675 433 1736 vicem
461 1683 713 1748 tenens,
758 1689 922 1749 quae
953 1690 1068 1748 suo
1120 1672 1336 1733 ordine
1369 1679 1431 1733 et
1463 1674 1600 1749 lege
1631 1673 1930 1749 variatur,
1977 1671 2062 1731 ita
2094 1680 2320 1746 tamen,

232 1764 302 1820 ut
329 1759 469 1837 ipsa
499 1758 762 1819 varietas
791 1757 1017 1817 habeat
1047 1759 1486 1818 aeternitatem.
1551 1770 1846 1838 [Servius
1878 1773 1946 1823 ad
1972 1772 2168 1837 virgil.
2195 1777 2318 1827 Aen.

232 1843 324 1897 lib.
366 1845 455 1898 ΙΙΙ.
494 1858 546 1894 ν.
584 1840 706 1894 376.
781 1840 984 1893 Similia
1022 1841 1257 1909 leguntur
1292 1842 1344 1893 in
1381 1841 1469 1892 lib.
1508 1841 1649 1894 1.‘de
1683 1842 1842 1896 divin.
1883 1856 1998 1908 cap.
2033 1839 2151 1908 56.]

358 1927 456 1987 12.
501 1929 583 1988 M.
622 1926 835 1988 Cicero
867 1922 1050 1988 tradit
1091 1925 1373 1987 animalia
1401 1923 1884 2005 biurosqvocarn
1925 1924 2031 2000 qui
2060 1926 2228 1985 vites
2260 1924 2312 1986 in

235 2011 564 2089 campania
594 2012 872 2073 erodant.
939 2023 1219 2092 [minius
1256 2025 1376 2077 hist.
1417 2031 1519 2073 nat.
1560 2022 1651 2073 lib.
1672 2022 1837 2075 xxx.
1876 2038 1992 2089 cap.
2029 2024 2136 2074 25.Ᾰ
2165 2025 2308 2075 s.52.

230 2100 279 2160 §-
328 2097 443 2150 146.
484 2096 700 2147 fortasse
737 2110 765 2146 c
799 2093 1226 2161 chorographia.]

363 2178 458 2240 13.
507 2178 850 2254 Erythraeo
902 2177 1132 2254 oppido
1179 2173 1640 2252 superpositum
1685 2180 1955 2235 montem
2001 2172 2311 2236 Mimanta.

237 2259 638 2326 [Ammianus
675 2260 1100 2311 Marcellinus
1145 2261 1235 2315 lib.
1283 2260 1473 2314 XXXI.
1522 2275 1633 2325 cap.
1684 2261 1766 2313 14.
1821 2260 1873 2321 S.
1920 2257 1973 2309 8.
2020 2274 2087 2308 ex
2138 2262 2312 2311 eodem

232 2331 446 2381 fortasse
477 2329 734 2381 Ciceronis
771 2326 946 2397 libro]

364 2413 456 2472 14.
505 2455 521 2471 .
548 2455 564 2471 .
592 2455 606 2469 .
637 2456 652 2468 .
674 2412 799 2472 duo
825 2428 997 2486 axes,
1023 2411 1265 2473 Boreus
1283 2458 1298 2484 ,
1328 2429 1508 2488 quem
1530 2410 1964 2486 Aquilonalem
1988 2426 2315 2472 vocamus.

232 2496 386 2555 Hinc
411 2496 603 2555 ardua
627 2496 694 2568 (l.
720 2500 959 2567 arctoe)
984 2503 1145 2569 sunt,
1178 2497 1240 2556 id
1265 2502 1379 2569 est,
1405 2495 1879 2571 septemtriones
1895 2540 1909 2566 ‚
1943 2510 2106 2568 quae
2135 2495 2316 2556 nobis

232 2595 481 2656 semper
511 2588 841 2655 apparent,
875 2581 1050 2642 cuius
1083 2580 1425 2641 contrarius
1458 2586 1555 2640 est
1583 2580 1829 2651 Netinis,
1866 2577 1971 2653 qui
2000 2579 2317 2639 Australis

233 2663 468 2725 dicitur.
516 2662 627 2725 Hic
651 2670 767 2735 est,
794 2662 898 2740 qui
920 2671 1083 2724 terra
1113 2663 1351 2739 tegitur.
1377 2671 1445 2724 ut
1466 2664 1549 2723 ait
1571 2662 1805 2735 Cicero,
1832 2669 1894 2722 et
1916 2662 2134 2721 fenera
2155 2668 2321 2742 (φα-

230 2743 461 2827 νερός,
496 2747 687 2810 immo
717 2740 1082 2826 ἀντίχθων)
1129 2764 1166 2807 a
1199 2746 1464 2808 Graecis·
1489 2747 1857 2808 nominatur.
1920 2758 2086 2825 [Haeo
2119 2761 2321 2814 Grono-

229 2834 370 2896 vius,
407 2846 563 2895 quum
596 2833 729 2886 med.
769 2847 906 2883 saec.
945 2831 1105 2897 XVII.
1146 2831 1331 2882 Oxonii
1367 2839 1527 2890 esset,
1574 2847 1603 2880 e
1630 2830 1724 2883 Ms.
1766 2830 2074 2890 Bodleiano,
2121 2830 2183 2881 ‘m
2222 2846 2321 2895 quo

230 2908 458 2952 extremo
482 2902 726 2967 scriptum
754 2908 888 2953 erat:
961 2902 1131 2951 Finit
1164 2900 1282 2965 hoc
1316 2915 1478 2968 opna
1505 2898 1845 2950 deNatura
1873 2899 2123 2969 Rerum,
2165 2903 2319 2951 eruit.

233 2966 492 3019 Caeterum
532 2969 664 3020 conf.
705 2968 809 3037 Cic.
848 2971 985 3039 disp.
1020 2970 1171 3023 Tusc.
1214 2970 1305 3022 lib.
1347 2972 1386 3023 1.
1427 2984 1539 3035 cap.
1572 2963 1686 3034 28]
1959 3018 1964 3023 .
2003 3024 2006 3027 ,

362 3053 460 3113 15.
511 3041 658 3114 Οὐκ
684 3042 959 3131 ἀνάξιον
983 3044 1057 3114 δὲ
1080 3043 1285 3138 οἶμαι,
1316 3038 1374 3115 ὦ
1395 3047 1774 3133 Θαυμάσιε,
1797 3042 2117 3137 κάκείνω)
2138 3074 2321 3136 μνη-

232 3136 516 3216 σθῆναι,
574 3126 616 3197 δ’
647 3132 957 3213 Κικέρων
988 3133 1243 3217 ἱστορεῖ
1279 3137 1404 3199 τοῦ
1440 3129 1620 3215 παρὰ
1652 3126 1770 3197 Ῥω
1823 3136 1991 3209 αίοις
2031 3137 2320 3213 πεζικοῦ·

234 3215 386 3297 περὶ
430 3219 751 3298 στρατοῦ·
822 3215 986 3322 φησὶ
1012 3214 1155 3301 ,γὰρ
1213 3213 1296 3284 τὰ
1336 3216 1461 3302 μὲν
1497 3211 1670 3283 ὅπλα
1716 3236 1751 3282 o
1785 3240 1931 3293 τως
1971 3216 2319 3302 φέροντας

232 3291 609 3376 ἀχωρίστους
644 3309 827 3380 σχεῖν
873 3297 975 3364 αεὶ
1017 3291 1165 3364 οἶόν
1198 3322 1350 3383 τινα
1393 3301 1557 3384 μέλη
1588 3305 1715 3366 τοῦ
1756 3300 2062 3384 σώματος
2083 3303 2319 3386 οἰομέ-

233 3397 429 3459 νους,
462 3379 572 3442 καὶ
593 3379 760 3461 πρός
789 3403 865 3462 γε
888 3381 1148 3466 τροφὴν
1178 3388 1368 3467 σφίάι
1396 3384 1592 3449 πέντε
1616 3382 2018 3468 ἀποχρῶσαν
2040 3379 2314 3472 ἡμέρας·
