2381 3723
654 449 750 533 M.
803 449 1113 532 TULLII
1169 449 1646 533 CICERONIS

430 589 499 685 P
622 590 704 685 A
826 589 926 684 R·
1016 578 1116 686 A'
1222 588 1344 688 D.
1421 588 1484 686 Ο
1610 600 1690 684 Χ
1812 587 1896 694 Α

798 739 1513 808 ΑΒΜ.ΒΒΗΤΠΜ.

1259 900 1312 907 —-.

869 996 1444 1074 ARGUMENTUM.

258 1097 366 1146 Hoc
401 1095 565 1147 libello
602 1096 778 1148 Cicero
815 1096 1023 1148 Catonis
1060 1095 1338 1155 Uticensis,
1385 1094 1594 1161 perfecti
1628 1093 1765 1145 illius
1802 1094 1986 1159 Stoici,
2031 1097 2199 1147 admi-

124 1164 322 1214 ratione
357 1165 607 1215 adductus
643 1163 947 1229 disciplinae
982 1163 1183 1214 Stoicae
1230 1173 1524 1229 praecepta,
1570 1177 1702 1224 quae
1742 1163 1976 1214 homines
2016 1165 2080 1214 ob
2116 1182 2195 1214 se-

125 1233 386 1280 veritatem
432 1233 812 1282 admirabantur
854 1232 1021 1297 magis
1067 1246 1222 1294 quam
1265 1232 1635 1293 sequebantur,
1689 1224 2018 1295 παράδοξα,
2065 1246 2198 1294 quae

126 1297 292 1347 Latini
326 1309 511 1349 vocant
547 1299 953 1358 ‘admirabilia’‚
1004 1300 1247 1348 orationis
1285 1312 1410 1347 suae
1453 1297 1703 1347 suavitate
1745 1297 1939 1347 mollita
1981 1300 2200 1363 probare

126 1366 322 1430 populo
368 1376 417 1414 et
450 1366 806 1415 commendare
850 1366 1024 1415 voluit.
1094 1364 1221 1413 Nam
1258 1366 1355 1414 etsi
1397 1366 1449 1413 in
1489 1365 1719 1414 oratione
1761 1379 1856 1429 pro
1898 1364 1954 1415 L.
1990 1365 2201 1416 Murena

127 1431 320 1481 Catone
354 1444 626 1483 accusante
662 1431 949 1481 Stoicorum
993 1426 1297 1497 παράδοξα
1341 1433 1641 1496 perstringit
1681 1441 1730 1481 et
1771 1433 1823 1480 in
1861 1432 2100 1483 librorum
2135 1435 2201 1484 de

126 1500 335 1548 Finibus
358 1500 442 1554 111.
469 1510 518 1548 et
540 1500 626 1554 lv.
661 1500 952 1550 eorumdem
977 1501 1257 1548 austeritati
1284 1498 1647 1548 moderandum
1672 1513 1788 1548 esse
1805 1509 1998 1565 censet,
2031 1511 2200 1550 tamen

128 1579 229 1613 non
268 1576 369 1614 tam
413 1567 672 1616 doctrinae
707 1568 954 1616 rationem
993 1564 1192 1615 illorum
1227 1567 1481 1631 improbat
1514 1580 1668 1627 quam
1693 1568 1946 1617 sermonis
1981 1566 2202 1618 insolen-

128 1635 266 1679 tiam.
338 1633 413 1680 Ac
449 1634 615 1697 primo
652 1634 855 1700 quidem
893 1633 1004 1683 loco
1049 1634 1235 1683 bouum
1272 1632 1384 1683 sola
1416 1633 1683 1682 honestate
1714 1635 1984 1697 contineri,
2019 1635 2203 1685 deinde

130 1697 352 1747 secundo
392 1711 648 1761 tamquam
684 1702 1001 1749 consectario
1041 1700 1267 1750 ostendit
1311 1700 1728 1750 honestissimum
1773 1716 2025 1763 quemque
2058 1705 2108 1751 in
2144 1717 2203 1751 se

130 1779 232 1814 uuo
277 1765 463 1815 habere
507 1768 677 1817 omnia
721 1767 850 1816 bene
891 1767 1140 1829 beateque
1183 1768 1389 1817 vivendi
1432 1767 1709 1833 praesidia.
1779 1767 1858 1815 Ex
1905 1769 1983 1817 his
2032 1778 2200 1818 autem

131 1831 259 1883 locis
296 1842 521 1898 caetera,
559 1849 691 1898 quae
725 1835 963 1900 deinceps
1000 1837 1345 1900 persequitur,
1383 1846 1503 1900 apta
1536 1845 1658 1884 sunt
1690 1845 1740 1885 et
1773 1849 2045 1900 suspensa.
2101 1838 2199 1886 Ita·

129 1916 232 1962 que
276 1902 452 1951 tertius
498 1902 642 1953 locus
689 1914 766 1952 est
808 1904 871 1952 de
916 1914 1239 1967 peccatorum
1283 1901 1585 1965 aequalitate
1638 1902 1880 1952 omnium.
1962 1902 2201 1962 Quartum

130 1970 195 2018 de
242 1969 510 2018 stultorum
555 1971 755 2020 insania
799 1970 966 2019 locum
1019 1969 1253 2034 exemplo
1305 1971 1508 2034 probat.
1540 1969 1781 2027 alicuius,
1834 1985 1983 2031 quem
2037 1970 2204 2021 Clodii

130 2037 347 2085 similem
385 2052 501 2086 esse
536 2037 709 2103 fingit,
746 2037 1042 2088 adversarii.
1115 2036 1300 2094 Quinto
1337 2036 1475 2095 loco,
1520 2051 1620 2098 quo
1656 2035 1715 2086 L.
1753 2036 2014 2086 Lucullum
2051 2049 2204 2099 atque

129 2104 287 2152 etiam
322 2103 645 2153 Hortensium
682 2105 881 2154 videtur
914 2119 1146 2168 carpere,
1187 2105 1286 2154 nisi
1325 2107 1610 2169 sapientem
1646 2102 1874 2153 libertate
1906 2103 2006 2153 frui
2043 2106 2204 2154 nemi·

135 2184 251 2218 nem
288 2170 461 2229 docet,
497 2185 655 2234 posse
690 2182 858 2221 autem
894 2186 1048 2221 unum
1085 2186 1336 2234 quemque
1371 2172 1444 2220 ita
1478 2172 1672 2234 vivere,
1720 2180 1774 2220 ut
1809 2170 1952 2231 velit,
1992 2174 2024 2227 i.
2062 2187 2103 2221 e.
2141 2170 2202 2221 li·

134 2237 312 2284 berum
350 2252 481 2296 esse,
520 2237 564 2285 si
601 2237 753 2286 modo
778 2239 1093 2288 honestatem
1118 2248 1377 2301 sequatur.
1422 2237 1651 2301 Denique
1673 2247 1821 2288 sexto
1848 2238 1977 2301 loco,
2012 2253 2113 2301 quo
2139 2239 2205 2309 121,

134 2301 380 2352 Crassum
403 2302 607 2352 divitem
634 2304 974 2369 reprehendit,
1010 2306 1193 2363 aerarii
1217 2306 1266 2354 in
1294 2304 1561 2355 consulatu
1585 2306 1809 2355 secundo
1835 2304 1901 2368 (a.
1922 2322 1972 2357 u.
1997 2321 2039 2355 c.
2064 2307 2204 2367 699.)

135 2370 348 2434 expilati
380 2369 593 2425 infamia
629 2371 920 2434 notabilem,
966 2373 1131 2421 solum
1177 2374 1458 2437 sapientem
1507 2373 1578 2421 ait
1620 2372 1843 2437 gaudere
1888 2371 2103 2435 divitiis,
2154 2384 2208 2422 ut

137 2450 267 2496 quae
302 2450 459 2498 quum
495 2438 545 2485 in
583 2440 793 2488 caeteris
828 2441 1099 2488 virtutibus
1133 2449 1241 2488 tum
1277 2440 1497 2488 maxime
1542 2440 1593 2488 in
1630 2440 1938 2489 continentia
1972 2442 2076 2489 sint
2108 2454 2206 2511 po-

135 2503 284 2552 sitae.
357 2503 465 2552 Hoc
499 2512 668 2555 autem
707 2506 931 2556 brevium
967 2507 1353 2571 quaestionum,
1404 2505 1547 2568 quod
1592 2506 1657 2556 ad
1689 2506 1757 2560 M.
1791 2507 2002 2556 Brutum
2038 2508 2208 2569 mittit,

136 2570 494 2621 munusculum
531 2572 686 2623 unius
720 2575 841 2623 anni
875 2583 1121 2639 tempore,
1159 2582 1217 2622 ut
1239 2575 1454 2633 videtur,
1490 2574 1699 2622 hiberno
1729 2577 2067 2639 compositum
2092 2589 2209 2627 ease

135 2652 165 2686 e
198 2640 450 2703 prooemii
483 2639 531 2699 §-
566 2642 616 2690 4.
650 2650 881 2705 apparet,
951 2642 1026 2689 Ac
1061 2654 1371 2704 quamquam
1406 2640 1579 2690 Cicero
1606 2639 1846 2690 Crassum
1870 2657 1916 2690 a.
1943 2658 1994 2692 u.
2022 2657 2064 2696 c.
2090 2643 2207 2695 701.

136 2714 187 2754 et
221 2705 452 2756 Clodium
490 2708 605 2758 702.
652 2707 940 2758 interfectos
984 2708 1173 2771 dialogi
1211 2707 1415 2756 licentia
1448 2709 1546 2757 sibi
1580 2708 1762 2758 adesse
1795 2708 1964 2771 potuit
1997 2708 2207 2775 fingere,

138 2786 241 2821 non
285 2784 451 2823 tamen
497 2784 616 2838 post
659 2789 885 2825 mensem
931 2776 1051 2824 anni
1097 2776 1213 2830 708,
1258 2775 1488 2838 Iunium,
1533 2789 1635 2837 quo
1681 2773 1804 2824 Cato
1851 2786 2063 2826 mortem
2107 2775 2210 2825 sibi

137 2837 311 2890 Uticae
346 2841 610 2906 conscivit,
649 2843 905 2893 conditum
942 2842 1040 2892 hoc
1077 2840 1379 2906 opusculum
1418 2857 1535 2892 esse
1567 2841 1783 2897 videtur.

885 3044 1458 3105 PROOEMIUM.

269 3143 325 3202 1.
371 3140 802 3214 Animadverti,
832 3147 1045 3224 Brute,
1077 3160 1271 3220 saepe
1297 3146 1592 3206 Catonern
1615 3146 1991 3205 avunculum
2020 3151 2209 3214 tuum,

141 3241 330 3296 quum
361 3224 419 3285 in
460 3236 678 3288 senatu
710 3230 1079 3289 sententiam
1126 3228 1382 3304 diceret,
1429 3232 1607 3288 locos
1638 3244 1863 3303 graves
1906 3245 1983 3288 ex
2017 3227 2212 3303 philo·

141 3308 361 3379 sophia
400 3317 660 3372 tractare
693 3310 1099 3372 abhorrentes
1132 3314 1209 3373 ab
1243 3314 1361 3374 hoc
1403 3320 1523 3373 usu
1568 3313 1801 3373 forensi
1846 3322 1905 3374 et
1934 3312 2208 3388 publico,

139 3391 253 3449 sed
286 3391 546 3454 dicendo
581 3395 883 3471 consequi
917 3404 1117 3457 tamen
1151 3405 1220 3458 ut
1251 3398 1353 3458 illa
1386 3397 1566 3458 etiam
1597 3399 1844 3487 populo·
1868 3395 2218 3471 probabilia
