2381 3723
173 178 206 235 ⁷
793 143 959 229 CAP.
992 177 1318 239 7—10.s
1363 180 1619 233 16—24.
2117 170 2235 272 197

171 314 479 421 ἀλλήλων
508 319 875 421 φθείρεται.
943 322 1041 381 IX.
1075 320 1175 379 21.
1221 315 1351 382 Καὶ
1374 310 1452 381 w}
1476 316 1599 400 μὲν
1621 311 1749 399 ἤδη
1772 316 2239 424 συμβεβηκότα

168 405 237 467 τί
252 394 338 465 ἄν
359 399 465 468 ἐπὶ
487 399 693 466 πλέον
714 395 1160 505 ὀδυραίμεθα·
1144 448 1162 479 ,
1208 395 1293 465 06
1312 399 1442 506 γάρ
1468 423 1603 465 που
1625 403 1733 466 καὶ
1759 394 2044 484 ἀγένητα
2066 397 2236 468 αὐτὰ

169 486 646 588 ποιησαίμεθα·
697 487 832 548 τῶν
872 480 945 548 δὲ
994 479 1078 567 δὴ
1127 490 1509 586 μελλόντων
1562 485 2014 592 προῖδοίμεθα.
2099 482 2237 551 Διά

167 566 295 652 γὰρ
325 572 532 636 ταῦτα
562 565 672 632 καὶ
716 567 993 633 ἐκείνων
1027 566 1524 673 ἐμνημόνευσα,
1568 564 1691 650 οὐχ
1720 570 1832 633 ἵνα
1861 563 1976 645 τὰς
2006 565 2237 644 κοινὰς

167 649 548 756 συμφοράς,
570 646 648 727 63
670 673 753 754 γε
766 653 900 733 μηδ
860 650 931 716 δὲ
957 652 1274 753 γενέσθαι
1305 647 1556 753 ω’φελε,
1576 653 1933 737 καταλέξω,
1955 646 2235 719 ἀλλ’ἵνα

169 731 344 839 ὑμας
372 735 437 812 ἐξ
461 730 689 799 αὐτῶν
716 728 1051 799 ἀναπείσω
1071 731 1151 799 τὰ
1173 739 1345 816 γοῦν
1366 730 1564 800 λοιπὰ
1592 737 1936 801 διασῶσαι.
2017 739 2233 800 Τοῦτο

166 816 295 902 γάρ
311 840 410 895 τις
430 815 642 902 μόνον
666 841 802 883 των
826 841 1052 883 κακων
1074 814 1417 923 ἀπόναιτο,
1442 816 1515 884 τό
1540 818 1749 902 μηδὲν
1773 810 1975 896 αὖθις
1999 842 2234 903 ομοιον

167 906 355 1004 σφίσι
380 909 627 967 παθεῖν
653 898 1097 984 φυλάξασθαι.
1166 905 1266 965 22.
1280 898 1534 982 Ἔξεστι
1553 901 1626 968 δὲ
1648 898 1836 969 τοῦθ’
1835 897 2026 1005 ὑμῖν
2045 902 2117 967 ἐν
2141 906 2233 990 τῷ

167 982 449 1089 παρόντι
492 982 774 1069 μάλιστα
817 989 1117 1087 ποιῆσαι,
1167 985 1291 1062 ἕως
1320 989 1415 1051 ἔτι
1447 985 1520 1050 τό
1554 982 1784 1051 δεινὸν
1828 981 2092 1087 ἄρχεται
2123 967 2235 1050 κάὶ

167 1065 325 1135 οὔτε
352 1072 593 1135 πολλοί
605 1090 738 1134 που
761 1065 1246 1172 συνεστήκασιν
1270 1072 1336 1135 οἳ
1363 1093 1435 1134 τε
1437 1069 1890 1174 κεκινημένοι
1918 1065 2076 1134 οὔτε
2109 1091 2231 1134 πε-

168 1149 729 1259 πλεονεκτήκασιν
778 1146 893 1219 ἀπ’
955 1147 1262 1257 ἀλλήλων
1311 1148 1454 1219 οὔτ’
1510 1146 1953 1259 ἠλάττωνται,
2010 1148 2099 1230 ὥς
2150 1157 2233 1257 τῇ

168 1236 381 1303 ε’λπίδι
404 1240 526 1300 τοῦ
556 1237 962 1340 κρείττονος,
1005 1231 1172 1325 ὀργῇ
1203 1240 1325 1301 τοῦ
1353 1236 1871 1320 καταδεεστέρου
1903 1236 2011 1300 καὶ
2052 1258 2233 1321 παρα

166 1316 240 1384 τό
268 1320 619 1403 συμφέρον
640 1324 873 1403 σφίσιν
894 1305 1388 1402 ἀπερισκέπτως
1417 1322 1868 1386 κινδυνεῦσαι
1882 1324 2229 1423 προαχθῇ-

165 1428 295 1468 ναι.
359 1402 492 1469 Καὶ
519 1406 717 1468 τοῦτο
746 1404 973 1486 μέντοι
1002 1408 1397 1507 τηλικοῦτον
1429 1400 1891 1508 κατορθώσετε
1919 1426 2082 1505 μητε
2103 1424 2227 1469 πο·-

165 1511 289 1552 νον
325 1483 474 1553 τινὰ
509 1482 918 1591 πονήσαντες
961 1484 1122 1591 μήτε
1153 1486 1713 1565 κινδυνεύσαντες
1741 1483 1905 1592 μήτε
1931 1482 2227 1588 χρήματα

165 1566 669 1673 ἀναλώσαντες,
702 1566 820 1654 μὴ
838 1570 1098 1674 σφαγὰς
1141 1568 1568 1677 ποιήσαντες,
1626 1565 1772 1637 ἀλλ’
1822 1566 1988 1636 αὐτὸ
2029 1574 2227 1636 τοῦτο

164 1654 380 1757 μόνον
409 1654 897 1758 ψηφισάμενοι,
929 1650 1019 1739 μὴ
1043 1668 1477 1760 μνησικακεῖν
1479 1651 1823 1761 ἀλλήλοις.
1887 1660 1962 1721 Χ.
2001 1657 2103 1719 23.
2145 1658 2234 1721 Εἰ

163 1735 395 1840 γάρτοι
418 1735 568 1803 τινὰ
588 1742 697 1803 καὶ
727 1733 1098 1843 ημάρτηταί
1112 1756 1318 1843 τισιν,
1351 1735 1497 1806 ἀλλ’
1526 1763 1673 1806 ουτι
1695 1762 1773 1823 γε
1797 1735 2025 1841 καιρός
2047 1739 2227 1805 ἐστιν

165 1818 321 1888 οὔτε
344 1825 1022 1928 πολυπραγμονῆσαι
1008 1817 1178 1889 αὐτοὶ
1211 1818 1367 1893 ούτε
1395 1824 1717 1906 ἐξελέγξαι
1749 1820 1905 1889 οὔτε
1935 1820 2225 1928 τιμωρή-

92 1968 109 1975 -
165 1915 432 1972 σασθαι.
498 1908 676 1973 Ουδὲ
708 1930 834 1990 γαρ
872 1906 1166 1986 δικάζετέ
1181 1925 1356 1972 τισιν
1389 1907 1462 1972 ἐν
1486 1912 1577 1994 τῷ
1602 1905 1921 2010 παρόντι,
1953 1923 2121 1972 ωστε
2148 1932 2223 1971 το

164 1988 345 2055 πάνυ
384 1986 651 2074 ἀκριβὲς
694 1994 954 2055 δίκαιον
989 1995 1353 2096 ζητηθῆναι
1398 1973 1575 2094 δεῖν,
1618 1986 1782 2054 ἀλλὰ
1811 1955 2225 2074 βουλεύεσθε

164 2074 314 2157 περὶ
352 2097 486 2138 των
518 2073 1001 2182 ἐνεστηκότων,
1061 2097 1243 2152 οπως
1285 2099 1372 2151 ως
1414 2068 1872 2175 ἀσφαλέστατα
1915 2077 2222 2158 καταστῇ.

171 2161 386 2222 Τοῦτο
429 2153 502 2221 δὲ
541 2181 677 2223 ουκ
710 2183 796 2223 αν
836 2154 1195 2242 ὑπάρξειεν
1233 2153 1423 2241 ἡμῖν,
1480 2161 1542 2222 εἰ
1578 2156 1667 2259 μή
1711 2181 1773 2222 τι
1810 2161 2223 2260 παρίδοιμεν,

164 2236 384 2342 ωσπερ
409 2263 540 2307 που
565 2241 674 2307 καὶ
695 2241 803 2308 ἐπὶ
818 2265 954 2307 των
977 2244 1237 2308 παίδων
1257 2252 1476 2308 ποιεῖν
1500 2239 1850 2325 εἰώθαμεν.
1903 2235 2079 2307 Οὔτε
2098 2236 2224 2323 γὰρ

165 2322 381 2390 πάντα
431 2320 723 2430 ἀκριβῶς
772 2321 877 2391 ἐπ’
934 2319 1160 2390 αὐτῶν
1187 2322 1661 2430 ἐκλογιζόμεθα
1708 2325 1816 2391 καὶ
1861 2322 2073 2391 πολλοὶ
2117 2322 2226 2389 καὶ

163 2431 561 2513 παρορωμεν
592 2406 982 2513 ἀναγκαίως.
1063 2412 1217 2474 Των
1252 2407 1379 2511 γὰρ
1422 2414 1707 2514 μετρίων
1741 2404 2224 2512 ἁμαρτημάτων

164 2490 357 2556 ἕνεκα
387 2487 592 2558 οὐδὲν
620 2489 991 2600 ἀνηκέστως
1021 2494 1127 2558 δεῖ
1142 2493 1474 2576 κολάζειν,
1499 2489 1666 2559 ἀλλὰ
1701 2492 1982 2595 πρᾴως
1951 2512 2224 2596 σωφρο-

161 2578 382 2653 νίζειν.
431 2580 532 2640 24.
575 2579 705 2643 Καὶ
734 2582 867 2643 νῦν
897 2601 1023 2643 ουν
1053 2571 1166 2641 ἅτε
1197 2574 1307 2641 καὶ
1338 2577 1553 2640 κοινοὶ
1586 2597 1834 2678 παντρς
1861 2580 1982 2640 τοῦ
2008 2575 2225 2679 δήμου

162 2662 434 2762 πατέρες
466 2656 549 2725 06
576 2659 792 2744 μόνον
824 2656 1331 2764 ὀνομαζόμενοι,
1380 2655 1546 2724 ἀλλὰ
1586 2659 1695 2723 καὶ
1734 2653 2003 2758 ἀληθως
2034 2655 2225 2733 ὄντες

158 2735 2226 2931 m‘sssssfdsszffssz'122‘33{3⁷⁰⁰}&23’322‘23‘2.’‘.5‘.².3‘5.3;‘1}25;⁷;21

159 2909 574 3012 ἐγκαλέσειεν
647 2907 816 2978 ωστε
844 2913 953 2977 καὶ
978 2914 1248 2988 δικαίως
1280 2888 1983 3013 αὐτόνπεφονεῦσθαι
2014 2904 2223 3011 δόξαι,

157 2989 371 3058 πολλὰ
394 2992 467 3058 δὲ
501 2960 610 3060 καὶ
649 2992 806 3073 τοὺς
835 2991 1350 3072 ἀποκτείναντας
1384 2988 1592 3058 αὐτὸν
1616 2992 2011 3098 αἰτιάσαιτο,
2058 2986 2227 3058 ωστε

157 3076 269 3141 καὶ
291 3081 605 3181 τιμωρίας
629 3074 877 3157 αὐτούς
899 3075 1122 3157 ἀξίους
1156 3073 1323 3143 εἶναι
1348 3082 1772 3180 νομισθῆναι.
1814 3072 2005 3141 Ἀλλά
2025 3078 2223 3139 τοῦτο

155 3157 282 3243 μὲν
313 3157 583 3262 ἀνδρων
625 3164 826 3266 ἔργον
871 3163 1007 3228 ἐστὶ
1058 3160 1407 3227 στασιάσαι
1450 3151 1653 3238 αὖθις
1681 3156 2220 3263 ἐπιθυμούντων.

159 3250 289 3309 Δεῖ
315 3240 389 3309 δὲ
426 3267 585 3321 τους
627 3240 854 3328 ὀρθως
890 3247 1429 3350 βουλευομένους
1468 3240 1558 3328 μὴ
1594 3241 1667 3309 τὸ
1711 3240 1923 3323 πάντη
1966 3242 2225 3306 δίκαιον

159 3327 674 3428 ἐξακριβοῦντας
690 3329 1137 3431 βλάπτεσθαι,
1149 3323 1317 3394 ἀλλὰ
1339 3329 1449 3393 καὶ
1470 3351 1559 3392 τω
1582 3326 1858 3392 ἐπιεικεῖ
1874 3342 2223 3425 προσχρω·

156 3410 402 3494 μένους
425 3409 774 3489 σώζεσθαι.
829 3408 1028 3479 Ὥστε
1069 3409 1148 3477 τὰ
1183 3412 1307 3499 μὲν
1348 3393 1752 3495 γεγενημένα
1786 3413 1991 3473 ταῦτα
2017 3404 2219 3490 χαλά-
