2381 3723
214 92 336 155 226
1000 94 1499 184 ngAGMENTA.
1589 77 1594 80 ’
2225 103 2305 161 se

215 258 340 306 tum
386 262 567 321 quam
608 244 747 305 huic
793 260 1004 304 cenam
1053 246 1373 306 sublatam.
1453 253 1875 327 [Severianus
1919 278 2031 330 cap
2075 267 2138 313 de
2171 279 2292 329 pro

213 331 463 395 positione
505 330 784 381 adversarii
816 344 939 394 pap.
982 329 1099 381 337.
1145 331 1249 379 ed.-
1243 330 1503 396 Cuappei]
1885 359 1888 362 -

336 414 396 472 4.
404 416 470 470 d.
534 413 695 482 Quae
734 415 945 474 veneni
991 414 1120 472 dati
1165 415 1449 487 suspici0‚
1502 415 1753 485 iudices,
1779 418 2061 489 'primum
2111 429 2293 489 quam

211 500 353 558 levis
385 500 462 557 sit
485 499 678 556 statim
714 497 1056 571 apparebit,
1106 498 1161 556 si
1199 498 1586 558 considerare
1623 501 1922 559 volueritis
1964 516 2045 558 ex
2081 502 2298 574 quibus

209 597 425 716 catil-{215
433 596 591 714 ηέθνε
624 596 804 729 SaJCpe
823 582 1054 639 eveniat
1083 583 1413 655 repentina.
1465 595 1651 662 [Conf.
1685 598 1729 644 M
1748 599 2058 675 arcianus
2083 597 2291 663 capena

213 680 264 728 P·
507 677 668 728 appe?

337 760 394 820 4.
411 780 461 818 e.
508 759 585 819 In
613 775 689 820 ea
720 759 988 821 Scaurus
1020 720 1276 834 fortuna
1312 767 1448 821 erat
1471 765 1838 836 constitutus,
1882 723 1948 823 ut
1973 779 2089 824 non
2117 766 2295 826 modo

209 864 350 907 suas
367 847 761 921 possessiones
785 843 1080 916 facillime
1107 846 1413 917 retineret,
1470 863 1671 919 verum
1698 849 1873 906 etiam
1921 865 2072 909 nova
2094 856 2295 923 posset

213 932 524 1006 acquirere
540 932 742 1003 potius
752 925 931 988 bona
966 944 1146 1001 quam
1180 928 1347 1002 quod
1376 929 1641 988 habebat
1673 929 1915 991 veniret.
1985 933 2291 1007 Agedum,

214 1031 330 1090 ego
364 1011 608 1072 defendi
639 1011 970 1084 Scaurum,
1023 1010 1244 1071 Triari!
1311 1013 1574 1072 defende
1603 1021 1953 1074 tumatrem
1992 1029 2150 1095 [eod.
2188 1032 2287 1083 Με.

212 1114 318 1161 Am
335 1113 364 1161 b
379 1125 478 1162 ros
492 1110 508 1159 i
522 1125 594 1159 an
611 1126 643 1160 u
659 1107 729 1174 s.]
771 1096 1070 1170 Bostaris,
1121 1112 1296 1170 quam
1325 1099 1515 1171 ipsam
1545 1113 1736 1171 aryuo
1756 1100 1896 1158 huic
1916 1103 2134 1175 culpae
2162 1118 2290 1161 esse

211 1182 467 1253 adfinem
501 1222 726 1238 ......

337 1279 624 1353 Bcfutavi
661 1281 837 1338 etiam
876 1280 1054 1351 illud,
1123 1280 1286 1352 quod
1329 1280 1567 1341 dicebas
1615 1287 1675 1340 te
1716 1287 1991 1344 metuere
2039 1297 2119 1340 ne
2161 1298 2285 1343 non

213 1363 514 1423 solvendo
568 1361 790 1433 fuisse,
833 1361 1023 1423 bona
1074 1361 1341 1437 denique
1387 1378 1533 1425 reus
1575 1381 1648 1426 ne
1694 1366 1956 1425 retinere
2016 1364 2285 1438 voluisse,

214 1464 371 1521 quae
408 1444 756 1520 proscripta
787 1452 1027 1517 essent,
1076 1444 1214 1508 nisi.
1240 1458 1386 1525 [eod.
1428 1461 1523 1511 Ms.
1561 1462 1998 1527 Ambrosiam]
2031 1449 2289 1509 Bostare

209 1533 477 1590 intestato
502 1536 727 1589 mortuo
752 1531 840 1589 sic
866 1532 1078 1602 eqisset
1102 1544 1234 1589 eam
1255 1546 1381 1592 rem
1396 1575 1411 1603 ‚
1445 1535 1623 1604 quasi
1648 1534 1735 1591 ad
1763 1536 1954 1610 ipsum
1986 1533 2287 1593 hereditas

204 1615 555 1689 pertineret,
604 1627 747 1672 neve
785 1613 935 1672 baec
961 1616 1094 1687 ipsa
1139 1616 1201 1672 ei
1224 1628 1410 1673 causa
1441 1614 1754 1677 Bostarem
1781 1633 2000 1677 veneno
2028 1618 2285 1677 necandi

202 1696 394 1769 fuisse
427 1697 740 1755 videretur.
2311 1711 2316 1718 ·

334 1798 394 1857 4.
412 1803 449 1855 f.
498 1796 562 1858 Si
593 1795 904 1873 denique
890 1815 948 1857 m
978 1796 1078 1856 illa
1108 1798 1271 1858 bona
1314 1798 1605 1859 invadere
1636 1802 1800 1860 nullo
1833 1802 2018 1861 modo
2053 1799 2283 1877 potuis·

210 1882 746 2032 Set24lgSiLlTilort130
786 1883 2282 1966 Bostare.[A1us1anusMess1usExemp1eioout.

210 1983 263 2032 p.
403 2006 414 2016 .
499 1983 543 2016 nn
585 1983 682 2017 em.

335 2050 392 2108 5.
435 2048 529 2122 Si,
563 2050 943 2110 mehercule!
988 2048 1253 2122 iudices,
1284 2067 1397 2125 pro
1423 2050 1488 2108 L.
1512 2048 1747 2112 Tubulo
1777 2051 2072 2125 dicerem,
2099 2069 2281 2126 quem

209 2149 396 2193 unum
440 2149 518 2192 ex
564 2132 729 2192 omni
777 2131 1068 2192 memoria
1112 2132 1654 2194 sceleratissimum
1704 2142 1766 2197 et
1804 2134 2281 2196 audacissimum

211 2217 400 2278 fuisse
460 2214 845 2290 accepimus,
908 2223 1108 2277 tamen
1160 2232 1284 2276 non
1340 2216 1643 2292 timerem,
1705 2235 2005 2280 venenum
2050 2219 2280 2296 hospiti

208 2307 315 2361 aut
344 2297 645 2360 convivae
691 2297 743 2358 si
773 2298 1082 2359 diceretur
1116 2298 1355 2359 cenanti
1404 2301 1481 2360 ab
1526 2300 1626 2363 illo
1662 2304 1901 2377 datum,
1948 2303 2046 2363 cui
2077 2321 2281 2379 neque

207 2384 390 2443 heres
423 2398 623 2456 neque
652 2381 841 2443 iratus
870 2381 1088 2443 fuisset
1124 2397 1524 2464 [Asconius],
1560 2430 1573 2443 .
1601 2430 1616 2445 .
1644 2431 1656 2443 .
1686 2431 1700 2445 .
1736 2406 1810 2447 nc
1848 2391 1950 2448 cui
1985 2389 2095 2448 hoc
2135 2407 2278 2448 cre-

206 2467 399 2528 dibile
413 2467 728 2527 videretur.

333 2566 392 2626 6.
437 2566 654 2645 [Venio
680 2570 802 2626 iam
836 2568 922 2625 ad
945 2569 1170 2627 crimen
1193 2569 1648 2629 incontinentiae
1679 2572 2283 2647 intemperantiaeque

204 2651 512 2712 libidinum
529 2697 542 2724 ,
576 2653 746 2712 cuius
771 2658 967 2712 notam
1000 2659 1311 2712 accusator
1342 2651 1574 2713 Scauro
1613 2655 1853 2728 eiusque
1886 2655 2097 2728 famae
2136 2660 2279 2716 inu-

202 2752 341 2795 rere
388 2728 581 2796 vo'luit.
616 2769 700 2778 --
730 2735 1043 2808 Coniuyem
1091 2753 1259 2796 suam
1276 2782 1316 2809 ,‚
1349 2738 1563 2811 inquit,
1624 2753 1804 2811 quam
1852 2742 1977 2814 ipse
2023 2742 2280 2812 amabat,

203 2821 370 2878 t'stius
409 2821 684 2879 incensae
725 2820 958 2881 libidini
988 2825 1164 2893 atque
1200 2820 1531 2894 effrenatae
1568 2823 1885 2897 cupiditati
1915 2840 2102 2898 quum
2129 2824 2281 2883 dare

206 2903 393 2962 nollet
421 2902 584 2974 AriS‚
623 2904 776 2961 clam
808 2920 885 2962 ex
912 2902 1195 2963 Sardinia
1217 2910 1313 2964 est
1336 2907 1544 2979 sugere
1567 2911 1847 2965 conatus.
1882 2919 2280 2985 [Priscianus

205 3002 291 3051 lib.
318 3003 406 3052 vl.
431 3016 545 3067 cap.
569 3004 619 3054 5.
639 3004 687 3063 §-
711 3002 794 3055 28.
820 2988 1025 3067 12:219,
1061 3003 1136 3053 ιι.
1161 3001 1356 3068 Hertz.]
1403 2990 1461 3047 7.
1482 2988 1938 3050 Scilicetrelicta
1952 2994 2075 3052 illic
2088 3007 2282 3051 uxore

203 3074 328 3145 ipse
355 3070 514 3145 fuya
545 3073 658 3131 sibi
679 3075 1001 3144 consuluit,
1022 3089 1192 3147 quem
1222 3075 1309 3132 ad
1331 3074 1567 3133 modum
1598 3081 1885 3146 castores,
1920 3078 1987 3134 ut
2010 3078 2204 3148 aiunt,
2236 3092 2279 3134 a

204 3156 597 3215 venatoribus
621 3152 922 3214 redimunt
972 3172 1042 3216 se
1094 3171 1168 3216 ea
1207 3163 1383 3233 parte
1433 3156 1745 3231 corporis,
1795 3165 2051 3235 propter
2093 3174 2277 3233 quam

205 3234 466 3294 maxime
489 3237 888 3313 expetuntur!
957 3253 1285 3315 [Isidorus
1324 3254 1488 3320 Etym
1531 3254 1617 3303 lib.
1657 3254 1767 3303 XII.
1808 3268 1922 3319 cap.
1960 3256 2010 3304 2.
2051 3254 2095 3318 §-
2128 3253 2241 3320 21.]

335 3326 392 3386 8.
437 3331 560 3390 Sed
590 3339 656 3392 ut
683 3333 949 3394 Scaurus
993 3339 1248 3396 omnium
1287 3339 1583 3398 bominum
1623 3339 2097 3398 dissolutissimus
2133 3336 2278 3395 libi-
