2381 3723
675 528 762 610 Μ.
818 528 1095 610 Tuum
1154 526 1583 609 clcssuoms
1807 655 1820 665 ἱ

179 678 542 775 ORATIO
604 680 729 773 DE
792 677 1038 773 PACE
1103 679 1457 775 HABITA
1516 678 1610 773 ΙΝ
1672 678 2077 777 SENATU.

719 993 1537 1059 ARGUMENTUM.

225 1121 391 1181 Quum
441 1122 493 1175 d.
541 1121 680 1173 XVI.
729 1122 842 1171 Kal.
893 1123 1020 1187 Apr.
1070 1136 1202 1172 auno
1247 1138 1300 1187 p.
1337 1138 1390 1176 u.
1430 1139 1474 1172 c.
1512 1122 1663 1182 710.,
1718 1137 1848 1172 anno
1894 1130 2008 1173 ante
2043 1122 2157 1175 Chr.

84 1209 137 1243 n.
181 1190 300 1251 63„
360 1192 506 1240 tertio
554 1191 639 1241 die
681 1198 798 1257 post
844 1191 1050 1241 caedem
1101 1190 1156 1244 G.
1198 1191 1317 1240 Iulii
1354 1191 1586 1242 Caesaris
1636 1199 1840 1241 senatus
1884 1194 1937 1241 in
1984 1194 2157 1243 aedem

83 1261 305 1311 Telluris
340 1267 522 1310 vocatu
540 1259 609 1312 M.
644 1260 852 1311 Antonii
883 1260 1227 1318 convenisset,
1264 1260 1333 1310 M.
1354 1259 1579 1324 Tulliae,
1618 1261 1707 1323 qui
1745 1260 2018 1324 aliquando
2056 1277 2156 1313 ren·

84 1329 344 1397 publicam
391 1329 458 1378 ad
505 1336 711 1379 senatus
766 1330 1034 1380 consilium
1080 1331 1529 1391 auctoritatemque
1580 1337 1867 1379 revocatam
1911 1346 2023 1380 esse
2066 1347 2160 1396 pu-

83 1400 241 1459 tavit,
266 1397 593 1447 fundamenta
610 1399 751 1462 pacis
770 1399 936 1449 iacere
958 1399 1150 1449 studuit
1173 1405 1325 1461 atque
1345 1411 1544 1447 omnem
1566 1400 1861 1449 memoriam
1880 1399 2159 1452 discordia-

83 1484 197 1518 rum
232 1468 458 1516 civilium
478 1466 735 1517 oblivione
759 1469 1069 1534 sempiterna
1101 1467 1370 1517 delendam
1401 1467 1621 1529 censuit,
1657 1467 1869 1530 eiusque
1894 1471 2147 1534 sententia⁸

85 1551 242 1601 quum
273 1537 341 1587 Μ.
378 1536 630 1587 Antonius
668 1537 778 1602 ipse
830 1551 1029 1600 quoque
1065 1550 1124 1587 eo
1159 1543 1387 1602 tempore
1433 1536 1497 1585 ad
1532 1551 1713 1600 pacem
1759 1539 2158 1602 componendam

83 1613 293 1672 paratus
331 1612 495 1664 esset,
527 1620 559 1654 a
593 1613 772 1656 senatu
806 1605 1134 1671 comprobata
1164 1612 1258 1659 est.
1330 1603 1489 1654 Nobis
1526 1612 1695 1655 autem
1740 1604 1867 1656 haec
1904 1606 2159 1658 Ciceronis

85 1675 246 1725 oratio
280 1688 379 1723 non
427 1681 504 1723 est
536 1682 738 1724 servata
785 1675 885 1724 nisi
922 1674 1130 1724 Graecis
1169 1675 1337 1725 verbis
1375 1689 1406 1723 a
1444 1674 1621 1726 Cassio
1656 1674 1818 1725 Dione
1850 1679 2080 1741 exposita
2109 1679 2161 1727 in

85 1744 351 1794 Historiae
383 1742 638 1793 Romanae
674 1743 764 1797 lib.
797 1743 975 1797 XLIV.
1025 1758 1140 1807 cap.
1180 1742 1424 1795 23—33.
1462 1743 1544 1796 ed.
1587 1744 1837 1809 Reimar.,
1889 1746 1975 1809 qui
2020 1752 2161 1811 post·

84 1827 236 1878 quam
285 1812 506 1861 narravit
542 1811 886 1864 interfectores
925 1812 1158 1864 Caesaris
1217 1813 1270 1860 in
1318 1812 1622 1878 Capitolium
1668 1829 1724 1863 se
1773 1815 2027 1879 recepisse
2068 1830 2158 1866 nec

83 1885 189 1933 iam
223 1881 466 1932 habuisse
502 1881 627 1945 quid
661 1891 899 1949 agerent,
945 1882 1027 1931 his
1065 1882 1235 1932 verbis
1272 1897 1373 1943 qua
1412 1883 1677 1933 occasione
1712 1883 1780 1935 M.
1820 1883 1956 1932 Tulli
2000 1885 2157 1935 oratio

82 1951 260 2002 habita
304 1952 369 2000 sit
408 1950 717 2002 demonstrat
762 1952 800 2005 1.
842 1968 887 2005 c.
929 1967 1040 2016 cap.
1075 1953 1160 2002 22.
1219 1941 1387 1999 Ἰδὼν
1422 1942 1698 1999 δὲταῦτα
1742 1941 1773 1999 ὃ
1809 1949 2159 2018 Δολοβέλλας

84 2010 212 2078 οὐδ’
243 2009 415 2076 αὐτὸς
455 2011 624 2084 ἠξίου
665 2012 909 2086 ἡσυχίαν
951 2012 1134 2086 ἄγειν,
1203 2009 1316 2067 ἀλλ’
1355 2013 1411 2074 ἔς
1452 2031 1512 2067 τε
1554 2009 1662 2082 τὴν
1701 2007 1925 2069 ὕπατον
1976 2013 2158 2085 ἀρχὴν

79 2086 292 2150 καίπερ
335 2084 566 2151 μηδέπω
622 2085 1027 2170 προσήκουσαν
1075 2079 1282 2152 ἐσῆλθε
1331 2081 1427 2136 καὶ
1477 2079 1879 2152 δημηγορήσας
1922 2102 1976 2136 τι
2028 2085 2156 2154 περὶ

80 2154 200 2206 τῶν
253 2154 555 2220 παρόντων
611 2151 666 2216 ἐς
701 2173 766 2208 το
820 2151 1184 2209 Καπιτώλιον
1234 2147 1464 2222 ἀνέβη..
1501 2152 1743 2207 Τούτων
1790 2150 1853 2206 δὲ
1908 2147 2159 2208 ἐνταῦθα
2265 2156 2290 2179 ⁸

82 2215 275 2276 ὄντων
308 2213 340 2272 ὅ
374 2222 622 2285 Λέπιδος
654 2219 862 2308 μαθρν
900 2219 970 2277 τὰ
1001 2223 1341 2292 γεγενημένα
1379 2217 1487 2288 τήν
1519 2239 1578 2275 τε
1626 2217 1841 2291 ἀγορὰν
1875 2219 2012 2307 μετὰ
2044 2223 2157 2276 τῶν
2260 2241 2266 2247 ·

82 2291 442 2357 στρατιωτῶν
486 2293 589 2360 τῆς
624 2311 830 2353 ννκτος
863 2293 1127 2362 κατέλαβε
1165 2289 1263 2344 καὶ
1300 2287 1445 2343 κατὰ
1484 2293 1601 2344 τῶν
1638 2293 1900 2361 σφαγέων
1935 2311 2049 2361 αμα
2086 2291 2157 2362 ἕῳ

6 2374 13 2375 ’
83 2354 438 2429 ἐδημηγόρει.
500 2358 568 2414 Ὁ
595 2352 720 2417 ,οὖν
756 2357 1072 2430 Ἀντώνιος,
1125 2363 1313 2414 καίτοι
1358 2363 1702 2430 παραχρῆμα
1740 2357 1876 2430 μετὰ
1909 2359 2011 2418 τὸν
2055 2360 2157 2415 τοῦ

82 2428 382 2495 Καίσαρος
412 2425 671 2483 θάνατον
708 2450 789 2498 <pv
829 2426 909 2484 ὢν
941 2430 1037 2484 καὶ
1071 2427 1180 2498 τήν
1209 2446 1267 2482 τε
1304 2423 1520 2498 ἐσθῆτα
1550 2429 1659 2499 τὴν
1693 2425 1957 2516 ἀρχικήν,
2005 2423 2159 2490 ὅπως

82 2492 365 2566 διαλάθῃ,
410 2493 588 2567 ῥίψας
621 2497 720 2552 καὶ
749 2518 782 2551 τ
824 2519 858 2552 ν
893 2497 1072 2553 νύκτα
1103 2499 1415 2567 κρυφθείς,
1470 2491 1648 2567 ὅμως,
1705 2497 1898 2566 ἐπειδη
1936 2497 2073 2561 τούς
2101 2517 2159 2553 τε

83 2566 334 2633 σφαγέας
363 2560 424 2618 ἐν
454 2567 534 2636 τῷ
582 2570 921 2639 Καπιτωλίῳ
961 2566 1060 2622 καὶ
1087 2565 1189 2622 τὸν
1225 2563 1477 2620 Λέπιδον
1518 2561 1578 2620 ἐν
1606 2569 1679 2636 τῇ
1708 2564 1891 2636 ἀγορᾷ
1922 2564 2157 2638 ᾔσθετο,

81 2630 194 2701 τήν
220 2651 280 2686 τε
304 2637 608 2702 γερουσίαν
644 2633 699 2698 ἐς
726 2633 790 2690 τὸ
816 2639 918 2706 τῆς
950 2639 1073 2706 Γῆς
1104 2635 1333 2705 τέμενος
1357 2631 1603 2702 ἤθροισε
1630 2634 1725 2688 καὶ
1759 2634 1984 2703 γνώμας
2013 2632 2158 2701 ὑπὲρ

80 2701 1521 2843 Ζῗῖὦῖαὸἶῖἒῖἷεπὲἒῖἷθῗῖἱὲρ«5ξὶἷῖοἲιῗῖιῖῗ
1546 2697 1919 2839 ἶέιᾶἓιῗῗιὲῗη
1926 2702 2158 2824 ἶὲἴσως

234 2822 235 2825 ,
1246 2813 1263 2842 ,
2036 2811 2049 2825 .

212 2956 256 3014 1.
309 2957 389 3015 1.·
447 2945 576 3016 'Ast
625 2950 749 3035 μὲν
796 2955 1003 3036 ἔγωγε
1056 2947 1237 3036 οἶμαι
1287 2957 1523 3037 χρῆναι
1574 2950 1826 3033 μηδένα
1874 2946 2159 3033 μηδενὸς

81 3031 282 3119 χάριν
331 3033 496 3118 μήτε
551 3033 719 3120 πρὸς
741 3040 1184 3120 φιλονεικίαν
1224 3036 1473 3119 λέγειν,
1537 3030 1673 3100 ἀλλ’
1725 3030 1765 3099 ὃ
1816 3033 2157 3118 βέλτιστον

83 3119 364 3195 ἕκαστος
395 3113 566 3184 εἶναι
595 3124 841 3203 νομίζει
859 3171 876 3204 ,
922 3115 1099 3185 τοῦτ’
1126 3115 1644 3203 ἀποφαίνεσθαι.
1723 3113 1977 3184 Λεινόν
2006 3114 2155 3200 γάρ,

86 3205 148 3267 εἰ
179 3200 342 3280 τούς
390 3200 515 3286 μὲν
559 3208 1092 3288 στρατηγοῦντας
1136 3201 1297 3280 τούς
1324 3208 1396 3270 θ’
1437 3197 1895 3276 ὑπατεύοντας
1941 3197 2155 3266 πάντα

87 3281 198 3351 ἀπ’
234 3281 452 3371 ὀρθῆς
494 3291 610 3371 τῆς
641 3289 938 3365 διανοίας
976 3299 1195 3353 ποιεῖν
1236 3283 1638 3371 ἀξιώσομεν,
1700 3278 1827 3349 κᾶν
1857 3278 1988 3374 ἄρα
2021 3305 2156 3358 πως

88 3374 475 3454 σφαλῶσιν,
531 3365 830 3449 εὐθύνας
868 3376 1021 3457 παρ’
1058 3366 1285 3437 αὐτῶν
1327 3371 1435 3436 καὶ
1480 3375 1595 3454 τῆς
1639 3365 1839 3451 τύχης
1880 3362 2153 3450 ἀπαιτή-
