2381 3723
131 148 245 211 138
480 148 679 209 CATO
712 148 963 209 MAIOR
995 148 1097 207 DE
1133 146 1571 208 SENECTUTE
1600 147 1824 207 LIBER
2124 157 2191 210 2²

125 300 299 362 cuius
329 301 515 363 modo
558 299 673 360 feci
705 297 1102 372 mentionem,
1156 300 1363 359 dicere
1406 298 1572 360 aiunt
1617 297 1859 360 solitum
1890 300 2189 359 Lacedae-

126 401 367 446 monem
392 400 534 446 esse
559 381 1058 444 honestissimum
1085 381 1454 443 domicilium
1476 381 1842 444 senectutis:
1885 397 2183 457 nusquan·

126 467 282 528 enim
312 474 546 529 tantum
588 466 867 527 tribuitur
910 466 1123 538 aetati,
1177 483 1483 542 nusquam
1529 473 1625 527 est
1668 473 1956 527 senectus
2003 467 2171 526 hono

125 552 329 613 ratior.
407 551 556 625 Quin
591 550 768 610 etiam
806 548 1138 611 memoriae
1180 550 1488 626 proditum
1533 558 1652 623 est,
1708 566 1894 625 quum
1933 548 2190 609 Athenis

126 634 281 695 ludis
340 634 583 709 quidam
633 633 692 692 in
753 634 1054 694 theatrum
1107 633 1358 709 grandis
1415 642 1560 694 natu
1616 634 1916 707 venisset,
1970 647 2192 707 magno

125 733 428 779 consessu
478 718 683 777 locum
735 733 1037 792 nusquam
1082 716 1138 777 ei
1190 717 1397 778 datum
1444 735 1479 777 a
1521 716 1648 778 suis
1689 716 1954 789 civibuS,
2006 732 2192 790 quum

124 808 326 861 autem
392 801 469 860 ad
517 800 1044 862 Lacedaemonios
1094 800 1499 875 accessisset,
1563 800 1695 877 qui,
1770 799 1951 875 legati
2004 816 2193 874 quum

124 890 362 958 essent,
408 891 577 945 certo
610 884 668 944 in
703 885 1310 956 loco-consederant,
1358 883 1826 945 consurrexisse
1861 898 2075 944 omnes
2111 880 2196 941 illi
2280 924 2290 932 .

124 967 408 1028 dicuntur
446 977 506 1029 et
549 984 760 1029 senem
805 984 1047 1030 sessum
1089 966 1425 1044 recepisse.
1513 967 1614 1028 64.
1663 966 1893 1042 Quibus
1939 981 2125 1041 quum
2160 982 2197 1023 a

127 1060 348 1112 cuncto
384 1067 689 1114 consessu
732 1054 987 1127 plausus
1030 1057 1200 1112 esset
1239 1051 1554 1127 multiplex
1594 1052 1802 1125 datus,
1853 1049 2084 1110 dixisse
2117 1064 2197 1108 ex

126 1135 196 1196 iis
255 1137 580 1210 quemdam
634 1135 1084 1196 ‘Athenienses
1136 1133 1297 1195 scire
1352 1150 1509 1212 quae
1564 1142 1727 1195 recta
1782 1141 2020 1204 essent,
2081 1132 2197 1192 sed

127 1220 329 1280 facere
354 1221 562 1281 nolle.’
637 1221 825 1280 Multa
866 1218 927 1279 in
973 1225 1187 1280 nostro
1233 1218 1491 1294 collegio
1521 1219 1864 1294 praeclara,
1910 1217 2022 1277 sed
2053 1216 2195 1288 hoc,

125 1303 204 1362 de
243 1319 365 1378 quo
399 1303 670 1379 agimuS,
706 1302 765 1362 in
797 1301 1036 1378 primis,
1079 1303 1279 1377 quod,
1312 1309 1378 1363 ut
1413 1302 1674 1377 quisque
1714 1307 1914 1377 aetate
1955 1307 2198 1359 antece·

126 1386 244 1458 dit,
290 1385 374 1446 ita
403 1385 743 1446 sententiae
773 1386 1180 1462 principatum
1221 1391 1418 1458 tenet,
1472 1401 1675 1460 neque
1718 1387 1917 1446 solum
1958 1384 2196 1443 honore

127 1468 658 1542 antecedentibuS,
702 1470 814 1529 sed
848 1468 920 1529 iis
951 1468 1156 1542 etiarn,
1199 1469 1302 1543 qui
1337 1485 1471 1529 cum
1504 1467 1757 1543 imperio
1796 1475 1968 1540 sunt,
2011 1466 2197 1527 maio·

127 1569 227 1615 res
261 1558 404 1611 natu
439 1568 705 1627 augures
748 1559 1224 1627 anteponuntur.
1296 1553 1463 1627 Quae
1509 1560 1654 1613 sunt
1697 1550 1880 1626 igitur
1920 1552 2198 1625 volupta-

128 1641 221 1694 tes
254 1633 536 1708 corporis
583 1650 719 1694 cum
762 1634 1142 1696 auctoritatis
1177 1635 1463 1710 praemiis
1497 1635 1989 1711 comparandae?
2061 1633 2200 1708 Qui-

128 1717 243 1778 bus
276 1715 379 1792 qui
410 1717 734 1793 splendide
774 1716 873 1779 usi
905 1725 1078 1791 sunt,
1125 1717 1165 1777 ii
1194 1717 1338 1778 mihi
1370 1719 1651 1780 videntur
1682 1719 1946 1778 fabulam
1980 1716 2198 1777 aetatis

127 1799 444 1878 peregisse
499 1817 614 1861 nec
652 1807 960 1878 tamquam
1012 1802 1389 1864 inexercitati
1433 1802 1762 1865 histriones
1811 1801 1870 1860 in
1922 1808 2198 1860 extremo

128 1893 268 1947 actu
299 1885 626 1948 corruisse.

254 1970 355 2030 65.
400 1971 484 2030 At
515 1977 658 2031 sunt
681 1968 914 2031 morosi
943 1977 1006 2031 et
1027 1970 1189 2031 anxii
1213 1978 1276 2031 et
1304 1969 1579 2030 iracundi
1601 1978 1661 2029 et
1687 1927 1967 2030 difficiles
1991 1984 2199 2040 senes

128 2053 181 2114 si
213 2054 593 2129 quaerimus,
627 2053 803 2115 etiam
841 2052 1029 2115 avari.
1102 2053 1228 2115 Scd
1251 2053 1404 2114 haec
1434 2070 1669 2114 morum
1693 2051 1838 2113 vitia
1870 2059 2032 2125 sunt,
2072 2067 2201 2111 non

129 2136 485 2197 senectutis.
555 2140 652 2196 Ac
708 2137 1061 2198 morositas·
1096 2145 1299 2198 tamen
1360 2145 1420 2199 et
1473 2153 1546 2197 ea
1598 2135 1773 2209 vitia,
1840 2152 1998 2212 quae
2054 2133 2206 2195 dixi.

128 2219 357 2280 habent
396 2218 624 2294 aliquid
667 2221 1079 2283 excusationis
1128 2239 1252 2283 non
1299 2219 1458 2280 illius
1512 2219 1756 2295 quidem
1801 2218 2028 2292 iustae,
2086 2219 2205 2279 sed

134 2319 290 2375 quae
320 2301 567 2378 probari
604 2319 795 2377 posse
830 2304 1127 2365 videatur.
1204 2303 1517 2365 Contemni
1548 2320 1617 2364 se
1648 2309 1893 2380 putant,
1947 2300 2204 2377 despici,

130 2384 327 2459 illudi,
380 2392 699 2459 praeterea
750 2384 806 2444 in
864 2387 1057 2463 fragili
1101 2403 1364 2463 corpore
1418 2386 1636 2448 odiosa
1679 2386 1876 2447 omnis
1934 2384 2203 2447 offensio

134 2475 246 2527 est.
319 2468 487 2542 Quae
519 2475 720 2528 tamen
752 2470 956 2530 omnia
995 2471 1273 2532 dulciora
1312 2471 1466 2530 fiunt
1506 2478 1568 2530 et
1609 2472 1881 2531 moribus
1920 2468 2101 2530 bonis
2141 2476 2207 2528 et

129 2551 394 2624 artibus,
427 2550 614 2627 idque
646 2568 831 2627 quum
859 2553 918 2614 in
951 2554 1075 2615 vita
1109 2562 1233 2615 tum
1263 2554 1323 2613 in
1349 2570 1574 2614 scaena
1604 2552 1854 2629 intelligi
1883 2559 2093 2628 potest
2124 2569 2206 2612 ex

130 2634 202 2696 iis
234 2635 550 2709 fratribus,
585 2636 687 2711 qui
716 2636 774 2696 in
804 2636 1106 2712 Adelphis
1139 2645 1302 2698 sunt.
1385 2638 1621 2712 Quanta
1650 2637 1710 2697 in
1743 2638 1932 2697 altero
1967 2634 2202 2708 diritaS,

131 2720 189 2778 in
234 2722 426 2781 altero
474 2719 763 2781 comitas!
836 2719 937 2782 Sic
983 2737 1053 2782 se
1101 2738 1204 2781 res
1245 2720 1458 2780 habet:
1519 2729 1587 2781 ut
1636 2719 1795 2781 enim
1839 2736 1963 2780 non
2018 2735 2206 2779 omne

130 2801 372 2874 vinum,
429 2803 520 2864 sic
563 2821 685 2865 non
721 2803 917 2865 omnis
966 2812 1179 2865 natura
1216 2811 1521 2864 vetustate
1554 2803 1880 2865 coacescit.
1961 2802 2179 2862 Severi

129 2892 311 2945 tatem
356 2887 414 2945 in
458 2894 776 2948 senectute
831 2888 1063 2963 prob0,
1127 2894 1187 2947 et
1242 2903 1405 2961 eam,
1461 2887 1618 2948 sicut
1670 2886 1818 2961 alia,
1876 2885 2201 2970 modicam,

131 2966 527 3028 acerbitatem
585 2972 751 3031 nullo
802 2972 1008 3032 modo.
1096 2971 1199 3034 66.
1257 2969 1528 3032 Avaritia
1582 2987 1731 3031 vero
1787 2953 1995 3032 senilis
2054 2968 2204 3043 quid

131 3045 247 3112 sibi
281 3051 425 3112 velit
452 3068 575 3113 non
617 3052 905 3128 intelligo.
985 3055 1198 3115 Potest
1236 3053 1393 3114 enim
1428 3054 1760 3130 quidquam
1802 3069 1943 3114 esse
1988 3052 2204 3119 absur-

132 3134 268 3196 dius
295 3152 512 3210 quam,
546 3152 668 3210 quo
702 3135 838 3196 viae
868 3136 1066 3198 minus
1097 3143 1317 3211 restet,
1351 3154 1425 3198 eo
1460 3140 1596 3214 plus
1626 3137 1826 3197 viatici
1864 3138 2205 3212 quaerere?

255 3219 412 3278 XIX.
457 3218 682 3292 Quarta
728 3226 920 3279 restat
963 3236 1182 3294 causa,
1239 3237 1398 3295 quae
1438 3220 1698 3281 maxime
1753 3236 1975 3296 angere
2016 3225 2205 3293 atque

134 3297 452 3359 sollicitam
493 3301 721 3361 habere
761 3309 1034 3361 nostram
1067 3311 1326 3365 aetatem
1367 3303 1639 3379 videtur,
1685 3301 2200 3381 appropinquatio

135 3378 379 3453 mortiS‚
434 3399 592 3455 quae
642 3391 808 3443 certe
848 3399 883 3443 a
933 3393 1252 3447 senectute
1299 3404 1419 3448 non
1475 3395 1680 3464 potest
1727 3389 1909 3463 longe
1953 3385 2179 3446 abesse
