2381 3723
200 173 271 227 89
989 160 1467 221 FRAGMENTA
1480 203 1494 218 .
2163 160 2288 224 279

204 314 462 391 aspiciet
513 331 693 390 quam
753 313 912 374 illam
968 310 1146 387 sequi
1197 309 1472 386 coeperit
1532 309 2037 386 conversionem,
2102 328 2284 386 quam

202 398 466 460 habebat
516 397 574 458 in
623 415 693 459 se
752 396 886 474 ipse
938 395 1215 456 eiusdem
1262 402 1325 455 et
1361 393 1572 455 similis
1608 393 1876 454 innatam
1919 402 1983 455 et
2019 394 2285 455 insitam.

205 483 385 556 Quod
414 487 540 542 tum
574 480 845 554 eveniet,
900 497 1088 555 quum
1117 478 1250 551 illa,
1286 494 1445 553 quae
1468 494 1548 539 ex
1575 476 1729 554 igni,
1782 482 1952 551 aere,
2006 495 2170 554 aqua
2201 486 2289 539 at·

207 583 331 641 que
366 573 557 637 terra,
612 566 958 626 turbulenta
1000 570 1062 624 et
1102 560 1357 633 rationis
1390 560 1667 638 expertia
1693 561 2061 635 insederint,
2119 561 2289 622 deni-

204 665 329 725 que
368 648 603 709 ratione
633 647 940 729 depulerit
968 654 1031 707 et
1059 647 1139 706 ad
1175 644 1428 721 primam
1459 653 1648 722 atque
1672 645 1964 722 optimam
1995 646 2286 707 adfectio-

203 748 344 793 nem
386 731 570 792 animi
603 730 973 808 pervenerit.

327 817 483 876 xm.
531 816 699 888 Quae
727 832 914 891 quum
938 814 1025 875 ita
1043 813 1436 890 designasset
1455 828 1755 888 seseque,
1788 811 1842 872 si
1881 814 2025 888 quid
2063 820 2287 890 postea

205 900 440 959 fraudis
472 906 578 959 aut
609 898 732 958 vitii
765 898 1107 971 evenisset,
1155 905 1331 958 extra
1360 911 1601 957 omnem
1635 897 1878 971 culpam
1910 913 2286 974 causamque

200 981 548 1060 posuisset,
581 982 735 1043 alios
769 982 829 1042 in
859 981 1139 1056 Terram,
1175 980 1330 1042 alios
1359 980 1420 1040 in
1444 980 1708 1052 Lunam,
1741 978 1895 1040 alios
1924 979 2284 1057 in-reliquas

203 1064 415 1126 mundi
458 1074 699 1142 partes,
753 1081 912 1141 quae
954 1073 1101 1125 sunt
1141 1065 1220 1124 ad
1266 1064 1606 1140 spatiorum
1636 1062 1933 1138 temporis
1983 1063 2282 1140 significa-

204 1150 430 1210 tionem
497 1156 682 1210 notae
740 1149 1135 1222 constitutae,
1197 1164 1500 1224 spargens
1557 1145 1736 1223 quasi
1786 1147 2050 1208 serebat.
2136 1148 2288 1209 Post

205 1242 407 1294 autem
445 1231 745 1293 sationem
785 1249 919 1293 eam
955 1232 1080 1305 dis,
1126 1239 1198 1292 ut
1236 1231 1321 1291 ita
1351 1230 1578 1305 dicam,
1620 1229 1962 1292 iunioribus
1989 1230 2285 1308 permisit,

204 1324 275 1377 ut
310 1332 576 1391 corpora
606 1315 887 1377 mortalia
917 1316 1285 1392 effingerent
1328 1323 1749 1391 quantumque
1783 1323 1955 1376 esset
1980 1315 2283 1391 reliquum

202 1417 285 1460 ex
313 1399 581 1461 humano
613 1399 847 1471 animo,
881 1400 1051 1476 quod
1082 1400 1340 1459 deberet
1367 1399 1699 1472 accedere,
1730 1396 1794 1458 id
1826 1414 2009 1459 omne
2039 1405 2102 1458 et
2124 1414 2285 1474 quae

204 1482 652 1559 consequentia
694 1489 907 1544 essent
945 1483 1325 1559 perpolirent
1367 1490 1429 1544 et
1480 1483 1906 1544 absolverent:
1953 1481 2178 1543 deinde
2219 1488 2288 1542 ut

204 1566 349 1627 huic
389 1565 676 1626 animanti
718 1566 1030 1643 principes
1076 1582 1145 1628 se
1193 1568 1514 1642 ducesque
1558 1567 1928 1643 praeberent
1972 1564 2284 1642 vitamque

207 1649 342 1710 eius
392 1649 796 1722 pulcherrime
848 1659 1133 1726 regerent
1183 1657 1246 1711 et
1294 1651 1734 1726 gubernarent,
1806 1649 1923 1710 nisi
1979 1658 2284 1725 quatenus

206 1731 345 1808 ipse
378 1734 535 1793 bene
568 1735 767 1793 factus
807 1751 922 1795 sua
965 1733 1296 1810 culpasibi
1337 1734 1568 1810 aliquid
1614 1733 1899 1795 miseriae
1940 1741 2284 1810 quaereret.

206 1820 418 1893 Atque
454 1815 506 1878 is
540 1816 817 1893 quidem,
862 1816 967 1894 qui
1005 1826 1226 1879 cuncta
1257 1816 1635 1894 composuit,
1687 1824 2045 1880 constanter
2071 1818 2130 1879 in
2167 1833 2282 1879 suo

206 1901 496 1961 manebat
522 1907 713 1963 statu:
772 1900 874 1978 qui
906 1910 1107 1963 autem
1142 1909 1318 1962 erant
1354 1902 1431 1962 ab
1468 1918 1544 1962 eo
1580 1902 1798 1975 creati,
1831 1913 2029 1976 'quum
2070 1918 2285 1978 paren·

208 1983 287 2044 tis
326 1984 599 2045 ordinem
630 1984 1099 2061 cognovissent,
1137 1986 1301 2046 hunc
1336 1985 1772 2061 sequebantur.
1846 1986 2061 2059 ltaque
2096 2001 2284 2059 quum

206 2067 602 2142 accepissent
643 2069 985 2131 immortale
1028 2067 1389 2145 principium
1441 2067 1715 2130 mortalis
1758 2067 2111 2141 animantis,
2159 2066 2283 2127 imi-

204 2159 409 2212 tantes
447 2151 785 2228 genitorem
816 2160 878 2213 et
907 2153 1263 2214 effectorem
1310 2152 1407 2213 sui
1438 2152 1773 2228 particulas
1801 2150 1962 2227 ignis
1993 2158 2055 2211 et
2083 2159 2285 2212 terrae

200 2242 499 2310 suaquae
535 2243 598 2297 et
630 2236 868 2297 animae
908 2254 946 2297 a
974 2237 1236 2309 mundo,
1291 2253 1448 2311 quas
1486 2253 1704 2297 rursus
1742 2236 2104 2308 redderent,
2159 2252 2287 2295 mu-

206 2319 538 2379 tuabantur
567 2336 801 2396 easque
829 2320 989 2382 inter
1016 2336 1088 2382 se
1128 2320 1501 2398 copulabant
1545 2320 1707 2381 haud
1751 2318 1970 2381 iisdem
2003 2317 2286 2391 vinculiS,

204 2400 433 2476 quibus
464 2401 584 2479 ipsi
619 2411 794 2464 erant
829 2403 1121 2480 colligati,
1158 2405 1274 2465 sed
1305 2404 1557 2477 talibuS‚
1594 2421 1752 2479 quae
1777 2404 1945 2466 cerni
1979 2420 2103 2465 non
2143 2418 2288 2478 pos·

204 2492 350 2545 sent
378 2495 635 2563 propter
661 2487 1063 2563 parvitatem,
1114 2489 1347 2549 crebris
1380 2488 1557 2564 quasi
1589 2488 1866 2550 cuneolis
1898 2485 2286 2564 iniqueractis

208 2585 399 2629 unum
446 2569 799 2632 efficiebant
848 2589 927 2632 ex
990 2570 1276 2632 omnibus
1326 2586 1585 2647 corpus,
1641 2571 1909 2648 itemque
1959 2571 2017 2631 in
2074 2589 2149 2632 eo
2198 2571 2286 2629 in-

205 2650 437 2713 fluente
471 2661 657 2730 atque
693 2654 987 2716 effluente
1019 2653 1205 2715 animi
1239 2653 1428 2715 divini
1456 2652 1719 2714 ambitus
1761 2654 2092 2728 illigabant.
2170 2655 2284 2713 Ita·

200 2752 326 2810 que
346 2735 431 2796 illi
462 2736 520 2796 in
553 2736 778 2799 flumen
810 2740 1196 2818 [immensum]
1228 2736 1497 2799 immersi
1526 2753 1730 2812 neque
1764 2737 2053 2816 tenebant
2072 2751 2286 2810 *neque

202 2820 615 2895 tenebantur,·
662 2822 776 2883 sed
814 2821 876 2882 vi
919 2838 1138 2898 magna
1189 2829 1317 2884 tum
1359 2821 1676 2894 serebant,
1735 2829 1861 2882 tum
1914 2817 2285 2881 ferebantur.

203 2902 295 2961 lta
323 2909 517 2964 totum
561 2904 782 2966 animal
824 2907 1187 2968 movebatur
1212 2906 1359 2966 illud
1393 2905 1674 2981 quidem,
1728 2905 1841 2965 sed
1883 2903 2285 2965 immoderate

201 2993 270 3043 et
301 2987 582 3062 fortuitu,
629 2996 701 3050 ut
721 3006 836 3050 sex
866 2989 1137 3051 motibus
1170 2989 1521 3050 veheretur.
1547 2999 1550 3002 ’
1591 2988 1741 3048 Nam
1769 2996 1832 3049 et
1860 2996 2004 3050 ante
2032 2994 2096 3049 et
2119 3003 2284 3064 pone

202 3069 375 3129 etad
416 3072 654 3133 laevam
678 3080 757 3133 ·et
795 3074 877 3133 ad
913 3074 1193 3134 dextram
1234 3081 1296 3132 et
1338 3088 1583 3133 sursum
1629 3080 1691 3132 et
1724 3073 2046 3145 deorsum,
2094 3070 2281 3132 modo

196 3152 380 3297 2¹2³}
406 3157 594 3217 modo
636 3154 780 3218 illuc
813 3158 945 3235 [sex
983 3174 1127 3217 oras
1150 3159 1534 3232 reqionesque
1571 3172 1775 3216 versus
1806 3172 2026 3217 errans
2059 3171 2283 3231 proce·

239 3253 276 3296 e
311 3254 352 3296 α
411 3281 426 3297 .
454 3283 468 3298 .
493 3283 508 3299 .
536 3283 550 3299 .

339 3344 492 3413 [Tres
528 3348 637 3399 fere
674 3351 859 3402 desunt
894 3352 1117 3418 paginae
1154 3352 1399 3401 orationis
1439 3349 1742 3403 Platonicae.
1817 3350 1988 3400 Verba
2026 3357 2140 3399 ante
2170 3349 2284 3398 hia-

197 3415 307 3464 tum
340 3416 523 3467 ultima
557 3417 686 3469 haec
719 3427 840 3469 sunt
890 3433 974 3485 ap.
1012 3419 1206 3471 Platon.
1245 3435 1299 3485 p.
1338 3418 1423 3472 43.
1458 3419 1516 3470 Β.
1556 3419 1637 3471 ed.
1675 3416 1856 3485 Stephc
1893 3410 2046 3467 κάτω
2079 3431 2138 3468 τε
2185 3411 2284 3466 καὶ

2241 3607 2374 3621 *-
