2381 3723
167 158 229 217 ιι
460 240 464 243 Α
958 148 1459 210 FRAGMENTA
2122 153 2241 216 261

170 300 455 363 alimenta
485 297 797 363 terrestria
829 298 1183 376 indigebant
1210 306 1392 376 tecto,
1423 308 1486 362 et
1515 300 1720 361 ovium
1744 308 2244 391 caeterarumque

172 383 482 461 pecudum
517 382 674 445 setus
706 388 892 457 atque
935 383 1168 445 fruetus
1217 386 1427 445 clauso
1464 382 1853 445 custodiendi
1889 392 2089 458 erant,
2130 402 2245 446 nec

169 467 368 533 minus
409 465 646 546 reliqua
685 465 996 539 utensilia,
1044 465 1267 543 quibus
1310 475 1416 528 aut
1463 466 1643 528 alitur
1685 465 1999 529 hominum
2047 485 2244 544 genus

170 557 276 611 aut
302 549 479 609 etiam
523 548 840 608 excolitur.
904 550 1032 625 Qua
1062 566 1130 610 re
1166 567 1353 625 quum
1389 559 1451 611 et
1490 567 1739 625 operam
1782 559 1843 611 et
1876 551 2243 627 diligentiam

171 650 274 707 ea,
320 647 478 708 quae
519 629 987 709 proposuimus,
1032 632 1478 695 desiderarent
1502 649 1615 694 nec
1659 633 1878 709 exigua
1914 632 2238 696 curatoris

170 715 637 790 acquirerentur
667 731 826 798 quae
857 715 1025 778 domi
1060 716 1355 779 custodiri
1400 723 1744 792 oporteret,
1788 716 1949 792 iure,
1989 726 2059 779 ιιι
2099 717 2243 789 dixi,

171 818 208 860 a
251 806 469 860 natura
515 803 870 875 comparata
915 807 1012 861 est
1041 816 1234 875 opera
1275 798 1543 862 mulieris
1574 802 1651 860 ad
1686 801 2085 862 domesticam
2117 799 2242 863 dili-

172 881 468 958 gentiam,
508 880 625 945 viri
664 888 863 944 autem
908 883 987 943 ad
1029 882 1531 945 exercitationem
1577 885 1884 944 forensem
1944 890 2005 945 et
2047 892 2241 945 extra·

174 982 374 1029 neam.
421 966 633 1040 ltaque
657 964 787 1025 viro
823 966 1061 1027 calores
1097 973 1159 1027 et
1187 966 1416 1042 frigora
1446 965 1871 1043 perpetienda,
1905 974 2031 1027 tum
2062 967 2240 1028 etiam

171 1050 389 1111 itinera
418 1055 481 1109 et
509 1049 754 1110 labores
787 1048 957 1123 pacis
988 1066 1062 1111 ac
1093 1049 1265 1123 belli,
1296 1050 1360 1110 id
1389 1057 1513 1125 est,
1546 1048 1957 1111 rusticationis
1996 1056 2058 1110 et
2095 1048 2244 1111 mili·

171 1132 392 1195 tarium
435 1131 909 1208 stipendiorum,
955 1134 1110 1195 deus
1164 1133 1392 1208 tribuit,
1443 1131 1678 1194 mulieri
1710 1133 2038 1209 deinceps,
2075 1132 2242 1208 quod

107 1278 112 1295 ,
176 1215 457 1279 omnibus
486 1214 584 1276 his
614 1216 798 1279 rebus
825 1232 959 1278 eam
988 1219 1218 1278 fecerat
1242 1216 1565 1278 inhabilem
1583 1263 1598 1291 ,
1633 1215 1972 1277 domestica
2001 1215 2245 1290 negotia

175 1299 448 1361 curanda
478 1299 744 1360 tradidit.
807 1300 884 1361 Et
924 1299 1213 1376 quoniam
1250 1301 1413 1363 hunc
1451 1317 1668 1363 sexum
1710 1299 2027 1363 custodiae
2062 1305 2124 1358 et
2159 1299 2242 1359 di·

173 1381 455 1458 ligentiac
487 1381 948 1457 adsignaverat,
983 1383 1213 1446 idcirco
1244 1383 1609 1447 timidiorem
1640 1381 1906 1445 reddidit
1940 1399 2120 1458 quam
2156 1380 2219 1443 vi

173 1467 365 1527 rilem.
435 1465 585 1529 Nam
628 1473 827 1529 metus
870 1465 1190 1542 plurimum
1236 1469 1475 1530 confert
1512 1469 1589 1529 ad
1635 1465 1998 1542 diligentiam
2046 1473 2244 1526 custo·

177 1549 402 1610 diendi.
464 1550 641 1623 Quod
672 1558 874 1611 autem
913 1566 1175 1613 necesse
1216 1559 1348 1613 erat
1385 1551 1534 1613 foris
1569 1558 1629 1613 et
1666 1550 1727 1611 in
1761 1556 1975 1626 aperto
2016 1549 2243 1610 victum

178 1632 611 1709 quaerentibus
644 1650 766 1695 non
803 1650 1132 1710 numquam
1167 1633 1443 1696 iniuriam
1477 1636 1871 1712 propulsare,
1903 1632 2130 1696 idcirco
2164 1631 2244 1692 vi·

174 1733 312 1778 rum
372 1732 552 1791 quam
598 1716 913 1781 mulierem
967 1717 1111 1779 fecit
1155 1718 1567 1781 audaciorem.
1646 1717 1795 1794 Quia
1846 1733 1996 1779 vero
2055 1714 2243 1793 partis

179 1799 403 1877 opibus
433 1816 632 1877 aeque
672 1799 782 1866 fuit
818 1818 976 1878 opus
1016 1801 1310 1866 memoria
1342 1809 1404 1864 et
1431 1800 1763 1879 diligentia,
1797 1816 1920 1861 non
1952 1798 2242 1861 minorem

177 1883 441 1945 feminae
474 1902 656 1960 quam
687 1884 818 1946 viro
853 1901 1063 1947 earum
1095 1903 1296 1949 rerum
1327 1885 1533 1946 tribuit
1564 1882 2041 1959 possessionem.
2097 1884 2245 1941 Tum

178 1967 391 2040 etiam,
429 1969 596 2041 quod
631 1967 890 2044 simplex
931 1977 1147 2032 natura
1185 1987 1311 2032 non
1349 1984 1562 2034 omnes
1592 1983 1694 2027 res
1737 1966 2092 2028 commodas
2126 1981 2247 2025 am·

176 2050 362 2147 plecti
391 2052 659 2125 valebat,
689 2051 919 2112 idcirco
943 2055 1197 2115 alterum
1222 2053 1471 2115 alterius
1494 2049 1765 2125 indigere
1799 2048 2022 2121 voluit,
2057 2064 2247 2123 quon·

175 2135 328 2208 iam,
362 2136 531 2208 quod
570 2098 739 2196 alt’eri
771 2137 977 2208 deest,
1021 2144 1271 2212 praesto
1305 2137 1663 2211 plerumque
1701 2139 1797 2196 est
1832 2130 2022 2192 alteri.
2084 2130 2251 2191 Haec

177 2222 243 2278 in
287 2216 656 2279 Oeconomico
693 2220 1023 2296 Xenophon
1065 2226 1123 2280 et
1165 2221 1381 2282 deinde
1420 2220 1648 2290 Cicero,
1692 2218 1796 2291 qm·
1831 2232 1960 2276 eum
2000 2214 2251 2277 Latinae

177 2304 591 2363 consuetudini
613 2304 880 2377 tradidit,
909 2320 1023 2363 non
1051 2295 1333 2364 inutiliter
1354 2305 1769 2364 disseruerunt.
1864 2312 1926 2380 [c
1940 2313 1997 2364 οι
2012 2327 2107 2363 um
2122 2328 2148 2362 e
2163 2310 2202 2359 11
2220 2325 2250 2360 a

179 2394 618 2452 lib.m.P1-aef.
655 2401 706 2461 S.
748 2398 925 2464 1—7.]

356 2480 804 2547 [Xenophon
839 2482 958 2535 Oea.
999 2498 1112 2549 cap.
1153 2485 1205 2534 7.
1241 2485 1290 2546 §-
1322 2482 1390 2536 36
1427 2482 1529 2547 ιφ]
1618 2469 1707 2529 Ea
1767 2481 1951 2543 porro
2004 2477 2252 2540 persua·

182 2548 490 2610 sissinium
537 2551 764 2610 habere
810 2551 1056 2612 debebit
1091 2560 1196 2611 aut
1237 2550 1294 2611 in
1342 2557 1537 2611 totum
1583 2557 1689 2610 aut
1727 2556 1894 2610 certe
1931 2547 2253 2623 plurimum

183 2630 353 2693 domi
383 2648 453 2694 se
481 2633 706 2695 morari
737 2641 1055 2710 oportere,
1084 2642 1213 2696 tum
1241 2633 1461 2709 quibus
1496 2631 1767 2707 aliquid
1751 2650 1810 2692 ιιι
1849 2646 1999 2705 agro
2033 2631 2251 2688 facien·

183 2715 330 2776 dum
371 2714 484 2776 erit
516 2715 745 2791 servia,
795 2734 907 2780 eos
948 2720 1114 2779 foras
1159 2717 1463 2791 emittere,
1514 2714 1735 2791 quibus
1779 2720 1982 2774 autern
2010 2710 2071 2772 in
2114 2709 2257 2769 villa

183 2798 336 2873 quid
374 2799 681 2873 agendum
711 2799 1043 2877 videbitur,
1088 2817 1201 2863 eos
1242 2801 1399 2862 intra
1429 2799 1697 2877 parietes
1727 2795 2041 2859 continere
2074 2800 2257 2868 atque

180 2879 702 2957 animadvertere,
735 2900 814 2944 ne
850 2884 1068 2946 diurna
1099 2886 1404 2946 cessando
1448 2885 1814 2944 frustrentur
1844 2894 2063 2956 opera,
2097 2890 2254 2951 quae

184 2965 435 3026 domum
481 2971 684 3027 autem
725 2966 1094 3042 inferuntur,
1138 2966 1461 3043 diligenter
1497 2964 1833 3041 inspicere,
1875 2980 1953 3024 ne
1997 2960 2257 3022 delibata

183 3045 339 3119 sint,
372 3048 543 3112 etita
574 3052 895 3126 explorata
928 3057 1114 3126 atque
1144 3050 1436 3112 inviolata
1464 3049 1767 3125 recipere,
1809 3055 1937 3108 tum
1969 3060 2258 3119 separare

184 3146 348 3205 quae
380 3135 803 3195 consumenda
825 3141 968 3195 sunt
995 3141 1058 3195 et
1090 3151 1249 3211 quae
1276 3132 1597 3211 superfieri
1623 3138 1905 3227 possunt,
1931 3125 2258 3197 custodire,

181 3230 267 3275 ne
297 3223 583 3291 sumptus
623 3232 866 3280 annuus
913 3224 1267 3280 menstruus
1298 3217 1422 3278 fiat.
1483 3218 1635 3277 Tum
1670 3214 1724 3276 si
1756 3213 1892 3292 quis
1933 3227 2011 3273 ex
2042 3207 2261 3269 familia

183 3298 467 3374 coeperit
495 3300 760 3362 adversa
789 3299 1145 3364 valetudine
1173 3299 1385 3375 adfici,
1410 3297 1743 3363 videndum
1771 3296 1885 3358 erit
1904 3301 1972 3357 ut
1996 3293 2052 3355 is
2083 3307 2262 3385 quam

183 3382 689 3445 commodissime
723 3384 1128 3446 ministretur.
1169 3400 1309 3445 nam
1352 3400 1429 3444 ex
1466 3382 1649 3445 huius
1695 3380 1859 3442 modi
1893 3394 2039 3440 cura
2068 3372 2263 3436 nasci-

449 3537 478 3556 A„
