2381 3723
196 133 299 199 ιω
986 120 1493 193 FRAGMENTA.
2156 125 2281 188 297

321 273 383 334 9.
426 273 517 334 M.
551 272 755 333 Cicero
785 287 963 347 quum
997 273 1168 346 apud
1193 274 1627 351 Damasippum
1662 282 1909 337 cenaret
1930 282 1990 336 et
2024 279 2124 337 ille
2150 295 2281 338 me-

190 359 387 421 diocri
422 359 558 416 vino
596 358 789 432 posito
832 357 1083 415 diceret:
1139 355 1375 443 ‘Bibite
1419 357 1743 417 Falernum
1780 359 1932 432 hoc,
1978 375 2277 421 annorum

193 438 599 519 quadraginta
641 441 790 512 est’,
822 439 1022 510 Bene,
1071 443 1287 514 inquit,
1332 447 1594 500 aetatem
1632 441 1766 501 sert.
1876 455 2278 522 [Macrobius

192 524 395 576 Saturn.
433 524 520 577 lib.
554 523 620 576 11.
661 537 777 588 (περ.
816 521 866 574 3.
895 524 945 584 s.
983 519 1060 588 2.]

324 609 424 670 10.
465 609 819 670 Emendavit
848 609 959 668 hoc
997 611 1174 667 etiam
1217 608 1445 668 urbane
1490 610 1552 667 in
1593 610 1792 671 Hirtio
1805 655 1821 683 ,
1866 613 1971 685 qui
2002 629 2181 686 quum
2215 617 2276 673 in

191 696 456 756 Pansam
497 694 841 754 declamans
875 694 1065 764 filium
1117 708 1156 750 a
1201 698 1390 751 matre
1429 692 1627 753 decem
1676 695 1968 755 mensibus
2005 698 2070 755 in
2110 703 2280 758 utero

190 781 381 839 latum
406 794 532 838 esse
560 778 810 837 dixisset
819 796 839 834 .·
871 773 1066 849 Quid?
1107 774 1292 849 aliae,
1324 777 1514 849 inquit
1556 777 1787 850 Cicero,
1832 775 1892 837 in
1934 781 2275 852 perula-so-

191 863 320 923 lent
349 862 549 923 ferre?
639 874 1179 943 [Quinctilianus
1218 874 1307 927 lib.
1350 874 1486 924 vm.
1525 890 1638 940 cap.
1679 875 1728 925 3.
1766 878 1815 940 S.
1854 875 1963 941 54.]

321 964 419 1023 11.
462 962 540 1021 In
589 962 962 1023 Isauricum:
1019 961 1246 1021 ‘Miror
1307 959 1454 1035 quid
1516 960 1621 1032 sit,
1673 962 1843 1036 quod
1904 968 2083 1037 pater
2127 969 2271 1024 tuus

192 1046 379 1180 {2¹ng
413 1043 950 1194 eson488t3ntissimus
980 1052 1041 1104 te
1070 1043 1251 1105 nobis
1281 1044 1516 1104 varium
1545 1042 1805 1118 reliquit.
1882 1059 2046 1126 [Idem
2071 1061 2159 1114 lib.
2188 1063 2270 1114 vl.

255 1144 290 1195 P
323 1212 416 1273 12.
460 1214 631 1275 Idem
672 1232 850 1289 quum
893 1215 1202 1276 Lentulum
1237 1204 1524 1288 generum
1563 1209 1732 1273 suum
1773 1216 2031 1288 exiquae
2072 1222 2269 1276 statu-

187 1316 301 1359 rae
327 1299 617 1359 hominem
649 1303 824 1373 tonyo
845 1300 1052 1373 gladio
1080 1301 1411 1373 accinctum
1439 1298 1705 1357 vidisset:
1737 1296 1902 1371 Quis,
1934 1301 2137 1373 inquit,
2168 1315 2269 1374 ge·

187 1398 408 1517 {inerugi
429 1398 664 1530 smgtlim
720 1384 798 1442 ad
845 1381 1110 1458 gladium
1174 1379 1505 1456 adligavit?
1604 1395 2003 1464 [Macrobius
2062 1398 2150 1447 lib.
2202 1399 2290 1467 11.,

162 1612 173 1620 ,
251 1481 284 1531 p
320 1549 420 1611 13.
473 1549 548 1611 Ut
590 1550 793 1612 Cicero
845 1553 908 1610 in
960 1551 1258 1613 Marcium
1273 1598 1288 1624 ,
1349 1553 1637 1613 bominem
1686 1555 1970 1614 callidum
2024 1561 2083 1614 et
2127 1571 2236 1616 ver

187 1641 382 1696 sutum
407 1680 422 1707 ,
486 1651 662 1709 quum
723 1637 775 1694 is
837 1638 900 1694 in
968 1636 1229 1708 quadam
1290 1652 1474 1696 causa
1535 1645 1837 1712 suspectus
1902 1645 2051 1698 esset
2064 1660 2084 1698 .·
2144 1635 2270 1698 Nisi

189 1735 319 1852 gua
344 1716 590 1867 31]ng
609 1723 770 1867 lrate
824 1717 1020 1778 evasit
1078 1719 1338 1779 Lartius.
1450 1732 1982 1801 [Quinctilianus
2032 1735 2122 1786 lib.
2177 1737 2266 1786 VI.

251 1817 304 1867 P·
321 1842 418 1948 14.
467 1839 737 1950 Octavucs
750 1936 765 1964 ,
810 1893 915 1964 qui
952 1897 1098 1950 natu
1147 1891 1355 1951 nobilis
1396 1890 1706 1950 videbatur
1719 1935 1733 1962 ,
1789 1889 2062 1949 Ciceroni
2092 1891 2270 1968 vreci-

186 1974 341 2034 tanti
379 1974 496 2033 ait:
537 1973 724 2033 εΝοη
769 1976 1005 2034 audio
1032 1989 1222 2048 quae
1262 1975 1513 2033 dicis?
1551 1972 1669 2033 Ille
1711 1972 2047 2045 respondit:
2095 1971 2271 2030 Certe

187 2055 439 2118 solebas
473 2056 632 2117 bene
675 2057 902 2118 foratas
947 2056 1174 2117 habere
1210 2071 1413 2116 aures.
1470 2056 1600 2115 Hoc
1631 2070 1699 2115 eo
1732 2055 1950 2113 dictum
1978 2061 2090 2125 est,
2127 2056 2270 2129 quia

189 2140 465 2201 Octavius
482 2141 660 2217 Libys
679 2143 968 2202 oriundus
990 2141 1311 2213 dicebatur,
1333 2140 1542 2214 quibus
1564 2154 1688 2198 mos
1707 2142 1795 2197 est
1813 2153 2019 2197 aurem
2033 2137 2269 2209 forare.

184 2224 590 2292 [Macrobius
614 2223 722 2278 Sat.
753 2225 842 2278 lib.
871 2226 984 2277 vn.
1025 2238 1138 2289 cap.
1165 2224 1217 2275 3.
1254 2226 1304 2287 S.
1331 2226 1380 2274 7.
1413 2222 1478 2273 cf.
1518 2220 1843 2273 Plutarch.
1885 2219 1986 2271 Cic.
2016 2235 2132 2285 cap.
2154 2215 2267 2284 26]

318 2325 414 2385 15.
464 2326 664 2389 Cicero
677 2374 692 2402 ,
742 2344 920 2403 quum
956 2328 1093 2388 Piso
1125 2344 1315 2401 ρεπεν
1352 2328 1477 2387 eius
1515 2328 1747 2385 mollius
1776 2323 2099 2395 incederet,
2135 2323 2269 2395 filia

185 2417 384 2473 autem
411 2414 786 2485 concitatius,
820 2414 909 2471 ait
941 2413 1143 2484 filiae:
1187 2410 1450 2470 Ambula
1485 2416 1793 2483 tamquam
1814 2406 1928 2467 vir.
1987 2418 2268 2488 [Maero-

186 2497 332 2546 bius
366 2492 473 2545 Sat.
514 2495 600 2546 lib.
640 2498 703 2548 11.
744 2508 854 2560 cap.
891 2495 942 2547 3.
971 2497 1020 2557 S.
1061 2491 1171 2558 16.]

315 2582 414 2642 16.
443 2581 520 2642 In
533 2582 908 2655 Plaetorium,
931 2581 1144 2640 Fontei
1159 2584 1595 2640 accusatorem:
1620 2574 1801 2636 Cuius
1827 2582 2099 2646 matrem,
2116 2575 2275 2633 dixit

187 2667 483 2739 (Cicero),
517 2665 660 2725 dum
691 2663 953 2724 vixisset
972 2709 987 2736 ,
1015 2662 1254 2735 ludum,
1286 2667 1619 2737 postquam
1648 2666 1887 2719 mortua
1916 2662 2269 2742 esset,ssma-

183 2749 418 2824 gistros
448 2748 758 2809 habuisse.
844 2749 1209 2809 Dicebantur
1240 2752 1433 2807 autem
1451 2791 1465 2818 ,
1501 2745 1641 2803 dum
1670 2744 1820 2801 vixit
1831 2786 1846 2814 ,
1879 2740 2135 2812 infames
2157 2737 2271 2810 fe-

132 2848 138 2852 ·
181 2836 386 2893 minae
405 2835 717 2893 convenire
737 2833 823 2892 ad
840 2849 972 2892 eam
993 2835 1214 2903 solitae,
1235 2836 1372 2906 post
1379 2833 1629 2889 mortem
1657 2827 1809 2886 bona
1829 2827 1956 2885 eius
1977 2822 2268 2883 venibant.

100 2953 111 2964 .
186 2915 720 2982 [Quint-,tilianae
755 2916 847 2965 lib.
881 2917 970 2968 VI.
1004 2931 1114 2981 cap.
1159 2915 1216 2968 3⁸.
1253 2917 1302 2977 S.
1344 2909 1451 2977 51.]

321 3001 420 3061 17.
461 3003 553 3063 De
591 3002 903 3078 Pompeio.-
935 3002 1068 3077 Ego
1113 3016 1264 3060 vero
1312 3014 1490 3074 quem
1536 2994 1760 3071 fugiam
1803 2993 2034 3063 haben,
2086 3003 2272 3063 quem

186 3100 424 3160 sequar
461 3101 583 3145 non
615 3085 837 3146 habeo.
929 3097 1344 3165 [Macrobius
1381 3094 1485 3146 Sat.
1524 3093 1614 3144 lib.
1657 3093 1720 3142 11.
1760 3106 1872 3158 cap.
1907 3087 1957 3140 3.
1989 3089 2040 3150 §-
2074 3083 2150 3167 7.]⁴

78 3261 107 3282 .
323 3200 421 3263 18·
467 3204 657 3274 Quum
687 3206 776 3264 ad
798 3204 1138 3279 Pompeium
1178 3202 1426 3261 venisset
1439 3244 1454 3272 ,
1487 3195 1809 3257 dicentibus
1834 3206 1975 3253 sero
2003 3204 2135 3249 eum
2164 3202 2272 3246 ve-

182 3291 377 3360 nisse,
415 3289 752 3364 respondit:
792 3286 1038 3346 Minime
1084 3299 1228 3344 sero
1274 3281 1445 3341 veni:
1494 3296 1634 3340 nam
1677 3276 1821 3338 nihil
1863 3273 1962 3334 hie
1992 3275 2273 3349 paratum

71 3449 86 3460 .
179 3370 395 3432 video.
490 3384 653 3453 [Idem
689 3385 724 3436 1.
767 3382 833 3451 e.]
