2381 3723
605 166 746 224 LlB.
781 167 878 225 111.
927 166 1094 226 CAP.
1131 177 1395 229 10—12.
1438 175 1491 237 S.
1524 175 1789 231 44—51.
2157 168 2241 232 93

155 318 325 381 nullo
362 317 548 378 modo
582 324 846 393 possent
869 315 1179 379 sustinere
1210 324 1706 394 statueremque,
1744 324 1814 379 ut
1850 319 2000 381 urbe
2032 319 2244 382 relicta

156 399 522 478 coniugibus
568 407 630 462 et
668 399 877 463 liberis
906 403 1224 464 Troezene
1271 401 1573 478 depositis
1619 419 1813 463 naves
1864 405 2241 465 conscende-

138 491 300 547 ·rent
355 484 822 562 libertatemque
866 485 1158 547 Graeciae
1203 488 1406 548 classe
1453 487 1883 561 defenderent,
1942 487 2242 565 Cyrsilum

154 569 489 646 quemdam
546 571 939 642 suadentem,
1017 577 1085 631 ut
1140 568 1202 630 in
1264 570 1418 631 urbe
1478 580 1793 632 manerent
1846 572 2242 647 Xerxemque

154 651 537 729 reciperent,
590 652 897 729 lapidibus
944 654 1302 715 obruerunt.
1388 658 1594 731 Atque
1642 653 1744 715 ille
1790 654 2107 717 utilitatem
2146 673 2242 716 se·

157 735 259 813 qui
318 735 668 810 videbatur,
737 738 851 798 sed
914 754 988 798 ea
1039 739 1207 798 nulla
1267 747 1399 799 erat
1457 746 1839 815 repugnante
1899 741 2240 801 honestate.

152 821 255 882 49.
300 819 749 884 Themistocles
777 829 922 898 post
953 820 1267 883 victoriam
1294 821 1427 883 eius
1459 821 1634 895 belli,
1673 824 1843 898 quod
1874 840 2011 885 cum
2034 822 2240 885 Persis

155 904 295 978 suit,
353 904 507 966 dixit
546 904 606 965 in
644 905 934 967 contione
977 923 1047 967 se
1076 907 1306 966 habere
1338 904 1658 968 consilium
1702 905 1791 967 rei
1833 907 2116 983 publicae
2147 924 2240 968 sa·

156 992 382 1063 lutare,
437 990 548 1050 sed
589 988 655 1049 id
695 988 839 1051 sciri
878 1006 1002 1051 non
1046 1007 1208 1066 opus
1250 1006 1427 1051 esse:
1479 990 1813 1064 postulavit
1863 999 1930 1051 ut
1975 989 2240 1067 aliquem

153 1074 434 1149 populus
468 1073 644 1133 daret
679 1073 922 1148 quicum
968 1072 1470 1135 communicaret.
1546 1074 1739 1134 Datus
1783 1080 1879 1135 est
1915 1074 2239 1135 Aristides.

153 1156 315 1217 Huic
343 1155 477 1229 ille,
527 1158 791 1218 classem
822 1156 1476 1232 Lacedaemoniorum,
1530 1173 1690 1233 quae
1726 1157 2032 1218 subducta
2073 1166 2243 1218 esset

154 1241 233 1300 ad
269 1240 605 1317 Gytheum,
642 1242 797 1302 clam
826 1241 1067 1302 incendi
1099 1258 1323 1318 posse,
1367 1258 1490 1317 quo
1525 1243 1686 1301 sacto
1722 1239 1918 1317 frangi
1937 1241 2241 1300 Lacedae·

153 1323 510 1386 moniorum
543 1341 697 1401 opes
721 1342 982 1387 necesse
1018 1332 1208 1387 esset.
1283 1326 1463 1401 Quod
1492 1323 1794 1385 Aristides
1825 1341 2014 1400 quum
2038 1322 2239 1384 audis·

154 1415 281 1483 set,
333 1407 395 1469 in
431 1409 780 1471 contionem
810 1426 1032 1486 magna
1072 1407 1540 1486 exspectatione
1575 1407 1745 1469 venit
1787 1406 2063 1484 dixitque
2106 1423 2239 1485 per·

154 1492 305 1554 utile
329 1507 476 1554 esse
500 1491 820 1556 consilium
855 1494 1022 1570 quod
1048 1491 1492 1555 Themistocles
1527 1493 1825 1567 adferret,
1857 1493 1970 1553 sed
1994 1491 2240 1552 minime

153 1578 510 1638 honestum.
581 1578 797 1652 Itaque
827 1577 1271 1651 Athenienses,
1319 1577 1488 1654 quod
1523 1577 1851 1639 honestum
1894 1593 2016 1638 non
2050 1586 2238 1648 esset,

153 1662 217 1721 id
247 1677 332 1721 ne
361 1659 509 1721 utile
541 1660 788 1737 quidem
820 1669 1195 1738 putaverunt
1222 1668 1540 1737 totamque
1569 1677 1705 1721 eam
1735 1678 1896 1736 rem,
1945 1678 2127 1737 quam
2160 1676 2239 1720 nc

158 1744 482 1806 audierant
522 1744 800 1821 quidem,
847 1752 1100 1807 auctore
1131 1743 1401 1806 Aristide
1446 1745 1945 1823 repudiaverunt.
2020 1743 2238 1806 Melius

156 1829 214 1890 hi
245 1845 436 1906 quam
465 1845 613 1904 noS,
664 1828 769 1907 qui
797 1829 1027 1908 piratas
1059 1828 1392 1904 immunes,
1439 1830 1648 1893 socios
1685 1829 2019 1907 vectigales
2055 1829 2238 1889 habe-

156 1932 314 1975 mus.
402 1914 532 1974 XII.
580 1915 826 1976 Maneat
862 1932 1042 1991 ergo,
1077 1914 1246 1990 quod
1277 1922 1456 1990 turpe
1486 1913 1594 1985 sit,
1636 1913 1700 1973 id
1730 1929 2062 1988 numquam
2092 1912 2236 1972 utile

157 2015 321 2072 esse,
357 2015 440 2058 ne
467 2005 597 2059 tum
628 1998 906 2074 quidem,
956 2016 1143 2075 quum
1172 1998 1264 2072 id,
1311 1998 1482 2074 quod
1516 2012 1660 2057 esse
1695 1995 1838 2057 utile
1881 2003 2093 2071 putes,
2136 1995 2238 2054 ad-

154 2081 445 2159 ipiscare.
521 2083 656 2143 Hoc
688 2081 845 2143 enim
874 2082 1107 2160 ipsum,
1138 2082 1287 2143 utile
1313 2088 1528 2156 putare
1553 2080 1722 2156 quod
1750 2085 1925 2155 turpe
1954 2077 2050 2150 sit,
2084 2080 2237 2137 cala-

156 2166 453 2227 mitosum
487 2173 602 2227 est.

280 2249 386 2312 50.
436 2248 560 2310 Sed
594 2248 898 2323 incidunt,
956 2256 1026 2311 ut
1066 2265 1258 2326 supra
1303 2246 1459 2321 dixi,
1512 2264 1704 2324 saepe
1734 2264 1990 2319 causae,
2052 2261 2237 2322 quum

154 2353 509 2414 repugnare
550 2333 774 2397 utilitas
825 2332 1133 2396 honestati
1166 2332 1477 2408 videatur,
1531 2342 1600 2394 ut
1628 2331 2238 2393 animadvertendum

152 2421 233 2483 sit
290 2428 682 2498 repugnetne
732 2422 913 2497 plane
973 2435 1048 2479 an
1100 2416 1302 2495 possit
1364 2433 1502 2478 cum
1551 2417 1876 2479 honestate
1929 2413 2235 2492 coniungi.

152 2505 302 2566 Eius
347 2503 597 2580 generis
640 2504 757 2565 hae
804 2512 949 2565 sunt
991 2501 1422 2578 quaestiones:
1498 2497 1564 2562 Si
1607 2499 1874 2578 exempli
1912 2498 2107 2577 gratia
2147 2498 2240 2558 vir

153 2589 360 2650 bonus
389 2587 771 2649 Alexandria
802 2588 1087 2663 Rhodum
1130 2602 1417 2663 magnum
1463 2582 1745 2645 frumenti
1784 2600 2103 2645 numerum
2136 2583 2238 2642 ad-

153 2670 396 2734 vexerit
442 2671 503 2732 in
551 2670 929 2734 Rhodiorum
984 2670 1190 2748 inopia
1230 2677 1292 2731 et
1345 2670 1505 2729 fame
1553 2683 1915 2741 summaque
1938 2681 2238 2726 annonae

155 2754 443 2829 caritate,
504 2756 557 2817 si
602 2757 763 2816 idem
821 2756 977 2817 sciat
1034 2756 1388 2831 complures
1441 2757 1819 2812 mercatores
1869 2747 2240 2810 Alexandria

155 2839 431 2902 solvisse
461 2855 783 2916 navesque
812 2837 872 2904 in
916 2856 1104 2901 cursu
1134 2841 1438 2899 frumento
1474 2842 1728 2897 onustas
1769 2841 2049 2911 petentes
2078 2835 2238 2896 Rho-

155 2925 300 2985 dum
340 2921 591 2998 viderit,
624 2922 982 2985 dicturusne
1007 2921 1086 2984 sit
1106 2922 1170 2983 id
1193 2918 1450 2983 Rhodiis
1472 2937 1551 2981 an
1582 2918 1822 2981 silentio
1850 2937 2028 2981 suum
2057 2936 2240 2997 quam

159 3005 426 3083 plurimo
462 3007 868 3069 venditurus?
944 3005 1298 3084 Sapientem
1333 3011 1395 3065 et
1433 3006 1660 3067 bonum
1694 3004 1889 3068 virum
1918 3004 2237 3081 fingimus:

158 3093 232 3152 de
264 3091 404 3153 eius
441 3090 883 3153 deliberatione
931 3098 993 3151 et
1043 3088 1493 3151 consultatione
1527 3089 1906 3166 quaerimus,
1951 3087 2054 3163 qui
2086 3088 2238 3146 cela-

159 3184 335 3237 turus
399 3175 681 3238 Rhodios
738 3192 863 3237 non
906 3174 1014 3245 sit,
1074 3174 1127 3235 si
1181 3172 1244 3233 id
1295 3181 1474 3250 turpe
1525 3171 1780 3245 iudicet,
1842 3172 1953 3232 sed
2007 3168 2240 3230 dubitet

160 3276 234 3319 an
268 3267 457 3336 turpe
497 3276 620 3321 non
666 3258 763 3321 sit.
853 3259 954 3319 51.
1001 3260 1068 3318 ln
1109 3258 1289 3319 huius
1322 3256 1489 3318 modi
1521 3256 1722 3318 causis
1771 3253 1933 3311 aliud
1983 3247 2238 3327 Diogeni

161 3342 510 3422 Babylonio
542 3342 735 3404 videri
766 3344 954 3416 solet,
987 3358 1208 3417 magno
1237 3347 1298 3401 et
1325 3340 1499 3416 gravi
1529 3338 1765 3405 Stoico,
1798 3332 1961 3391 aliud
1992 3333 2231 3423 Antipa·

161 3433 275 3496 tro,
303 3426 611 3502 discipulo
634 3426 786 3498 eiuS,
807 3425 1037 3487 homini
1056 3423 1433 3484 acutissimo.
1480 3418 1802 3489 Antipatro
1828 3414 2057 3469 ‘omnia
2074 3415 2215 3483 pate
