2381 3723
78 117 207 181 264
869 114 1373 176 FRAGMENTA.
2093 123 2176 180 74

84 272 376 342 suturam,
406 265 560 340 nisi,
604 273 672 327 ut
697 264 830 337 iam=
862 265 1016 340 dixi,
1057 265 1277 326 vilicus
1307 267 1560 342 saepius
1593 276 1660 327 et
1693 266 2031 343 aliquando
2071 274 2167 327 ta·

85 369 219 413 men
250 350 539 429 dominus
562 355 667 410 aut
696 355 975 410 matrona
1007 348 1493 411 consideraverit
1515 350 2169 426 animadvertet-itque,

83 443 152 498 ut
178 432 482 497 ordinatio
514 433 790 494 instituta
825 439 1249 494 conservetur.
1315 433 1491 508 Quod
1524 433 1707 494 etiam
1741 433 1807 493 in
1838 435 2001 494 bene
2032 451 2169 507 mo-

85 518 233 580 ratis
264 517 615 578 civitatibus
643 531 890 591 semper
919 522 1016 577 est
1049 516 1478 577 observatum:
1512 534 1769 592 quarum
1794 516 2172 592 primoribus

86 608 269 676 atque
308 599 703 677 optimatibus
742 615 865 661 non
898 599 1052 660 satis
1089 599 1289 660 visum
1325 606 1424 660 est
1462 600 1660 661 bonas
1697 603 1871 676 leges
1915 601 2171 674 habere,

85 684 202 746 nisi
240 684 538 745 custodes
577 699 792 743 earum
839 681 1340 758 diligentissimos
1383 681 1554 744 cives
1606 690 1953 756 creassent,
1995 699 2168 758 quos

90 766 307 830 Graeci
339 760 814 846 νομοφύλακας
855 768 1183 842 appellant.
1260 768 1493 828 Homrn
1537 774 1672 828 erat
1699 768 1983 828 osticium
2023 782 2169 839 eos,

86 851 191 927 qui
212 851 449 925 legibus
472 857 778 927 parerent,
806 849 1086 912 laudibus
1110 849 1410 926 prosequi
1429 867 1548 910 nec
1565 850 1768 911 miuus
1790 849 2168 911 honoribus:

86 952 200 997 eos
230 941 464 1008 autem,
499 933 600 1009 qui
633 949 756 995 non
787 940 1105 1010 parerent,
1150 949 1358 1010 poena
1390 935 1668 995 multare.
1758 948 2169 1015 [culumetla

86 1034 178 1084 lib.
215 1033 327 1086 XII.
364 1047 477 1097 cap.
502 1032 557 1085 3.
594 1033 644 1095 S.
676 1032 742 1083 10
764 1029 868 1097 sq]

219 1099 314 1162 13.
368 1115 761 1182 [xenophon
797 1113 913 1165 σοι».
948 1128 1068 1180 cap.
1111 1115 1193 1169 ιο.
1232 1117 1283 1177 s.
1323 1115 1434 1182 io]
1533 1100 1812 1177 Denique
1852 1118 1977 1161 uno
2019 1102 2170 1161 loco

90 1201 272 1260 quam
315 1184 560 1246 minime
592 1182 900 1259 oportebit
928 1199 1061 1244 eam
1096 1183 1473 1245 consister-ez
1506 1200 1716 1260 neque
1741 1184 1906 1245 enim
1946 1184 2170 1244 seden-

86 1268 238 1329 taria
281 1268 413 1330 eius
457 1284 651 1344 opera
690 1273 815 1339 est,
858 1267 972 1328 sed
1013 1267 1200 1328 modo
1246 1267 1324 1327 ad
1358 1268 1540 1329 telam
1584 1268 1832 1328 debebit
1863 1267 2170 1328 accedere

88 1368 192 1424 ac,
224 1351 280 1413 si
313 1350 460 1427 quid
495 1351 712 1413 melius
742 1349 927 1422 sciat,
957 1351 1218 1411 docere:
1253 1351 1305 1410 si
1338 1349 1567 1424 minus,
1595 1351 1921 1412 addiscere
1950 1349 2025 1410 ab
2065 1365 2172 1421 eo,

90 1434 197 1510 qui
222 1437 361 1512 plus
391 1432 718 1509 intelligat,
749 1434 934 1495 modo
970 1448 1113 1506 eos,
1146 1432 1250 1508 qui
1279 1433 1483 1495 cibum
1512 1433 1771 1496 familiae
1810 1432 2168 1505 conficiunt,

87 1517 384 1590 invisere,
417 1523 542 1578 tum
580 1516 761 1577 etiarn
793 1515 1050 1579 culinam
1089 1524 1150 1576 et
1175 1517 1405 1577 bubilia
1446 1533 1563 1578 nec
1597 1518 1798 1579 minus
1840 1514 2171 1595 praesepia

89 1601 443 1662 mundanda
484 1615 736 1661 curarez
781 1599 1220 1661 valetudinaria
1266 1618 1517 1676 quoque
1558 1603 1687 1674 vel,
1738 1601 1793 1663 si
1826 1608 2048 1661 vacent
2089 1599 2172 1659 ab

87 1683 424 1756 imbecillis,
449 1682 778 1745 identidem
803 1681 1043 1758 aperire
1066 1691 1127 1744 et
1153 1683 1543 1746 immunditiis
1567 1685 1843 1758 liberare,
1865 1692 1951 1757 ut,
1977 1698 2173 1758 quum

89 1784 191 1847 res
231 1767 534 1842 exegerit,
566 1765 725 1829 bene
757 1765 1033 1828 ordinata
1068 1775 1128 1828 et
1158 1775 1376 1827 ornata
1421 1775 1484 1829 et
1523 1767 1788 1829 salubria
1833 1764 2170 1843 languenti-

89 1852 206 1913 bus
238 1850 674 1927 praebeantur:
718 1849 948 1927 promis
985 1869 1238 1927 quoque
1282 1858 1343 1912 et
1380 1851 1640 1914 cellariis
1679 1851 1907 1929 aliquid
1938 1865 2174 1927 appeu-

92 1934 378 1997 dentibus
413 1943 517 1998 aut
554 1935 943 1998 metientibus
992 1934 1384 1999 intervenire.
1487 1950 1881 2018 [Columna
1925 1949 2015 2002 nb,
2055 1947 2171 1998 xn.

91 2048 203 2099 cap.
230 2033 281 2086 3.
319 2034 369 2096 S.
399 2032 477 2099 8.]

220 2103 316 2163 14.
361 2102 575 2179 Itaque
616 2106 680 2163 in
727 2102 1105 2165 Oeconomico
1148 2103 1585 2181 Xenophontis,
1627 2118 1797 2177 quem
1836 2101 1923 2161 M.
1967 2100 2178 2160 Cicero

90 2185 302 2246 Latino
332 2189 591 2246 sermoni
612 2186 890 2260 tradidit,
924 2189 1019 2247 vir
1051 2190 1353 2262 eqreqius,
1393 2190 1495 2248 ille
1523 2186 1961 2247 Ischomachus.
1980 2183 2171 2243 Athe·-

91 2272 337 2339 niensis,
365 2276 611 2341 roqatus
646 2286 691 2328 a
720 2268 965 2330 Socrate
993 2283 1132 2350 [cap.
1174 2285 1258 2335 12.
1295 2287 1342 2349 s.
1381 2283 1459 2351 4.]
1502 2275 1817 2342 utrumne,
1857 2267 1913 2328 si
1952 2282 2054 2327 res
2085 2266 2173 2325 fa-

96 2350 343 2412 miliaris
375 2350 822 2422 desiderasset,
854 2352 1112 2412 mercari
1142 2351 1388 2413 vilicum
1415 2364 1725 2428 tamquam
1757 2352 1992 2411 fabrum
2026 2365 2103 2408 an
2135 2364 2175 2407 a

95 2450 165 2494 se
207 2432 528 2495 instituere
573 2433 997 2495 consueverit:
1051 2436 1183 2511 Ego
1224 2452 1408 2510 vero,
1451 2435 1674 2512 inquit,
1723 2434 1860 2512 ipse
1896 2431 2170 2495 instituo.

92 2515 330 2576 Etenim
373 2516 476 2593 qui
509 2534 607 2578 me
638 2518 894 2579 absente
924 2517 984 2579 in
1017 2535 1219 2581 meum
1252 2520 1454 2582 locum
1496 2518 1885 2581 substituitur
1914 2523 1975 2577 et
2007 2514 2171 2575 vica·

94 2599 220 2661 rius
264 2616 439 2662 meae
482 2600 828 2678 diligentiae
870 2601 1178 2675 succedit,
1222 2602 1275 2664 is
1308 2619 1383 2663 ea
1417 2618 1578 2679 quae
1609 2618 1725 2680 ego
1770 2601 1928 2664 scire
1968 2599 2173 2658 debet.

99 2698 500 2764 [Columella
537 2700 629 2754 lib.
669 2700 761 2751 XI.
799 2715 913 2767 cap.
958 2701 1006 2750 1.
1046 2702 1096 2762 s.
1135 2699 1216 2767 5.]

230 2768 326 2827 15.
383 2781 769 2850 [Xenophon
808 2783 928 2834 Oec.
971 2800 1083 2849 cap.
1127 2785 1210 2835 12.
1244 2785 1295 2848 S.
1335 2782 1578 2850 10-14]
1679 2765 1891 2829 Somni
1943 2773 2005 2826 et
2049 2763 2175 2824 vini

95 2850 173 2910 sit
204 2849 793 2925 abstinentissimuS‚
829 2868 988 2927 quae
1012 2860 1277 2929 utraque
1307 2859 1453 2913 sunt
1478 2850 1898 2913 inimicissima
1926 2847 2177 2923 diligen·

95 2933 250 2993 tiae:
294 2950 434 2994 nam
469 2941 530 2994 et
569 2935 815 2997 ebriosa
846 2952 998 2997 cura
1032 2936 1221 2997 officii
1268 2935 1498 3012 pariter
1531 2952 1667 2996 cum
1699 2931 1995 2995 memoria
2035 2930 2174 2991 sub·

95 3016 351 3081 trahitur
392 3023 454 3078 et
482 3018 966 3081 somniculosum
995 3019 1255 3096 plurima
1287 3018 1618 3095 effugiunt:
1653 3017 1801 3093 quid
1834 3014 1993 3076 enim
2030 3030 2174 3089 pos-

97 3100 175 3160 sit
215 3108 321 3165 aut
359 3100 496 3177 ipse
541 3118 726 3177 agere
784 3110 889 3163 aut
936 3102 1226 3178 cuiquam
1271 3102 1584 3163 dormiens
1629 3099 1973 3176 imperare?
2024 3096 2174 3156 Tum

100 3182 279 3241 etiam
305 3184 384 3244 sit
414 3201 449 3243 a
477 3185 778 3245 Venereis
815 3186 1128 3247 amoribus
1161 3202 1453 3247 aversus:
1491 3184 1713 3262 quibus
1743 3182 1798 3244 si
1826 3198 1899 3243 se
1931 3179 2174 3241 dedide-

98 3262 203 3335 rit,
239 3281 363 3326 non
406 3266 568 3329 aliud
612 3268 947 3342 quidquam
1007 3268 1205 3345 possit
1247 3268 1519 3345 cogitare
1560 3283 1739 3345 quam
1780 3266 1961 3338 illud,
2008 3262 2174 3337 quod

99 3343 306 3418 diligit.
367 3348 707 3411 Nam-vitiis
732 3350 864 3410 eius
897 3351 1065 3412 modi
1095 3354 1395 3427 pellectus
1427 3350 1665 3412 animus
1695 3365 1812 3410 nec
1842 3344 2175 3425 praemium
