2381 3723
783 143 929 203 LIB.
963 141 1037 202 11.
1085 141 1251 202 CAP.
1284 151 1340 204 2.
1371 151 1426 204 3.
1470 149 1522 210 S.
1556 151 1780 203 5—13.
2234 138 2318 201 53

240 301 418 366 rent,
476 293 638 352 duae
686 292 768 352 ad
818 293 1146 355 commoda
1195 290 1389 364 vitae,
1448 290 1691 365 copias,
1742 307 1927 367 opes,
1980 292 2300 353 facultates

242 376 461 453 quinta
484 375 565 434 ad
589 373 854 451 eligendi
872 375 1195 447 iudicium,
1220 373 1540 450 siquando
1559 390 1653 446 ea,
1686 390 1846 450 quae
1869 373 2013 449 dixi,
2046 391 2322 450 pugnare

244 460 408 519 inter
441 474 514 520 se
542 457 928 533 viderentur,
962 456 1308 521 honestatis
1330 474 1477 533 pars
1508 458 1791 519 confecta
1819 465 1946 530 est,
1978 474 2162 534 quam
2195 457 2323 532 qui-

245 543 390 603 dem
427 540 539 601 tibi
568 540 753 616 cupio
799 557 945 603 esse
973 539 1377 603 notissimam.
1450 542 1586 603 Hoc
1615 548 1851 614 autem,
1895 541 1975 601 de
2007 557 2133 616 quo
2161 556 2324 601 nunc

241 624 522 701 agimuS,
561 623 626 684 id
653 623 855 700 ipsum
889 632 1017 699 est,
1057 624 1230 701 quod
1258 624 1404 684 utile
1434 625 1795 700 appellatur.
1864 626 1930 685 In
1973 641 2098 700 quo
2133 624 2321 684 verbo

242 712 428 785 lapsa
456 707 845 769 consuetudo
878 707 1132 768 deflexit
1181 707 1260 767 de
1290 706 1387 767 via
1420 707 1775 785 sensimque
1802 724 1880 769 eo
1913 708 2178 768 deducta
2208 714 2323 778 est,

241 798 315 852 ut
371 791 759 852 honestatem
801 791 879 852 ab
918 790 1176 851 utilitate
1217 806 1551 852 secernens
1593 792 1994 854 constitueret
2034 807 2177 851 esse
2219 791 2325 850 ho-

245 881 496 936 nestum
549 873 780 950 aliquid
833 874 1004 950 quod
1051 873 1202 936 utile
1250 891 1375 936 non
1437 881 1608 935 esset
1656 882 1719 934 et
1759 875 1906 935 utile
1980 875 2149 951 quod
2201 889 2323 935 non

243 960 609 1032 honestum,
661 973 785 1032 qua
825 959 991 1018 nulla
1024 956 1330 1034 pernicies
1370 956 1570 1017 maior
1594 957 1906 1019 hominum
1935 957 2097 1019 vitae
2128 956 2326 1033 potuit

244 1040 498 1102 adferri.
576 1040 674 1101 10.
720 1041 973 1102 Summa
1012 1039 1262 1116 quidem
1302 1039 1667 1101 auctoritate
1705 1040 2060 1119 philosophi
2105 1057 2328 1103 severe

245 1140 406 1186 sane
453 1130 640 1199 atque
690 1124 951 1185 honeste
1002 1124 1157 1185 haec
1206 1124 1321 1184 tria
1359 1139 1590 1199 genera
1647 1125 1928 1186 confusa*
1954 1124 2327 1200 cogitatione

247 1207 651 1284 distinguunt.
727 1205 1038 1284 Quidquid
1092 1207 1251 1268 enim
1291 1205 1519 1268 iustum
1550 1207 1658 1280 sit,
1702 1206 1764 1267 id
1795 1207 1975 1268 etiam
2005 1207 2152 1269 utile
2183 1222 2328 1268 esse

249 1299 542 1364 censent,
595 1291 863 1367 itemque
920 1291 1090 1366 quod
1132 1291 1490 1366 honestum,
1552 1290 1713 1351 idem
1754 1290 2014 1352 iustum:
2078 1307 2156 1350 ex
2201 1306 2326 1366 quo

251 1374 522 1436 efficitur
565 1381 664 1447 ut,
718 1373 1019 1450 quidquid
1060 1374 1389 1435 honestum
1428 1373 1535 1449 sit,
1588 1373 1749 1438 idem
1787 1374 1869 1437 sit
1914 1372 2078 1435 utile.
2152 1373 2325 1446 Quod

253 1457 363 1534 qui
390 1474 607 1534 parum
638 1457 1044 1534 perspiciunt,
1075 1456 1113 1516 ii
1142 1474 1334 1533 saepe
1355 1465 1646 1520 versutos
1675 1457 1958 1520 homines
1981 1464 2043 1518 et
2074 1456 2328 1518 callidos

251 1541 629 1602 admirantes
654 1540 940 1602 malitiam
971 1540 1336 1617 sapientiam
1363 1541 1649 1603 iudicant.
1723 1543 1993 1619 Quorum
2023 1558 2197 1603 error
2218 1539 2328 1601 eri-

253 1625 520 1700 piendus
559 1631 657 1686 est
698 1624 1034 1700 opinioque
1065 1625 1264 1687 omnis
1297 1626 1373 1684 ad
1407 1642 1544 1687 eam
1584 1643 1760 1703 spem
1806 1627 2212 1698 traducenda,
2264 1631 2331 1684 ut

252 1707 532 1769 honestis
580 1707 853 1770 consiliis
896 1708 1200 1784 iustisque
1252 1708 1425 1770 factis
1468 1726 1593 1771 non
1629 1712 1844 1772 fraude
1887 1718 1949 1771 et
1989 1709 2214 1771 malitia
2261 1724 2331 1768 se

214 1808 217 1817 ·
252 1789 594 1868 intelligant
621 1807 728 1866 ea,
766 1808 926 1867 quae
954 1793 1175 1866 velint,
1208 1793 1508 1870 consequi
1540 1811 1751 1871 posse.
1844 1795 1939 1854 11.
1986 1794 2154 1870 Quae
2178 1808 2328 1868 ergo

252 1877 335 1936 ad
368 1874 555 1935 vitam
583 1876 892 1937 hominum
922 1878 1212 1937 tuendam
1246 1877 1581 1951 pertinent,
1620 1878 1835 1952 partim
1868 1885 2011 1938 sunt
2045 1876 2328 1946 inanima,

250 1966 325 2021 ut
352 1976 600 2030 aurum,
632 1967 985 2035 argentum,
1027 1967 1095 2019 ut
1126 1977 1230 2034 ea‘,
1274 1977 1433 2035 quae
1459 1961 1793 2036 gignuntur
1820 1976 1856 2019 e
1884 1968 2076 2033 terra,
2121 1968 2186 2019 ut
2216 1958 2332 2018 alia

254 2041 502 2119 generis
535 2042 836 2117 eiusdem,
882 2042 1100 2117 partim
1145 2043 1456 2117 animalia,
1506 2060 1667 2118 quae
1703 2043 1936 2103 habent
1957 2059 2110 2104 suos
2145 2042 2331 2118 impe-

253 2133 358 2198 tus
390 2134 452 2185 et
481 2142 681 2186 rerum
715 2125 1041 2202 appetitus.
1113 2128 1341 2187 Eorum
1378 2132 1581 2187 autem
1612 2126 1729 2186 alia
1758 2124 2012 2187 rationis
2056 2123 2333 2203 expertia

254 2217 434 2281 sunt,
486 2208 602 2268 alia
648 2207 883 2270 ratione
926 2209 1179 2270 utentia.
1250 2211 1553 2286 Expertes
1596 2210 1848 2272 rationis
1889 2208 2062 2287 equi,
2114 2210 2331 2280 boveS,

253 2290 530 2367 reliquae
575 2293 883 2368 pecudes,
931 2309 1115 2369 apes,
1168 2309 1426 2367 quarum
1457 2311 1647 2371 opere
1684 2294 1946 2356 efficitur
1987 2292 2215 2371 aliquid
2252 2293 2332 2352 ad

253 2392 439 2436 usum
476 2374 788 2436 hominum
832 2383 1020 2452 atque
1051 2376 1257 2437 vitam.
1340 2377 1602 2440 Ratione
1632 2387 1836 2440 autem
1875 2378 2171 2440 utentium
2204 2378 2330 2438 duo

253 2474 490 2533 genera
538 2461 807 2535 ponunt,
867 2460 1125 2522 deorum
1166 2478 1384 2533 unum,
1439 2464 1694 2523 alterum
1746 2462 2076 2523 hominum.
2166 2464 2332 2522 Deos

259 2543 541 2616 placatos
565 2541 762 2618 pietas
788 2542 1015 2603 efficiet
1045 2551 1107 2603 et
1129 2543 1424 2605 sanctitas
1441 2592 1457 2616 ,
1492 2546 1771 2620 proxime
1792 2553 1996 2607 autem
2029 2553 2088 2607 et
2114 2560 2333 2606 secun·

257 2626 406 2684 dum
439 2625 594 2686 deos
639 2624 920 2688 homines
963 2626 1326 2689 hominibus.
1357 2627 1617 2687 maxime
1654 2628 1833 2689 utiles
1871 2643 2016 2689 esse
2048 2635 2331 2703 possunt.

260 2708 361 2766 12.
407 2708 760 2783 Earumque
802 2710 941 2770 item
979 2727 1214 2784 rerum,
1257 2727 1415 2787 quae
1446 2717 1711 2772 noceant
1741 2720 1801 2771 et
1832 2710 2066 2784 obsint,
2118 2711 2333 2770 eadem

257 2789 483 2852 divisio
520 2798 634 2862 est.
709 2792 833 2852 Sed
866 2793 1006 2870 quia
1041 2795 1196 2855 deos
1230 2810 1457 2856 nocere
1487 2810 1610 2854 non
1634 2801 1879 2871 putant,
1927 2794 2020 2855 his
2056 2791 2333 2870 exceptis

254 2874 543 2935 homines
581 2874 931 2937 hominibus
972 2878 1201 2938 obesse
1241 2876 1565 2954 plurimum
1597 2876 1983 2941 arbitrantur.
2056 2880 2145 2940 Ea
2174 2877 2333 2939 enim

252 2958 425 3034 ipsa,
459 2975 618 3032 quae
649 2958 913 3019 inanima
944 2959 1241 3035 diximus,
1284 2963 1578 3038 pleraque
1608 2971 1750 3024 sunt
1778 2963 2091 3024 hominum
2126 2961 2332 3038 operis

254 3041 514 3113 effecta,
567 3058 728 3116 quae
762 3058 892 3124 ‘nec
919 3044 1316 3118 haberemus,
1370 3043 1486 3105 nisi
1526 3062 1743 3107 manus
1788 3054 1849 3106 et
1890 3064 1991 3107 ars
2034 3043 2332 3106 accessis·

255 3130 382 3196 set,
439 3139 556 3184 nec
584 3123 658 3186 iis
683 3124 816 3187 sine
850 3125 1162 3188 hominum
1186 3127 1711 3191 administratione
1733 3137 2059 3191 uteremur.
2119 3128 2333 3202 Neque

256 3205 420 3267 enim
451 3208 819 3270 valetudinis
850 3210 1083 3270 curatio
1115 3226 1319 3286 neque
1364 3212 1666 3288 navigatio
1700 3228 1901 3286 neque
1933 3209 2064 3283 agri
2099 3212 2333 3271 cultura

256 3306 465 3366 neque
512 3290 753 3367 frugum
805 3293 1235 3367 fructuumque
1284 3294 1657 3369 reliquorum
1712 3292 2025 3369 perceptio
2080 3301 2142 3352 et
2187 3307 2329 3351 con·

257 3374 527 3435 servatio
561 3374 694 3437 sine
725 3375 1038 3436 hominum
1083 3392 1275 3450 opera
1316 3378 1438 3436 ulla
1470 3393 1611 3437 esse
1647 3373 1973 3449 potuisset.
2066 3374 2161 3431 13.
2208 3374 2329 3428 Iam
