2381 3723
107 76 254 141 360
572 76 650 135 IN
686 76 749 137 C.
783 73 1280 135 SALLUSTIUM
1307 72 1757 137 RESPONSIO.
2112 78 2214 135 170

128 229 316 289 ullum
367 226 682 288 existimas
727 241 921 303 posse
944 225 1096 288 ¹fieri
1141 226 1341 288 civem
1382 224 1693 302 egregium
1714 272 1729 299 ,
1790 222 1896 300 qui
1943 241 2072 286 non
2115 222 2208 284 his

128 311 360 373 artibus
390 319 451 372 et
481 309 819 386 disciplinis
855 308 935 370 sit
964 310 1282 389 eruditus?
1323 326 1400 370 an
1429 311 1554 370 ulla
1581 309 1696 369 alia
1727 317 1907 385 putas
1938 324 2085 370 esse
2099 325 2211 367 sru-

126 396 398 457 dimenta
439 402 502 456 et
540 392 912 456 incunabula
938 393 1210 466 virtutiS,
1258 393 1482 469 quibus
1513 392 1698 453 animi
1731 393 1810 453 ad
1838 392 2076 468 gloriae
2106 408 2210 452 cu·

130 478 441 554 piditatem
495 480 789 540 aluntur?
878 477 1005 540 Sed
1058 478 1302 539 minime
1352 479 1570 538 mirum
1623 484 1758 550 est,
1799 483 2010 553 patres
2062 492 2210 536 con-

129 562 374 640 scripti,
416 560 472 622 si
512 563 732 634 homo,
788 561 895 636 qui
934 561 1210 624 desidiae
1235 578 1310 623 ac
1336 559 1622 624 luxuriae
1652 562 1868 636 plenus
1901 558 2010 632 sit,
2055 560 2212 619 haec

127 656 194 708 ut
224 661 389 707 nova
420 652 606 720 atque
635 645 923 708 inusitata
954 644 1224 707 miratur.
1306 644 1367 706 9.
1409 645 1561 705 Nam
1587 645 1757 721 quod
1779 643 1899 718 ista
1921 643 2215 705 inusitata

108 729 296 795 rabie
330 730 672 805 petulanter
699 728 756 788 in
790 745 1052 790 uxorem
1083 728 1233 791 etin
1268 728 1454 790 filiam
1484 745 1684 791 meam
1704 726 2012 800 invasisti,
2050 743 2214 803 quae

129 811 475 873 facilius-se
510 812 795 890 mulieres
826 830 864 873 a
894 813 1040 875 viris
1071 813 1502 875 abstinuerunt
1530 828 1712 888 quam
1748 819 1815 873 tu
1845 809 1943 871 vir
1973 828 2010 871 a
2042 810 2212 883 viris,

130 895 280 958 satis
311 898 496 958 docte
526 911 599 957 ac
626 896 823 973 perite
857 896 1072 958 fecisti.
1158 899 1295 960 Non
1324 897 1482 958 enim
1509 913 1608 957 me
1642 895 1906 972 sperasti
1937 902 2213 963 mutuam

131 980 236 1041 tibi
265 980 522 1056 gratIam
550 981 878 1041 relaturum
895 1029 911 1054 ‚
957 987 1027 1041 ut
1047 980 1319 1043 vicissim
1342 988 1479 1041 tuas
1504 981 1957 1056 compellarem.
2032 979 2214 1040 Unus

132 1064 289 1125 enim
322 1063 472 1126 satis
512 1081 580 1125 es
612 1063 904 1125 materiae
932 1063 1200 1127 habens:
1261 1073 1465 1140 neque
1496 1064 1832 1141 quidquam
1864 1062 2033 1124 domi
2069 1070 2214 1122 tuae

131 1147 368 1224 turpius
398 1155 496 1210 est
529 1165 711 1223 quam
753 1156 836 1209 tu.
900 1150 1157 1210 Multum
1195 1163 1342 1210 vero
1373 1156 1434 1208 te
1464 1148 1674 1225 opinio
1710 1148 1883 1220 fallit,
1929 1146 2038 1222 qui
2068 1144 2217 1205 mihi

131 1248 349 1309 parare
380 1232 610 1308 putasti
639 1232 926 1293 invidiam
950 1249 1033 1294 ex
1060 1250 1195 1293 mea
1224 1249 1292 1295 re
1320 1230 1629 1305 familiari,
1666 1248 1824 1309 quae
1847 1230 1990 1291 mihi
2017 1231 2215 1290 multo

132 1316 329 1375 minor
358 1322 458 1376 est
487 1333 670 1391 quam
701 1318 931 1377 habere
963 1316 1185 1393 dignus
1216 1333 1374 1377 sum.
1434 1319 1643 1392 Atque
1672 1315 1904 1378 utinam
1933 1330 2012 1375 ne
2043 1321 2213 1374 tanta

134 1398 379 1475 quidem
411 1408 580 1462 esset
600 1407 839 1475 quanta
874 1408 999 1475 est,
1045 1407 1114 1462 ut
1147 1399 1352 1476 potius
1381 1399 1557 1462 amici
1581 1399 1699 1462 mei
1724 1397 2002 1459 viverent
2023 1413 2216 1472 quam

132 1499 247 1558 ego
274 1484 673 1550 *testamentis
716 1499 928 1546 eorum
964 1484 1331 1560 locupletior
1362 1492 1596 1545 essem!
1690 1482 1789 1543 10.
1831 1483 1965 1558 Ego
1999 1481 2215 1557 fugax,

132 1566 344 1641 Crispe
388 1564 691 1628 Sallusti?
780 1566 998 1629 Furori
1041 1567 1265 1628 tribuni
1304 1568 1503 1643 plebis
1548 1565 1708 1628 cessi
1729 1577 1772 1627 :-
1807 1564 2019 1627 utilius
2062 1563 2215 1624 duxi

133 1647 411 1724 quamvis
445 1651 745 1712 fortunam
777 1668 937 1712 unus
969 1649 1235 1725 experiri
1269 1668 1454 1727 quam
1485 1650 1777 1715 universo
1816 1650 2053 1726 populo
2088 1649 2216 1709 Ro·

132 1749 312 1794 mano
357 1732 548 1795 civilis
591 1751 733 1797 esse
775 1732 1192 1796 dissensionis
1236 1752 1447 1796 causa.
1533 1734 1676 1810 Qui,
1731 1740 1986 1810 'postea
2024 1748 2214 1807 quam

128 1817 230 1878 ille
271 1834 450 1880 suum
491 1834 714 1880 annum
753 1817 813 1879 in
857 1835 925 1879 re
965 1818 1208 1896 publica
1249 1818 1696 1897 perbacchatus
1728 1824 1828 1880 est
1858 1814 2215 1893 omniaque,

134 1918 293 1976 quae
335 1910 789 1980 commoverat,
828 1919 992 1980 -pace
1020 1911 1081 1964 et
1112 1906 1240 1965 otio
1269 1903 1667 1976 resederunt,
1709 1903 1831 1963 hoc
1865 1899 2088 1963 ordine
2118 1916 2217 1960 re·

130 1994 394 2046 vocante
438 1993 625 2062 atque
665 1986 799 2064 ipsa
842 2004 909 2048 re
956 1986 1200 2064 publica
1240 2004 1424 2049 manu
1453 1988 1802 2048 retrahente
1831 2001 1929 2046 me
1959 1982 2216 2045 reverti.

132 2068 245 2144 Qui
285 2069 428 2129 mihi
470 2071 634 2143 dieS,
685 2071 739 2133 si
779 2087 916 2133 cum
958 2071 1124 2135 omni
1154 2071 1394 2146 reliqua
1413 2069 1545 2132 -vita
1577 2072 1958 2142 conferatur,
2001 2067 2214 2129 animo

132 2151 379 2227 quidem
421 2171 558 2215 meo
605 2162 888 2230 superet,
945 2173 1129 2231 quum
1177 2154 1450 2216 universi
1493 2170 1610 2215 vos
1655 2155 2053 2231 populusque
2084 2151 2214 2212 Ro-

130 2252 348 2297 manus
416 2239 708 2313 frequens
774 2238 1045 2299 adventu
1108 2255 1248 2299 meo
1298 2239 1637 2319 gratulatus
1688 2244 1822 2315 est:
1886 2236 2042 2297 tanti
2090 2252 2213 2308 me,

130 2322 409 2401 fugacem
436 2368 491 2393 ,Ἀ
547 2320 1033 2381 mercennarium
1111 2328 1437 2398 patronum
1466 2369 1481 2396 ‚
1578 2320 1638 2381 hi
1708 2320 2213 2401 aestimaverunt.

129 2404 231 2461 lV.
293 2402 389 2462 11.
468 2404 681 2480 Neque
725 2403 975 2465 hercule
1021 2403 1237 2467 mirum
1286 2413 1411 2478 est,
1468 2405 1523 2467 si
1563 2418 1680 2482 ego
1723 2410 1977 2481 semper
2013 2402 2213 2463 iustas

129 2483 398 2546 omnium
441 2486 736 2548 amicitias
782 2487 1142 2553 existimavi.
1241 2490 1375 2552 Non
1426 2489 1586 2550 enim
1628 2489 1735 2550 uni
1778 2487 2059 2565 privatim
2103 2502 2213 2546 an-

131 2570 368 2631 cillatus
422 2588 559 2632 sum
603 2588 807 2649 neque
850 2588 949 2634 me
990 2571 1228 2644 addixi,
1284 2574 1429 2646 sed,
1482 2580 1774 2650 quantum
1816 2568 2215 2647 quisque-rei

130 2653 411 2729 publicae
454 2654 720 2730 studuit,
764 2655 907 2717 mihi
952 2664 1183 2719 tantum
1220 2657 1331 2718 suit
1375 2664 1481 2717 aut
1507 2657 1741 2718 amicus
1772 2663 1878 2717 aut
1903 2653 2213 2715 inimicus.

125 2738 260 2814 Ego
290 2738 440 2800 nihil
477 2742 614 2816 plus
645 2740 816 2803 volui
849 2742 1056 2802 valere
1089 2757 1273 2818 quam
1308 2757 1566 2817 pacem:
1630 2739 1799 2814 multi
1829 2739 2210 2816 privatorum

130 2821 420 2884 audacias
452 2831 844 2902 metuerunt,
885 2825 1018 2900 Ego
1049 2824 1195 2885 nihil
1224 2823 1394 2886 timui
1431 2823 1560 2889 nisi,
1584 2826 1787 2901 leges:
1834 2823 2006 2884 multi
2039 2838 2214 2882 arma

129 2921 244 2966 sua
271 2904 468 2966 timeri
496 2909 842 2970 voluerunt.
914 2908 1048 2984 Ego
1080 2926 1413 2985 numquam
1444 2908 1984 2985 voluiquidquam
2017 2920 2211 2981 posse

127 2988 246 3051 nisi
301 3007 414 3067 pro
458 2991 677 3053 vobis:¹
741 2991 913 3053 multi
957 3009 1036 3053 ex
1078 2993 1258 3055 vobis
1304 2993 1582 3070 potentia
1617 2991 1758 3063 freti
1803 2990 1860 3053 in
1912 3006 2033 3052 vos
2077 2989 2210 3052 suis

128 3073 361 3136 viribus
390 3075 566 3136 abusi
598 3083 762 3137 sunt.
839 3077 1056 3151 Itaque
1084 3095 1211 3138 non
1245 3084 1342 3139 est
1367 3077 1621 3151 mirum,
1662 3075 1719 3137 si
1746 3073 1973 3139 nullius
2003 3071 2210 3135 amici·

129 3156 211 3215 tia
251 3175 405 3222 usus
446 3176 615 3233 sum,
665 3159 769 3236 qui
809 3176 933 3221 non
977 3168 1288 3237 perpetuo,
1333 3161 1421 3222 rei
1469 3159 1753 3238 publicae
1792 3159 2036 3229 amicus·
2076 3156 2209 3220 fuit.

135 3237 228 3295 12.
267 3239 487 3334 pieque
519 3242 679 3303 enim
712 3258 809 3303 me
839 3243 1146 3328 poenitet,
1193 3245 1247 3307 si
1286 3254 1392 3307 aut
1422 3244 1656 3322 petenti
1676 3243 1924 3305 Vatinio
1956 3259 2070 3305 reo
2102 3258 2208 3318 pa-

130 3321 445 3381 trocmium
491 3324 796 3399 pollicitus
841 3343 979 3387 sum
1018 3335 1126 3389 aut
1163 3327 1347 3390 Sestii
1381 3328 1768 3399 insolentiam
1798 3324 2071 3404 repressi
2104 3333 2210 3387 aut
