2381 3723
123 185 129 192 -
150 138 277 203 356
834 138 1545 203 PSEUDOSALLUSTII
2145 150 2246 205 166

151 309 308 354 mum
334 295 527 368 ipsam
555 299 717 354 tuam
750 295 810 352 υτ·
833 299 893 353 et
909 294 1143 368 rapinis
1163 292 1471 365 funestam
1491 294 1597 354 tibi
1612 310 1692 354 ac
1710 296 1826 354 tuis
1843 298 2244 370 comparasti:

153 378 447 451 videlicet,
501 383 568 436 ut
611 393 718 437 nos
753 376 1255 449 commonefacias,
1283 393 1463 451 quam
1488 393 1776 439 conversa
1803 394 1903 438 res
1929 381 2010 439 sit
2025 383 2247 455 populi

152 462 432 534 Romani,
488 477 667 536 quum
708 463 772 521 in
825 477 900 521 ea
953 461 1123 521 domo
1173 461 1503 535 habitares,
1556 463 1726 522 homo
1761 464 2240 537 flaqitiosissime,

152 562 306 621 quae
332 546 402 604 P.
429 544 656 618 Crassi,
697 548 816 611 viri
842 548 1188 619 clarissimi,
1226 540 1368 619 suit.
1443 544 1503 605 3.
1546 547 1740 621 Atque
1766 546 1918 607 haec
1941 564 2126 622 quum
2154 551 2239 608 ita

148 632 289 699 sint,
347 635 543 688 tamen
580 645 645 690 se
688 628 891 689 Cicero
931 630 1076 690 dicit
1123 632 1186 689 in
1226 632 1474 691 concilio
1525 631 1768 691 deorum
1816 631 2239 692 immortalium

145 712 338 784 fuisse
351 758 367 785 ,
399 713 540 772 inde
567 714 806 772 missum
833 714 975 773 huic
1001 714 1138 774 urbi
1160 714 1495 789 civibusque
1514 715 1810 775 custodem
1837 715 2058 790 absque
2084 732 2239 777 car-

151 798 342 868 nificis
369 798 627 868 nomine,
671 799 778 871 qui
799 799 1053 858 civitatis
1080 799 1504 858 incommodum
1538 801 1600 859 in
1623 801 1882 873 aloriam
1915 815 2090 859 suam
2115 816 2239 876 po-

149 881 253 939 nit.
317 878 505 951 Quasi
532 896 670 941 vero
701 897 820 942 non
851 883 1012 942 illius
1030 884 1453 943 coniurationis
1471 891 1660 943 causa
1675 882 1870 955 fuerit
1892 886 2239 944 consulatus

151 972 283 1025 tuus
319 970 379 1025 et
416 965 643 1025 idcirco
669 982 768 1026 res
788 966 1034 1041 publica
1064 966 1311 1026 disiecta
1341 982 1409 1026 eo
1436 974 1721 1041 tempore,
1764 966 1925 1041 quod
1947 973 2003 1027 te
2032 975 2233 1028 custo—

150 1049 282 1109 dem
323 1049 592 1110 habebat.
678 1048 828 1123 Sed,
870 1056 936 1110 ut
967 1052 1178 1124 opinor
1193 1096 1208 1123 ,
1260 1052 1367 1110 illa
1409 1056 1466 1111 te
1503 1053 1695 1125 maqis
1720 1053 2036 1123 extollunt,
2078 1068 2235 1126 quae

145 1139 279 1208 post
316 1136 685 1194 consulatum
709 1151 845 1194 cum
883 1133 1153 1194 Terentia
1184 1150 1377 1195 uxore
1410 1135 1487 1196 de
1510 1152 1581 1196 re
1596 1134 1845 1210 publica
1872 1138 2234 1207 consuluisti,

149 1233 327 1291 quum
378 1220 526 1291 leqis
582 1217 878 1278 Plautiae
911 1219 1135 1279 iudicia
1187 1219 1352 1279 domi
1382 1218 1731 1291 faciebatis,
1784 1235 1866 1279 ex
1903 1220 2237 1280 coniuratis

149 1303 300 1361 alios
328 1309 514 1362 morte
528 1348 543 1374 ,
589 1304 739 1363 alios
763 1304 1023 1377 pecunia
1055 1302 1522 1375 condemnabas,
1568 1319 1746 1378 quum
1775 1303 1883 1362 tibi
1906 1305 2066 1363 alius
2102 1303 2233 1363 Tu-

147 1389 457 1445 sculanam
473 1432 487 1456 ,
530 1388 688 1446 alius
724 1387 1147 1462 Pompeianam
1185 1389 1387 1447 villam
1418 1386 1881 1460 exaedificabat,
1925 1389 2086 1447 alius
2116 1388 2233 1448 do-

149 1485 307 1529 mum
335 1469 562 1530 emebat
574 1491 594 1528 .-
635 1472 742 1545 qui
765 1487 903 1530 vero
929 1472 1082 1531 nihil
1094 1478 1365 1546 poterat,
1410 1473 1462 1531 is
1488 1480 1624 1531 erat
1647 1473 1983 1532 calumniae
2000 1474 2232 1546 proxi-

149 1570 279 1612 mus
292 1599 307 1625 ,
364 1556 416 1614 is
455 1561 563 1613 aut
599 1555 833 1614 domum
872 1563 1035 1614 tuam
1075 1562 1482 1630 oppuqnatum
1534 1562 1776 1616 venerat
1822 1563 1929 1615 aut
1979 1556 2234 1616 insidias

149 1639 385 1697 senatui
414 1636 680 1710 fecerat,
726 1639 980 1713 denique
1009 1639 1084 1699 de
1109 1654 1177 1699 eo
1202 1640 1309 1699 tibi
1333 1647 1693 1715 compertum
1721 1645 1872 1700 erat.
1959 1638 2017 1697 4.
2067 1638 2231 1710 Quae

147 1723 203 1782 si
247 1721 355 1780 tibi
384 1721 559 1794 falsa
597 1723 802 1783 obiicio
815 1769 830 1795 ,
880 1722 1069 1783 redde
1106 1726 1397 1783 rationem
1429 1731 1713 1798 quantum
1738 1725 2094 1798 patrimonii
2117 1739 2229 1784 ac-

146 1807 377 1882 ceperis
391 1853 405 1880 ,
452 1808 600 1883 quid
636 1807 743 1868 tibi
776 1807 975 1868 litibus
1016 1810 1368 1881 accreverit,
1426 1824 1547 1884 qua
1593 1824 1674 1868 ex
1702 1809 1965 1883 pecunia
1996 1807 2229 1868 domum

143 1894 486 1966 paraveris,
550 1891 949 1953 Tusculanum
989 1900 1047 1953 et
1084 1893 1509 1968 Pompeianum
1537 1894 1763 1973 infinito
1788 1897 2024 1967 sumptu
2051 1892 2232 1951 aedi-

149 1979 447 2049 ficaveris,
490 1984 624 2051 aut,
667 1980 724 2037 si
747 1980 956 2037 retices
969 2022 983 2048 ,
1014 1979 1119 2036 cui
1136 1984 1330 2053 potest
1351 1993 1478 2038 esse
1497 1977 1736 2037 dubium
1751 2022 1766 2049 ,
1810 1979 1954 2051 quin
1975 1979 2232 2050 opulen-

150 2062 290 2119 tiam
320 2062 491 2120 istam
519 2077 601 2121 ex
625 2063 918 2136 sanquine
937 2067 996 2121 et
1012 2063 1265 2122 miseriis
1284 2063 1499 2122 civium
1508 2055 1878 2137 paraveris?
1959 2059 2061 2131 ΠΙ.
2113 2061 2235 2120 Ve-

147 2159 313 2216 rum,
367 2151 433 2203 ut
461 2147 699 2220 opinor,
751 2146 919 2205 homo
960 2161 1143 2206 novus
1175 2146 1471 2220 Arpinas,
1525 2162 1605 2206 ex
1650 2144 1713 2205 C.
1745 2144 1938 2204 Marii
1963 2143 2232 2216 familia,

147 2228 274 2288 eius
302 2230 572 2288 virtutem
594 2230 885 2301 imitatur,
914 2233 1229 2289 contemnit
1247 2232 1597 2290 simultatem
1618 2230 1914 2290 hominum
1935 2228 2233 2300 nobilium

146 2327 274 2371 rem
303 2313 603 2386 publicam
631 2327 841 2372 caram
868 2313 1069 2383 habet,
1111 2330 1302 2388 neque
1338 2321 1569 2374 terrore
1606 2329 1794 2387 neque
1827 2313 2036 2386 qratia
2062 2327 2233 2372 com-

147 2403 425 2455 movetur.
514 2395 573 2454 5.
617 2395 783 2456 Illud
806 2411 944 2454 vero
972 2399 1270 2457 amicitiae
1297 2404 1524 2458 tantum
1552 2414 1628 2458 ac
1653 2398 1883 2457 virtutis
1909 2402 1999 2456 est
2025 2397 2234 2454 animi.

147 2478 336 2538 Immo
391 2495 529 2538 vero
573 2479 742 2539 homo
782 2481 1135 2554 levissimus,
1187 2486 1449 2557 supplex
1489 2483 1769 2554 ini‘micis,
1824 2481 2033 2540 amicis
2080 2496 2236 2539 con-

148 2563 506 2635 tumeliosus,
549 2563 719 2623 modo
751 2566 995 2637 harum,
1039 2565 1213 2625 modo
1233 2568 1475 2625 illarum
1492 2568 1787 2642 parm,
1809 2565 1973 2637 fidus
1991 2565 2235 2635 nemini,

147 2649 472 2707 levissimus
509 2655 773 2721 senator,
832 2652 1280 2709 mercennarius
1310 2655 1636 2724 patronus,
1680 2651 1849 2709 cuius
1882 2649 2053 2708 nulla
2079 2663 2239 2722 pars

147 2733 416 2829 corporis
457 2747 496 2792 a
538 2734 904 2809 turpitudine
945 2740 1147 2804 vacat,
1204 2736 1416 2808 linqua
1455 2750 1640 2806 vana,
1693 2736 1914 2793 manus
1944 2733 2236 2806 rapacis-

147 2818 360 2887 simae,
399 2819 547 2889 qula
587 2820 902 2889 immensa,
938 2818 1128 2892 pedes
1154 2817 1445 2892 fuqaces:
1485 2833 1642 2893 quae
1668 2818 1902 2877 honeste
1933 2817 2241 2876 nominari

149 2916 268 2959 non
322 2906 592 2975 possunt,
648 2902 1132 2961 inhonestissima.
1218 2902 1408 2977 Atque
1451 2905 1502 2963 is
1547 2917 1727 2977 quum
1775 2903 1902 2962 eius
1942 2899 2106 2959 modi
2142 2900 2235 2969 sit,

150 2991 343 3044 tamen
371 2985 555 3044 audet
580 2984 811 3046 dicere.

322 3109 367 3170 Ο
402 3109 766 3171 fortunatam
803 3117 1004 3170 natam
1039 3128 1135 3172 me
1167 3113 1423 3173 consule
1451 3113 1742 3173 Romam!

154 3236 173 3266 ‘
188 3234 266 3293 Te
312 3239 551 3297 consule
592 3236 992 3309 fortunatam'
1008 3284 1022 3310 ,
1085 3238 1289 3299 Cicero
1307 3236 1340 3300 ?
1401 3239 1591 3299 Immo
1638 3254 1776 3299 vero
1828 3238 2127 3311 infelicem
2180 3246 2238 3296 et

156 3317 430 3375 miseram
443 3363 457 3388 ,
509 3335 664 3391 quae
694 3322 1165 3381 crudelissimam
1188 3326 1678 3398 proscriptionem
1703 3324 1915 3383 civium
1943 3336 2235 3397 perpessa

159 3402 269 3466 est,
307 3414 486 3469 quum
517 3407 579 3458 tu
601 3404 954 3475 perturbata
980 3423 1050 3465 re
1073 3408 1315 3491 publica
1335 3415 1488 3466 metu
1513 3409 1817 3483 perculsos
1837 3422 2035 3468 omnes
2053 3405 2234 3465 bonos
