2381 3723
574 137 714 196 [ΑΒ.
746 137 817 197 11.
866 139 1031 197 οΑΡ.
1061 149 1127 201 21
1145 148 1328 201 --aa
1373 147 1427 208 §-
1461 147 1721 205 74—81.
2106 144 2191 210 75

104 287 414 368 publicam
466 306 591 350 non
639 289 825 350 modo
876 296 1057 364 turpe
1106 297 1232 363 est,
1295 292 1407 351 sed
1465 295 1833 356 sceleratum
1885 295 2064 356 etiam
2130 308 2194 359 et

102 373 425 435 nefarium.
514 374 727 446 ltaque
783 373 954 447 quod
1005 375 1235 447 Apollo
1288 374 1545 452 Pythius
1609 380 1922 439 oraculum
1982 380 2190 453 edidit,

104 476 124 494 ⁸
140 459 432 535 Spartam
455 457 619 517 nulla
641 473 709 517 re
730 455 849 516 alia
873 455 990 517 nisi
1017 455 1271 518 avaritia
1294 475 1441 520 esse
1463 458 1839 538 perituram’,
1864 462 1923 522 id
1946 462 2194 524 videtur

103 558 223 602 non
250 541 461 600 solum
513 539 1053 612 Lacedaemonii3‚
1117 542 1229 602 sed
1293 540 1474 603 etiam
1534 544 1818 606 omnibus
1880 548 2190 623 opulentis

104 623 355 703 populis
380 623 792 699 praedixisse.
860 625 1037 685 Nulla
1057 632 1261 686 autem
1291 641 1367 685 re·
1389 625 1720 689 conciliare
1745 629 1980 692 facilius
2002 631 2187 690 bene-

104 707 439 771 volentiam
475 706 872 787 multitudinis
904 715 1174 782 possunt
1197 707 1267 779 ii,
1303 708 1407 783 qui
1436 711 1522 769 rei
1555 711 1837 786 publicae
1869 724 2187 790 praesunt,

104 809 289 870 quam
329 790 700 852 abstinentia
722 800 786 853 et
813 791 1203 853 continentia.
1291 790 1391 852 78.
1440 793 1553 866 Qui
1576 812 1725 855 vero
1750 813 1823 858 se
1851 800 2187 874 populares

105 878 325 939 volunt
366 869 450 937 oli
488 891 749 951 eamque
796 891 1046 936 causam
1091 883 1201 937 aut
1236 876 1536 951 agrariam
1577 895 1707 938 rem
1745 884 2068 958 temptant,
2121 891 2189 942 ut

105 975 520 1037 possessores
576 960 881 1034 pellantur
925 958 1058 1021 suis
1115 958 1371 1020 sedibus
1425 968 1531 1021 aut
1580 963 1876 1037 pecunias
1918 965 2185 1027 ereditas

107 1041 497 1106 debitoribus
549 1043 996 1105 condonandas
1056 1050 1301 1119 putant,
1363 1043 1735 1106 labefactant
1792 1049 2188 1108 fundamenta

106 1129 189 1190 rei
239 1126 563 1204 publicae,
617 1127 1016 1188 concordiam
1053 1126 1345 1203 primum,
1398 1145 1558 1203 quae
1603 1145 1749 1189 esse
1793 1148 1917 1191 non
1961 1141 2184 1206 potest,

108 1229 292 1289 quum
326 1209 465 1273 aliis
508 1210 888 1283 adimuntur,
940 1209 1073 1272 aliis
1103 1211 1540 1272 condonantur
1579 1213 1910 1288 pecuniae,
1966 1214 2189 1275 deinde

107 1296 515 1372 aequitatem,
548 1311 708 1370 quae
735 1294 965 1356 tollitur
998 1294 1228 1369 onmis,
1258 1294 1312 1355 si
1339 1295 1569 1355 habere
1608 1313 1793 1356 suum
1817 1296 2039 1372 cuique
2062 1314 2186 1359 non

107 1381 263 1441 licet.
344 1380 410 1439 Id
449 1378 609 1440 enim
650 1387 748 1439 est
790 1377 1137 1454 proprium,
1189 1386 1477 1455 utsupra
1510 1378 1666 1454 dixi,
1712 1380 1972 1442 civitatis
2001 1390 2189 1456 atque

108 1463 310 1536 urbis,
358 1471 427 1523 ut
464 1461 543 1524 sit
574 1461 768 1523 libera
796 1468 861 1523 et
890 1479 1015 1524 non
1047 1461 1310 1524 sollicita
1339 1479 1494 1524 suae
1520 1463 1610 1525 rei
1641 1464 1940 1541 cuiusque
1984 1472 2190 1526 custo-

107 1549 229 1607 dia.
322 1546 425 1607 79.
469 1548 677 1622 Atque
719 1545 779 1606 in
827 1546 940 1607 hac
984 1545 1266 1622 pernicie.
1288 1547 1377 1607 rei
1415 1547 1701 1623 publicae
1738 1566 1817 1610 ne
1861 1548 2023 1609 illam
2059 1548 2188 1625 qui-

110 1633 250 1691 dem
308 1638 782 1705 consequuntur
844 1646 1027 1706 quam
1083 1639 1304 1706 putant
1364 1630 1641 1706 gratiam.
1728 1634 1861 1695 Non
1924 1632 2023 1694 cui
2083 1650 2187 1694 res

110 1722 334 1791 erepta·
373 1721 471 1775 est
521 1721 622 1774 est
659 1712 972 1774 inimicus:
1027 1713 1132 1774 cui
1171 1715 1319 1774 data
1365 1723 1464 1776 oet
1509 1715 1691 1777 etiam
1723 1716 2066 1778 dissimulat
2118 1733 2189 1777 se

109 1797 416 1876 accipere¹
439 1796 718 1858 voluisse
770 1805 833 1858 et
881 1798 1147 1858 mxime
1189 1799 1247 1858 in
1293 1798 1569 1875 pecuniis
1621 1800 1870 1861 creditis
1922 1801 2190 1861 occultat

110 1900 294 1945 suum
337 1880 664 1957 gaudium,
716 1899 794 1942 ne
827 1880 1103 1943 videatur
1126 1900 1253 1944 non
1297 1883 1491 1944 i'uisse
1528 1886 1854 1945 salvando.
1924 1890 2009 1945 At
2036 1901 2187 1945 vero

110 1967 238 2040 ille,
271 1964 381 2042 qui
407 1965 648 2042 accepit
673 1965 949 2028 iniuriam
966 2014 980 2039 ,
1006 1975 1068 2027 et
1094 1966 1367 2027 meminit
1394 1974 1459 2026 et
1489 1983 1638 2042 prae
1664 1984 1738 2027 se
1768 1969 1883 2027 fert
1908 1968 2188 2027 dolorem

112 2066 324 2126 saum,
374 2066 517 2125 nec,
568 2049 620 2113 si
661 2052 868 2127 phu-es
912 2058 1058 2112 sunt
1094 2050 1163 2123 ii,
1221 2049 1442 2125 quibus
1485 2051 1766 2126 improbe
1814 2050 2022 2109 datum
2075 2057 2187 2120 est,

114 2153 298 2212 qnam
330 2134 445 2209 illi,
487 2135 710 2211 quffius
742 2135 966 2195 iiliuste
1007 2134 1361 2210 ademptum
1405 2141 1537 2207 est,
1578 2133 1817 2195 ideirco
1839 2134 1976 2210 plus
2009 2132 2189 2193 etiam

111 2222 339 2281 valent.
404 2222 539 2281 Non
580 2219 744 2280 euim
793 2234 1052 2280 numero
1100 2218 1256 2278 haec
1293 2216 1666 2291 iudicantur,
1722 2219 1837 2280 sed
1890 2217 2187 2294 pondere.

113 2303 306 2379 Quam
338 2311 543 2365 autem
583 2304 770 2364 habet
811 2304 1212 2378 aequitatem,
1260 2308 1331 2362 ut
1376 2318 1591 2376 agrum
1631 2302 1834 2364 multis
1878 2301 2059 2362 annis
2085 2308 2190 2361 aut

110 2388 298 2448 etiam
340 2386 607 2449 saeculis
658 2397 809 2448 ante·
845 2403 1212 2463 possessum
1255 2385 1360 2461 qui
1405 2388 1632 2447 nullum
1671 2385 1885 2448 habuit
1931 2386 2186 2445 habeat:

113 2469 217 2547 qui
273 2478 479 2532 autem
535 2470 747 2532 habuit
800 2470 1077 2532 amittat?
1161 2470 1371 2531 xxm.
1425 2468 1531 2530 80..
1614 2474 1709 2531 Ac
1763 2476 2023 2545 propter
2070 2469 2190 2529 hoc

112 2554 373 2617 iniuriae
412 2572 610 2631 gerres
651 2553 1122 2616 Lacedaemonii
1157 2555 1547 2631 Lysandrum
1599 2553 1899 2629 ephorum
1940 2553 2190 2627 expule-

111 2647 288 2701 runt:
355 2638 518 2713 Agin
547 2655 787 2716 regem,
833 2639 1004 2715 quod
1033 2653 1366 2714 nmnquam
1395 2642 1577 2698 antea
1606 2638 1771 2711 apud
1806 2652 1919 2696 eos
1949 2633 2190 2694 accide-

111 2733 235 2794 rat,
267 2732 674 2795 necaverunt,
708 2739 913 2798 exque
935 2737 1010 2783 eo
1033 2729 1312 2799 tempore
1341 2728 1548 2781 tantae
1566 2717 1920 2781 discordiae
1934 2724 2191 2779 secutae

113 2814 287 2879 stunt,
323 2811 395 2867 ut
425 2813 487 2868 et
513 2806 756 2883 tyranni
789 2806 1159 2868 exsisterent
1188 2813 1253 2867 et
1276 2805 1611 2881 optimates
1640 2801 2181 2865 exterminarentur

118 2898 175 2951 et
223 2890 722 2967 praeclarissime
757 2891 1090 2953 constituta
1134 2905 1237 2950 res
1289 2888 1532 2969 publica
1588 2887 1979 2949 dilaberetur.
2065 2887 2192 2948 Nec

114 2990 265 3036 vero
298 2976 502 3036 solum
531 2975 670 3051 ipsa
699 2974 947 3047 cecidit,
980 2975 1093 3035 sed
1126 2972 1308 3034 etiam
1339 2971 1978 3048 reliquam-Graeciam
2017 2988 2189 3031 ever·

113 3057 183 3118 tit
211 3057 688 3133 contagionibus
715 3060 1045 3131 malorum,
1080 3074 1240 3132 quae
1276 3074 1314 3117 a
1345 3055 1845 3118 Lacedaemoniis
1876 3056 2191 3131 profectae

115 3149 442 3204 mnarum
500 3141 699 3203 latius.
788 3141 986 3218 Quid?
1055 3148 1309 3203 nostros
1369 3141 1712 3213 Gracchos,
1779 3139 1870 3198 Ti.
1933 3133 2189 3197 Gracchi

114 3225 336 3287 summi
369 3224 485 3286 viri
515 3226 708 3299 filios,
762 3225 1030 3287 Africani
1055 3231 1348 3301 nepotes,
1391 3239 1599 3284 nonne
1626 3220 1901 3299 agrariae
1942 3226 2191 3280 conten·

115 3307 314 3371 tiones
368 3309 805 3387 perdiderunt?
890 3309 993 3370 81.
1062 3313 1146 3369 At
1194 3323 1347 3368 vero
1402 3310 1628 3366 Aratus
1680 3300 2012 3377 Sicyonius
2060 3299 2190 3358 iure

117 3393 399 3457 laudatur
448 3392 568 3471 qui,
617 3410 804 3469 quum
831 3392 964 3455 eius
991 3392 1206 3454 civitas
1237 3387 1676 3466 quinquaginta
1699 3395 1896 3441 annos
1920 3396 1958 3437 a
1983 3386 2195 3454 tyran*
