2381 3723
166 154 233 207 37
956 145 1452 240 FRAGMENTA.
2110 145 2231 208 227

164 298 676 370 dinosissimusque
727 313 959 372 semper
1003 297 1222 370 fuerit,
1288 304 1481 357 tamen
1533 299 1877 358 incredibile
1926 299 2087 359 dictu
2134 307 2235 374 cst,

163 382 389 440 iudices
404 426 417 452 ,
452 381 612 453 quod
637 378 909 440 Triarius
930 382 1195 453 addidit,
1227 380 1432 441 Arinis
1464 397 1712 441 uxorem
1727 384 2025 456 praetoris
2045 384 2238 442 licen-

164 468 248 526 tia
282 466 562 525 adacta-m
603 480 727 523 esse
745 508 759 535 ,
810 470 875 523 ut
916 467 1173 524 iniuriae
1209 466 1532 525 remedium
1571 472 1754 525 morte
1802 482 1877 526 ac
1924 466 2240 541 suspendio

164 554 500 624 quaererem
564 547 695 609 Hic
718 550 878 608 enim
906 551 1143 623 primus
1181 556 1239 608 et
1276 564 1418 609 cum·
1442 550 1633 609 bestiis
1664 552 1983 609 communis
2020 550 2244 609 homini

165 634 254 692 ad
278 647 499 692 omnem
541 634 716 690 vitam
753 633 1030 691 tuendam
1065 634 1359 707 appetitus
1399 649 1450 694 α
1491 642 1713 693 natura
1756 634 1931 693 datus
1958 640 2072 706 est,
2126 650 2241 707 quo

166 721 294 792 ipse
339 716 453 775 sibi
496 717 845 775 conciliatur
893 722 950 775 et
992 716 1440 776 commendatur
1494 717 1581 776 ad
1629 734 1693 777 se
1750 717 2236 788 conservandum,

165 803 467 859 alienatur
516 810 710 868 autem
757 800 832 858 ab
876 802 1115 902 interitu
1155 801 1341 892 iisque
1382 800 1583 887 rebus,
1623 797 1777 875 quae
1805 797 2098 862 interitum
2140 802 2237 859 vi-

167 887 423 944 deantur
452 881 696 955 afferre.

693 1015 854 1055 cmCA
891 1015 1129 1054 TERTIAM
1170 1015 1390 1053 PARTEM
1433 1015 1474 1053 A
1514 1015 1713 1053 PRlMO·
1701 1040 1714 1053 .

298 1093 393 1151 111.
441 1093 495 1151 1.
510 1112 559 1151 a.
648 1092 778 1165 Sic,
800 1092 1096 1169 inquam,
1151 1108 1251 1166 se,
1302 1092 1569 1166 iudiceS,
1617 1109 1717 1153 res
1760 1092 1975 1153 habet:
2037 1110 2241 1169 neque

170 1177 292 1236 hoc
331 1192 367 1235 a
417 1192 515 1235 me
565 1191 825 1237 novum
845 1176 1240 1253 disputatur,
1276 1178 1389 1238 sed
1433 1139 1775 1252 qua'esitum
1820 1176 1896 1236 ab
1949 1176 2088 1238 aliis
2125 1187 2238 1239 est.

175 1276 571 1343 [Asconius]
658 1262 712 1320 1.
727 1266 782 1319 b.
836 1261 957 1321 Sed
1019 1268 1215 1322 tamen
1252 1262 1322 1320 id
1370 1264 1454 1321 ita
1496 1278 1620 1322 esse
1667 1263 1950 1335 exemplis
1993 1242 2247 1359 probari

166 1353 371 1421 potest.
447 1346 736 1423 Stuprata
763 1362 886 1421 per
926 1347 1041 1404 vim
1066 1346 1345 1406 Lucretia
1372 1361 1412 1405 a
1439 1347 1598 1418 repis
1622 1347 1756 1419 filio
1762 1390 1778 1418 ,
1821 1350 2043 1405 testata
2071 1347 2240 1417 cives,

169 1446 235 1489 se
263 1432 395 1505 ipsa
434 1432 740 1500 interemit.
810 1429 928 1489 Hic
963 1430 1133 1489 dolor
1167 1446 1353 1489 causa
1382 1430 1607 1489 civitati
1630 1425 1913 1498 libertatis
1945 1427 2088 1501 fuit.
2157 1429 2244 1489 Ac

172 1530 248 1572 ne
283 1513 597 1586 fortissimi
632 1513 871 1587 quidem
912 1516 1031 1573 viri
1065 1515 1183 1573 nisi
1220 1516 1283 1573 in
1324 1519 1595 1573 extrema
1621 1515 1962 1573 necessitate
1990 1514 2245 1574 ali'cuius

173 1598 480 1657 dedecoris
502 1598 766 1659 evitandi
784 1613 971 1656 causa
992 1604 1230 1657 mortem
1254 1601 1409 1657 ultro
1430 1600 1854 1673 oppetiverunt,
1877 1604 1942 1657 ut
1966 1598 2028 1655 P.
2055 1597 2243 1656 Cras-

171 1699 277 1741 sus
305 1682 622 1742 Mucianus
647 1697 780 1742 cum
814 1680 1141 1742 Aristonico
1179 1682 1391 1741 bellum
1419 1683 1482 1741 in
1510 1682 1654 1741 Asia
1677 1698 1895 1755 yerens
1908 1728 1922 1753 ,
1964 1696 2004 1740 a
2041 1680 2244 1741 Thra-

171 1765 364 1837 cibus,
394 1782 641 1840 quorum
668 1768 719 1824 is
745 1780 1026 1837 maynum
1053 1781 1360 1825 numerum
1383 1768 1445 1824 in
1460 1767 1772 1840 praesidio
1797 1765 2062 1838 babebat,
2092 1768 2246 1825 inter

173 1848 426 1909 Elaeam
451 1855 511 1910 et
533 1850 859 1926 Zmyrnam
886 1855 1168 1924 exceptus
1183 1896 1200 1921 ,
1237 1867 1311 1910 ne
1338 1850 1401 1908 in
1431 1849 1716 1909 dicionem
1743 1850 1870 1909 eius
1888 1853 2241 1925 perveniret,

175 1933 434 1994 dedecus
470 1936 757 1995 arcessita
795 1936 1026 1993 ratione
1053 1936 1255 1994 mortis
1294 1932 1521 2006 effuyit.
1608 1935 1851 2006 Virqam
1888 1935 2044 1993 enim
2058 1977 2073 2005 ,
2123 1949 2243 2006 qua

175 2018 267 2075 ad
293 2018 615 2091 rependum
658 2034 870 2092 equum
910 2034 1050 2077 usus
1083 2017 1321 2090 fuerat,
1351 2022 1644 2075 narratur
1682 2019 1745 2076 in
1788 2017 1963 2075 unius
2001 2017 2246 2075 barbari

177 2103 409 2161 oculum
433 2102 726 2162 direxisse
740 2147 755 2176 ,
785 2103 963 2176 quivi
987 2102 1209 2178 doloris
1237 2117 1520 2161 accensus
1540 2103 1695 2160 latus
1720 2099 1923 2159 Crassi
1944 2100 2070 2159 sica
2095 2115 2245 2159 con-

169 2184 364 2259 fodit,
394 2187 648 2261 dumque
673 2203 737 2246 se
763 2188 1068 2251 ulciscitur
1083 2230 1098 2257 ,
1144 2185 1477 2244 Romanum
1517 2185 1930 2259 imperatorem
1960 2185 2243 2258 maiesta-

177 2271 253 2328 tis
299 2271 662 2344 turpitudine
715 2271 1001 2337 liberavit.
1093 2268 1355 2329 Ostendit
1394 2269 1700 2329 Fortunae
1734 2267 1983 2327 Crassus
1996 2314 2012 2342 ,
2068 2282 2245 2342 quam

175 2352 487 2425 indiqnum
513 2356 703 2413 virum
729 2361 849 2413 tam
872 2355 1055 2427 pravi
1070 2354 1422 2413 contumelia
1449 2352 1710 2425 adficere
1739 2355 2021 2426 voluisset,
2050 2367 2247 2426 quon-

177 2439 300 2496 iam
348 2438 582 2511 quidem
622 2440 859 2505 iniectos
897 2438 974 2497 ab
1008 2454 1082 2498 ea
1131 2438 1392 2497 libertati
1430 2453 1577 2496 suae
1609 2437 1969 2497 miserabiles
2007 2439 2247 2511 laqueos

173 2520 508 2594 prudenter
521 2525 764 2596 pariter
791 2538 866 2582 ac
888 2521 1130 2593 sortiter
1157 2523 1324 2595 rupit
1349 2523 1740 2595 donatumque
1770 2537 1833 2580 se
1860 2524 1980 2580 iam
2012 2520 2247 2579 Aristo-

178 2605 313 2664 nico
354 2604 633 2678 diqnitati
671 2622 816 2665 suae
851 2605 1132 2664 reddidit.
1201 2605 1322 2664 Illa
1360 2601 1726 2672 audivimuS,
1777 2603 1897 2664 hoc
1940 2618 2085 2662 vero
2126 2618 2248 2660 me-

179 2685 465 2747 minimus
509 2704 582 2748 ac
615 2704 812 2764 paene
847 2687 1135 2761 vidimuS,
1189 2687 1466 2747 eiusdem
1509 2684 1716 2760 stirpis
1767 2691 1829 2745 et
1877 2683 2140 2744 nominis
2184 2686 2247 2744 P.

183 2771 504 2844 Crassum,
559 2789 635 2832 ne
674 2771 731 2831 in
771 2788 986 2832 manus
1018 2770 1316 2831 incideret
1347 2767 1754 2840 inimieorum,
1811 2782 1881 2827 sc
1927 2766 2130 2841 ipsum
2165 2766 2221 2824 in

179 2854 523 2919 terem1sse.
589 2867 979 2938 [Asconius]

1101 2988 1302 3029 srATffl
1316 2986 1330 3026 Ζ

313 3063 371 3123 2.
416 3066 510 3126 Ae
539 3083 742 3141 neque
764 3066 923 3127 illius
955 3065 1156 3126 Crassi
1192 3066 1415 3126 factum
1447 3060 1782 3141 superioris
1811 3059 2029 3122 iisdem
2060 3061 2249 3123 hono·

181 3147 355 3209 ribus
391 3166 574 3222 usuS,
630 3150 734 3224 qui
782 3148 1151 3211 fortissimus
1205 3151 1261 3208 in
1304 3148 1478 3209 bellis
1521 3146 1767 3220 fuisset,
1821 3145 1921 3206 Μ’.
1965 3143 2249 3221 Aquilius

184 3231 383 3308 potuit
413 3232 630 3293 imitari
670 3247 1060 3316 [Asconius]‚
1111 3235 1220 3294 sed
1252 3235 1591 3295 memoriam
1631 3228 1944 3293 iuventutis
1987 3244 2137 3290 suae
2160 3246 2251 3289 re-

183 3333 446 3391 rumque
474 3324 787 3392 gestarum
815 3316 1151 3378 senectutis
1182 3317 1491 3377 dedecore
1525 3313 1812 3378 foedavit.
1882 3312 2034 3387 Quid
2058 3313 2253 3372 vero?

181 3399 438 3460 alterum
469 3399 756 3462 Crassum
789 3399 1165 3478 temporibus
1186 3398 1455 3475 eisdem,
1484 3414 1624 3458 num
1654 3396 2110 3538 ati1t5cffarissimi
2142 3393 2249 3455 viri
