2381 3723
125 122 207 184 94
933 120 1037 180 DE
1070 118 1167 180 OF
1169 119 1218 179 F
1219 119 1391 179 Icus

126 272 432 346 facienda,
485 280 554 335 ut
582 289 661 334 ne
695 271 842 349 quid
879 270 1159 346 omnino,
1209 271 1377 346 quod
1411 268 1695 332 venditor
1725 267 1918 344 norit,
1962 277 2210 348 emptor

125 359 419 435 ignoret’,
481 356 740 434 Diogeni
782 355 1235 429 ‘venditorem
1305 361 1610 431 quatenus
1668 352 1802 415 iure
1851 352 2017 415 civili
2062 372 2206 418 ron-

126 443 402 515 stitutum
427 441 533 514 sit,
567 440 774 502 dicere
802 439 946 502 vitia
970 446 1263 517 oportere
1278 487 1293 513 ,
1327 447 1572 500 caetera
1593 436 1727 498 sine
1755 437 1994 499 insidiis
2018 455 2212 516 agere

127 534 219 600 et,
257 527 543 603 quoniam
577 526 828 598 vendat,
865 526 1023 586 velle
1055 540 1242 600 quam
1266 521 1494 601 optime
1522 522 1814 584 vendere.
1883 522 2212 597 Advexi‚

126 609 491 686 exposui,
548 609 804 669 vendo
850 625 1090 669 meum
1147 624 1296 669 non
1337 606 1591 684 pluris
1628 623 1845 682 quam
1886 607 2212 679 caeteri,

128 697 481 756 fortasse
535 691 766 753 etiam
811 691 1166 765 minoris,
1224 708 1450 767 quum
1493 691 1741 751 maior
1791 697 1916 752 est
1956 690 2210 767 copia.

129 777 262 840 Cui
307 777 402 837 l'it
447 775 808 837 iniuria?’
898 775 1000 837 52.
1045 774 1339 837 Exoritur
1367 773 1673 852 Antipatri
1704 774 1857 836 ratio
1893 791 1973 835 ex
2015 777 2213 836 altera

127 869 329 938 parte:
387 860 580 935 ‘Quid
609 861 742 922 ais?
787 869 885 935 tu,
919 878 1104 937 quum
1136 859 1489 921 hominibus
1521 860 1849 920 consulere
1880 858 2113 919 debeas
2148 868 2215 919 et

127 946 362 1008 servire
394 946 699 1006 humanae
727 944 1010 1007 societati
1039 960 1240 1020 eaque
1281 945 1419 1020 lege
1446 950 1629 1005 natus
1661 943 1748 1005 sis
1780 951 1843 1004 et
1872 959 1947 1003 ea
1972 943 2212 1004 habeas

125 1028 426 1107 principia
455 1037 742 1104 naturae,
795 1029 1017 1105 quibus
1057 1043 1282 1105 parere
1312 1035 1376 1088 et
1413 1044 1572 1104 quae
1608 1027 1786 1103 sequi
1824 1028 2088 1101 debeaS,
2146 1035 2212 1088 ut

123 1113 352 1176 utilitas
384 1121 488 1174 tua
530 1114 872 1175 communis
919 1113 999 1175 sit
1037 1112 1266 1174 utilitas
1299 1110 1691 1186 vicissimque
1726 1110 2066 1173 communis
2100 1111 2210 1172 uti-

124 1200 261 1260 litas
292 1206 399 1260 tua
436 1198 543 1272 sit,
598 1197 827 1260 celabis
857 1196 1138 1259 homines
1172 1195 1320 1273 quid
1342 1195 1415 1256 iis
1458 1196 1619 1257 adsit
1658 1193 2111 1258 commoditatis
2149 1204 2212 1256 et

126 1282 421 1359 eopiaev
497 1282 927 1359 Respondebit
972 1280 1287 1357 Diogenes
1343 1282 1611 1342 fortasse
1663 1279 1783 1341 sic:
1851 1277 2070 1343 ‘Aliud
2112 1287 2212 1341 est

128 1369 358 1439 celare,
414 1366 576 1426 aliud
621 1374 857 1439 tacere,
902 1382 1105 1442 neque
1148 1382 1266 1440 ego
1303 1382 1466 1427 nunc
1505 1372 1568 1425 te
1611 1366 1779 1438 celo,
1826 1363 1878 1425 si
1920 1362 2031 1425 tibi
2079 1380 2211 1424 non

126 1450 263 1512 dico
293 1466 454 1525 quae
485 1458 703 1510 natura
747 1450 1006 1511 deorum
1045 1448 1154 1521 sit,
1211 1448 1315 1523 qui
1354 1448 1434 1511 sit
1477 1449 1616 1510 finis
1657 1449 1998 1522 bonorum,
2046 1463 2211 1523 quae

123 1533 228 1594 tibi
260 1535 404 1610 plus
447 1534 827 1610 prodessent
873 1530 1119 1607 cognita
1155 1549 1337 1607 quam
1384 1531 1565 1594 tritici
1611 1532 1832 1594 vilitas.
1907 1532 2030 1594 Sed
2079 1548 2206 1594 non

125 1614 557 1692 quidquidtibi
586 1616 802 1677 audire
837 1616 983 1678 utile
1016 1623 1143 1689 est,
1178 1615 1244 1676 id
1270 1617 1413 1677 mihi
1437 1617 1643 1678 dicere
1670 1632 1933 1680 necesse
1956 1620 2098 1677 est?
2123 1652 2210 1663 -—

124 1701 225 1761 53.
271 1701 497 1761 ‘Immo
534 1703 724 1762 vero’
754 1699 990 1777 inquiet
1018 1699 1119 1760 ille
1146 1706 1446 1763 ‘necesse
1477 1708 1602 1777 est,
1634 1700 1688 1763 si
1717 1700 1963 1777 quidem
1999 1701 2182 1763 memi

123 1783 265 1846 nisti
297 1800 440 1846 esse
471 1783 631 1846 inter
664 1784 945 1846 homines
988 1792 1206 1845 natura
1255 1785 1644 1847 coniunctam
1685 1785 2089 1848 societatem?
2120 1820 2208 1830 —

124 1868 438 1931 ‘Memini’
479 1868 715 1946 inquiet
758 1869 888 1943 ille,
944 1871 1095 1931 ‘sed
1135 1887 1279 1932 num
1323 1870 1443 1931 ista
1482 1870 1751 1932 societas
1791 1872 1927 1932 talis
1968 1880 2090 1943 est,
2142 1882 2210 1932 ut

123 1953 266 2015 nihil
318 1971 500 2016 suum
542 1953 844 2031 cuiusque
887 1952 1007 2016 sit?
1078 1955 1259 2030 Quod
1294 1952 1348 2017 si
1387 1956 1469 2015 ita
1515 1962 1640 2029 est,
1687 1972 1766 2016 ne
1809 1955 2207 2017 vendendum

124 2038 371 2114 quidem
406 2039 739 2116 quidquam
767 2047 895 2113 est,
929 2038 1041 2100 sed
1081 2038 1484 2100 donandum.'
1573 2040 1726 2101 XIII.
1769 2039 1965 2100 Vides
1994 2039 2055 2100 in
2085 2040 2207 2100 bac

120 2132 250 2183 tota
293 2121 743 2199 disceptatione
798 2139 922 2184 non
972 2122 1119 2183 illud
1163 2122 1311 2185 dici:
1367 2123 1658 2198 Quamvis
1701 2124 1822 2184 boc
1872 2131 2050 2200 turpe
2102 2123 2203 2197 sit,

120 2213 355 2278 tamen,
390 2205 679 2279 quoniam
711 2206 989 2284 expedit,
1022 2207 1273 2280 faciam,
1308 2208 1424 2267 sed
1452 2207 1534 2267 ita
1564 2207 1888 2284 expedire,
1923 2215 1994 2268 ut
2023 2215 2203 2283 turpe

120 2305 244 2348 non
278 2287 384 2362 sit,
440 2305 517 2350 ex
553 2290 745 2350 altera
781 2297 987 2351 autem
1028 2300 1202 2366 parte
1239 2308 1314 2352 ea
1352 2308 1450 2365 re,
1505 2290 1649 2367 quia
1685 2297 1867 2368 turpe
1914 2291 2022 2366 sit,
2072 2309 2203 2354 non

120 2388 264 2433 esse
294 2370 662 2433 faciendum.
750 2374 851 2433 54.
895 2374 1143 2434 Vendat
1182 2376 1375 2436 aedes
1415 2374 1511 2436 vir
1554 2376 1758 2437 bonus
1800 2385 2059 2453 propter
2099 2376 2203 2436 ali·

120 2472 243 2531 qua
280 2454 453 2530 vitia,
490 2473 651 2537 quae
678 2455 816 2533 ipse
852 2456 1041 2531 norit,
1077 2458 1304 2520 caeteri
1338 2457 1652 2535 ignorent,
1688 2459 2047 2535 pestilentes
2078 2459 2205 2521 sint

118 2546 179 2600 et
212 2540 555 2601 habeantur
582 2541 897 2615 salubres,
932 2541 1250 2618 ignoretur
1276 2540 1335 2602 in
1367 2542 1652 2605 omnibus
1683 2543 1978 2605 cubiculis
2012 2560 2201 2621 appa·

117 2640 254 2685 rere
297 2631 657 2701 serpentes,
711 2629 870 2687 male
920 2625 1272 2687 materiatae
1323 2626 1473 2701 sint,
1528 2626 1849 2701 ruinosae,
1909 2630 2024 2690 sed
2080 2629 2202 2690 hoc

117 2717 363 2784 praeter
402 2710 712 2772 dominum
756 2726 936 2771 nemo
970 2708 1155 2772 solat:
1216 2727 1483 2787 quaero,
1538 2710 1593 2772 si
1631 2712 1785 2774 haec
1817 2711 2201 2788 emptoribus

119 2792 403 2854 venditor
430 2811 556 2855 non
590 2792 813 2856 dixerit
840 2795 1157 2870 aedesque
1185 2794 1531 2858 vendiderit
1566 2795 1757 2873 pluris
1789 2798 1980 2858 multo
2015 2813 2199 2873 quarn

117 2893 186 2935 se
238 2875 627 2939 venditurum
679 2878 936 2956 putarit,
998 2895 1142 2940 num
1196 2878 1420 2940 iniuste
1473 2887 1582 2942 aut
1618 2880 1897 2957 improbe
1945 2880 2204 2942 fecerit?

119 2961 259 3020 ‘Ille
292 2964 473 3021 vero’
503 2959 698 3037 inquit
725 2962 1068 3039 Antipater.
1158 2963 1260 3024 55.
1305 2962 1498 3037 ‘Quid
1542 2973 1638 3026 est
1681 2964 1843 3025 enim
1880 2965 2044 3026 aliud
2079 2982 2200 3025 er·

117 3044 316 3105 ranti
358 3044 553 3105 viam
585 3062 735 3106 non
778 3054 1242 3121 monstrare,
1303 3049 1470 3123 quod
1516 3047 1777 3111 Athenis
1824 3048 2201 3111 exsecratio-

116 3125 293 3190 nibus
325 3128 585 3206 publicis
628 3136 910 3191 sanctum
954 3137 1082 3204 est,
1127 3131 1180 3192 si
1216 3133 1336 3193 hoc
1364 3149 1485 3194 non
1521 3139 1647 3207 est,
1698 3140 2040 3210 emptorem
2072 3133 2202 3209 pati

116 3225 295 3303 ruere
322 3220 383 3272 et
415 3227 529 3287 per
562 3227 832 3272 errorem
868 3212 927 3273 in
961 3213 1287 3276 maximam
1321 3218 1592 3277 fraudem
1627 3215 1983 3279 incurrere?
2050 3218 2199 3279 Plus

116 3297 296 3351 et1am
326 3300 422 3353 est
453 3311 638 3369 quam
668 3294 832 3354 viam
863 3312 984 3356 non
1024 3306 1404 3360 monstrare:
1460 3316 1600 3361 nam
1650 3308 1748 3362 est
1790 3299 2088 3362 scientem
2137 3300 2198 3362 in

117 3389 383 3434 errorem
444 3377 697 3437 alterum
755 3376 1093 3440 inducere?
1184 3381 1493 3458 Diogenes
1549 3391 1793 3446 contra:
1883 3385 2073 3445 ‘Num
2140 3394 2200 3445 te
