2381 3723
186 136 253 189 ιι
929 154 946 168 ·
976 127 1477 189 FRAGMENTA.
1510 113 1523 142 ⁵
2131 134 2251 196 201

186 285 368 328 senatu
404 278 666 329 sententiis
704 276 834 327 ultro
885 278 1111 341 citroque
1158 279 1305 329 dictis
1348 282 1623 333 orationem
1667 282 1843 333 habuit
1879 284 1942 334 de
1969 253 2257 340 reducendo

184 346 238 395 in
287 360 499 411 regnum
545 362 665 412 rege
697 345 1059 397 Alexandrino.
1134 348 1269 397 Haec
1315 356 1483 399 autem
1529 351 1769 402 orationis
1820 351 2101 417 fragmenta
2151 356 2258 419 pri·

186 429 303 466 mus
337 416 496 465 edidit
524 414 589 465 A.
625 414 787 486 Maius
819 430 846 465 e
883 416 994 464 cod.
1031 416 1272 469 Ambros.
1309 417 1581 469 Mediolani
1621 419 1769 471 1817.

311 524 358 582 l.
406 523 460 582 1.
546 523 629 585 Ut
656 523 882 620 rapiat,
929 533 994 585 ut
1024 526 1437 588 latrocinetur.

312 605 370 666 2.
418 605 483 667 Si
510 606 759 667 hercle
744 625 802 667 m
837 608 1066 670 nostris
1098 609 1284 672 rebus
1312 617 1430 670 tam
1462 628 1637 672 acres
1672 612 1748 671 ad
1778 612 2088 689 pecuniaS,
2132 621 2256 675 tam

184 688 431 762 attenti,
461 695 584 749 tam
621 689 791 751 avari
820 694 1162 758 soleremus
1196 711 1358 755 esse.

314 774 487 834 11.1.
577 773 701 834 Sed
737 781 937 852 tamen
975 792 1132 850 quae
1163 784 1306 838 sunt
1336 784 1549 839 nostra
1576 777 1837 838 iudicia?

309 856 369 916 2.
415 856 655 918 Debent
682 874 824 919 esse
868 860 1353 933 modestissima,
1400 860 1687 935 quoniam
1718 861 1961 937 quidem
2009 870 2105 924 est
2133 864 2260 925 hoc

191 940 433 1022 summi
446 940 680 1016 imperii
722 949 967 1001 nosmet
996 942 1171 1019 ipsos
1207 944 1285 1004 de
1319 942 1548 1005 nostris
1577 943 1763 1004 rebus
1799 944 2083 1006 iudicare.

316 1025 372 1085 3.
431 1023 543 1099 Qui
584 1041 660 1085 ex
720 1024 1056 1110 hereditate
1106 1033 1273 1087 tanta
1315 1044 1501 1088 unum
1559 1029 1761 1087 solum
1804 1044 2025 1088 nomen
2069 1045 2258 1104 agno·

117 1131 120 1133 ’
185 1123 476 1169 Venulus-

315 1192 374 1250 4.
421 1233 648 1251 ......
682 1197 751 1251 ut
792 1192 1015 1252 bellum
1058 1193 1397 1268 gerendum
1426 1209 1569 1254 esse
1602 1200 1911 1267 censeret,
1957 1192 2063 1268 qui
2092 1210 2258 1254 men·

186 1276 414 1336 tionem
452 1272 748 1350 pecuniae
780 1275 1024 1335 fecerat.
1876 1309 1885 1314 -

313 1360 372 1418 5.
418 1356 520 1418 Sic
549 1363 646 1417 est
682 1357 840 1419 iusta
871 1375 1060 1419 causa
1090 1358 1264 1432 belli,
1313 1358 1492 1420 sicuti
1522 1360 1781 1420 Crassus
1816 1375 2255 1438 commemora-

185 1442 275 1503 vit
304 1458 441 1503 cum
474 1442 761 1517 Iugurtha
793 1442 998 1503 fuisse.
1370 1518 1377 1524 ·

316 1525 414 1585 111.
465 1526 518 1583 1.
606 1526 738 1586 Non
776 1526 973 1600 patiar
1003 1526 1161 1585 hanc
1200 1524 1475 1585 exaudiri
1512 1543 1727 1590 vocem
1767 1527 1944 1588 huius
1986 1526 2253 1603 imperii:

188 1626 307 1685 ego
337 1616 427 1681 te,
482 1607 597 1669 nisi
636 1609 746 1668 das
789 1608 1045 1683 aliquid,
1098 1609 1371 1681 hostem,
1425 1609 1480 1669 si
1524 1609 1670 1685 quid
1718 1610 1992 1683 dederis,
2044 1627 2254 1686 regem

188 1699 252 1752 et
282 1690 516 1768 socium
547 1698 608 1751 et
637 1691 894 1751 amicum
926 1690 1231 1752 iudicabo.

314 1775 369 1833 2.
417 1774 611 1849 Quum
653 1767 751 1834 ille
794 1791 902 1835 rex
946 1774 1024 1835 sit
1053 1774 1443 1860 interfectuS,
1491 1776 1655 1837 hunc
1684 1794 1942 1851 puerum
1974 1776 2033 1836 in
2072 1775 2255 1855 Syria

189 1859 404 1920 tuisse.
602 1906 609 1911 .

316 1942 376 2015 3.
417 1943 623 2017 Atque
652 1941 797 2002 illud
835 1941 1012 2002 etiam
1046 1949 1332 2003 constare
1366 1942 1575 2015 video,
1608 1959 1815 2018 regem
1845 1944 2031 2014 illum,
2066 1959 2256 2016 quum

188 2025 457 2101 reginam
491 2030 769 2086 sororem
805 2042 1009 2099 suam,
1049 2041 1255 2085 caram
1298 2033 1736 2100 acceptamque
1781 2027 2033 2102 populo,
2067 2023 2252 2083 mani-

188 2112 309 2170 bus
343 2108 468 2169 suis
503 2108 900 2185 trucidasset,
946 2108 1332 2169 intersectum
1377 2125 1520 2169 esse
1563 2108 1794 2185 impetu
1838 2107 2257 2168 multitudinis.

188 2195 360 2254 Haec
388 2193 580 2253 Schol.
609 2193 1048 2257 Ambrosianus.

309 2277 368 2339 4.
409 2274 681 2336 Difficilis
712 2276 864 2339 ratio
897 2275 1036 2336 belli
1069 2274 1355 2350 gerendi,
1388 2283 1449 2336 at
1480 2277 1657 2350 plena
1691 2274 1871 2349 fidei,
1920 2278 2100 2352 plena
2133 2273 2256 2349 pie-

189 2357 350 2420 tatis.
407 2373 665 2439 [Aquila
685 2388 800 2439 cap.
828 2374 908 2423 14.
936 2390 991 2439 p.
1018 2375 1134 2426 154.
1179 2375 1378 2427 Fortun.
1403 2373 1608 2427 Rhetor.
1631 2374 1723 2424 lib.
1744 2375 1806 2427 Π.
1829 2376 1880 2423 in
1910 2374 2183 2426 Partitione
2209 2381 2257 2422 et

187 2444 240 2491 in
261 2442 599 2508 HypophoriS.
647 2442 972 2492 Marciana
986 2459 1011 2493 s
1036 2441 1243 2508 Capella
1258 2443 1322 2492 de
1341 2442 1608 2492 Rhetorica
1623 2457 1676 2508 p.
1700 2443 1820 2494 428.
1847 2442 1928 2492 ed.
1946 2438 2227 2509 Capperon.
2230 2439 2254 2506 J

317 2526 376 2584 5.
422 2525 640 2586 Strabo
673 2540 886 2623 geogr.
922 2524 1022 2584 lib.
1048 2525 1178 2584 Vll.
1207 2540 1341 2600 cap.
1370 2524 1421 2581 1.
1449 2531 1501 2592 s.
1534 2522 1627 2582 13.
1659 2523 1813 2582 haec
1842 2523 2056 2584 habet:
2127 2523 2262 2619 Τῆς·

189 2601 538 2685 Αἰγύπτου
563 2600 636 2668 δὲ
665 2600 781 2681 τὰς
809 2602 1185 2682 προσόδους
1211 2605 1284 2667 ἔν
1312 2625 1443 2666 τινι
1482 2598 1659 2702 λόγω
1681 2600 1987 2685 Κικέρων
2024 2601 2256 2700 φράζει

190 2686 408 2770 φήσας
441 2683 586 2752 κατ’
637 2684 948 2752 ἐνιαυτὸν
990 2690 1082 2788 τῶ
1110 2689 1225 2769 τῆς
1266 2664 1696 2785 Κλεοπάτρας
1737 2684 1933 2765 πατρὶ
1972 2707 2062 2769 τω
2106 2678 2257 2747 Λύ-

189 2774 354 2856 λητῇ
403 2770 907 2854 προσφέρεσθαι
948 2792 1167 2852 φορον
1220 2765 1562 2839 ταλάντων
1611 2768 1872 2849 μυρίων
1916 2748 2261 2849 δισχιλίων

189 2858 666 2919 πεντακοσιᾞων

716 3013 768 3063 2.
842 3007 907 3059 IN
944 3007 1229 3060 CLODIUM
1265 3009 1346 3058 ET
1385 3005 1731 3058 CURIONEM.

744 3176 753 3183 .
780 3104 934 3170 (Cum
953 3106 1323 3172 supplementis
1348 3105 1461 3158 Car.
1482 3103 1671 3170 Beier.]

629 3219 1140 3260 ARGUMENTUM
1193 3219 1814 3261 PsEuDoAsconn.

329 3312 482 3377 Apud
518 3311 738 3362 Graecos
771 3311 934 3379 [landus
959 3313 1090 3364 modi
1118 3327 1312 3377 genera
1347 3312 1621 3360 orationum
1656 3300 2000 3358 ἐπαινοῦντα
2034 3301 2128 3355 καὶ
2163 3303 2262 3370 ψὲ-

186 3379 384 3445 γοντα]
419 3380 769 3441 nominantur,
818 3382 1124 3433 continentia
1162 3380 1322 3430 ferme
1357 3373 1553 3429 laudes*
1581 3386 1630 3427 et
1665 3376 2075 3442 vituperationes.
2150 3373 2258 3423 Non
