2381 3723
121 106 240 164 127
901 98 1460 160 POEMATORUM.

116 249 505 328 Spiniferam
535 252 750 313 subter
784 253 1041 312 caudam
1073 250 1341 312 Pistricis
1373 251 1684 312 adhaesit:

120 336 266 396 Hae
299 341 523 395 tenues
555 337 771 396 stellae
800 335 1197 411 perhibentur
1225 335 1472 396 nomine
1500 338 1721 410 Aquai.

121 419 249 479 Hic
281 417 435 479 aliae
469 419 729 480 volitant
762 437 955 496 parvo
991 436 1129 480 cum
1160 419 1389 480 lumine
1420 421 1653 493 clarae,

122 504 344 578 Atque
375 502 585 580 priora
616 503 841 578 pedum
880 505 1148 565 subeunt
1183 502 1443 579 vestigia
1475 505 1676 578 magni

125 586 553 648 Arcitenentis
598 594 660 648 et
696 588 1002 649 obscurae
1032 587 1166 649 sine
1200 587 1446 648 nomine
1480 588 1725 650 cedunt.

263 672 415 730 Inde
443 671 652 747 Nepae
685 688 905 733 cernes
944 678 1200 748 propter
1231 671 1518 747 fulgentis
1551 688 1811 734 acumen

125 760 393 827 Aram,
433 771 617 830 quam
646 756 798 817 flatu
829 758 1170 832 permulcet
1198 756 1447 832 spiritus
1482 757 1726 829 Austri,

124 836 379 914 Exiguo
412 855 709 915 superum
742 857 903 915 quae
932 839 1155 900 lumina
1182 846 1469 915 tempore
1502 846 1734 900 tranat:

125 924 289 984 Nam
321 925 538 999 procul
567 926 835 985 Arcturo
866 932 964 985 est
994 925 1261 985 adversa
1295 931 1468 1000 parte
1502 925 1720 985 locata.

131 1012 408 1069 Arcturo
443 1023 735 1083 magnum
765 1010 968 1084 spatio
999 1024 1229 1085 supera
1256 1008 1425 1068 dedit
1456 1007 1670 1069 orbem

130 1090 444 1167 luppiter:
479 1091 622 1153 huic
652 1108 911 1167 parvum
944 1091 1234 1152 inferiore
1263 1091 1322 1150 in
1353 1098 1528 1167 parte
1558 1091 1805 1152 locavit.

132 1174 311 1235 Haec
339 1183 539 1236 tamen
578 1185 831 1238 aeterno
872 1176 1148 1237 invisens
1179 1177 1319 1235 loca
1354 1174 1658 1235 curriculo
1696 1191 1822 1236 nox

133 1259 331 1334 Signa
367 1259 537 1320 dedit
565 1259 764 1320 nautis
807 1261 1009 1331 cuncti
1041 1275 1204 1335 quae
1236 1274 1501 1320 noscere
1532 1268 1821 1334 possent,

136 1342 598 1404 commiserans
629 1344 944 1404 hominum
974 1344 1343 1428 metuendos
1374 1340 1646 1416 undique
1676 1359 1884 1404 casus.

136 1427 289 1487 Nam
322 1444 507 1502 quum
541 1428 873 1503 fulgentem
907 1444 1124 1489 cernes
1155 1427 1292 1489 sine
1322 1426 1588 1487 nubibus
1624 1426 1772 1488 atris

136 1514 329 1571 Aram
360 1512 475 1572 sub
513 1510 713 1571 media
747 1514 899 1572 caeli
931 1511 1185 1588 regione
1218 1512 1477 1572 locatam
1497 1557 1522 1593 „

139 1598 196 1653 A
227 1611 466 1655 summa
500 1602 678 1671 parte
713 1596 982 1656 obscura
1015 1594 1273 1670 caligine
1309 1602 1561 1666 tectam,

137 1679 292 1738 Tum
325 1679 545 1740 validis
574 1679 766 1755 fugito
801 1678 1084 1740 devitans
1113 1678 1348 1739 viribus
1381 1681 1711 1740 Austrum:

140 1764 336 1836 Quem
369 1763 423 1823 si
457 1763 845 1839 prospiciens
873 1761 1201 1833 vitaveriS‚
1240 1763 1443 1823 omnia
1474 1769 1654 1822 caute

141 1849 541 1908 Armamenta
571 1849 819 1921 locanS,
851 1854 984 1909 tuto
1017 1848 1225 1908 labere
1256 1864 1368 1922 per
1395 1847 1617 1908 undas,

144 1930 250 1991 Sin
282 1931 491 2007 gravis
523 1930 805 1993 inciderit
835 1931 1178 1992 vehementi
1207 1930 1453 1992 flamine
1486 1937 1737 2003 ventus,

143 2013 485 2089 Perfringet
519 2018 725 2077 celsos
758 2016 965 2076 defixo
997 2016 1228 2076 robore
1256 2018 1486 2087 maloS‚

142 2100 225 2159 Ut
250 2114 352 2158 res
390 2101 557 2159 nulla
586 2102 748 2160 feras
784 2098 984 2174 possit
1014 2100 1286 2159 mulcere
1315 2100 1623 2175 procellas
1643 2143 1657 2168 ,

145 2183 216 2242 Ni
252 2189 428 2257 parte
459 2200 536 2244 ex
564 2183 894 2259 Aquilonis
934 2199 1190 2259 opacam
1224 2183 1455 2259 pellere
1485 2182 1711 2242 nubem

150 2266 435 2342 Coeperit
464 2273 526 2327 et
560 2267 780 2328 subitis
815 2266 979 2328 auris
1011 2266 1321 2349 diduxerit
1348 2268 1497 2327 Ara.

148 2349 252 2409 Sin
283 2350 575 2412 humeros
611 2350 815 2412 medio
848 2351 906 2411 in
941 2353 1112 2412 caelo
1146 2352 1289 2411 Cen
1310 2358 1581 2411 taurus
1611 2348 1861 2411 habebit

146 2434 416 2508 Ipseque
453 2436 734 2495 caerulea
769 2442 1091 2496 contectus
1123 2436 1287 2495 nube
1322 2436 1567 2507 feretur,
1637 2455 1640 2458 ·

148 2520 354 2591 Atque
386 2521 577 2578 Aram
612 2517 780 2579 tenui
811 2519 1084 2593 caligans
1110 2518 1339 2579 vestiet
1370 2519 1615 2589 umbra,

148 2602 247 2661 Ad
279 2600 595 2676 signorum
631 2601 862 2663 obitum
895 2601 992 2662 vis
1025 2609 1124 2663 est
1150 2600 1481 2662 metuenda
1508 2600 1763 2661 Favoni.

152 2686 256 2744 Ille
283 2693 488 2745 autem
522 2686 860 2747 Centaurus
892 2685 951 2745 in
985 2688 1106 2747 alta
1142 2686 1294 2747 sede
1325 2687 1596 2756 locatuS,

153 2769 282 2842 Qua
311 2785 456 2829 sese
487 2772 717 2830 clarum
749 2772 1064 2832 collucens
1097 2768 1394 2845 Scorpius
1425 2770 1623 2828 infert.

150 2852 327 2912 Hunc
357 2852 571 2913 subter
606 2862 841 2928 partem
874 2861 1285 2931 praeportans
1319 2869 1455 2929 ,pse
1486 2850 1722 2911 virilem

157 2935 358 3010 Cedit,
393 2936 536 3013 equi
570 2945 780 3014 partes
814 2955 1160 3014 properans
1190 2937 1566 3013 subiungere
1597 2933 1819 2995 Chelis.

154 3020 269 3080 Hic
297 3020 573 3081 dextram
599 3037 892 3098 porgens,
922 3024 969 3098 Q
991 3041 1029 3083 u
1045 3038 1080 3081 a
1099 3023 1134 3081 d
1155 3039 1237 3082 ru
1253 3039 1293 3098 p
1309 3038 1343 3081 e
1360 3038 1390 3081 s
1416 3036 1537 3095 qua
1557 3025 1737 3079 vasta
1758 3025 2022 3090 tenetur,

155 3105 344 3178 Quam
375 3122 559 3167 nemo
591 3114 761 3167 certo
793 3107 1046 3167 donavit
1079 3105 1327 3166 nomine
1359 3104 1631 3172 Graium,

153 3187 372 3249 Tendit
401 3196 462 3249 et
489 3189 787 3251 illustrem
817 3192 1196 3251 truculentus
1227 3189 1427 3250 caedit
1457 3188 1534 3248 ad
1563 3190 1773 3248 Aram.

276 3271 391 3332 Hic
424 3290 568 3335 sese
599 3274 852 3337 infernis
888 3292 923 3335 e
956 3274 1237 3350 pambus
1274 3272 1449 3349 erigit
1475 3272 1766 3350 Hydra,

154 3356 476 3434 Praecipiti
511 3360 688 3435 lapsu
725 3358 890 3420 flexo
924 3375 1041 3419 cun
1111 3373 1357 3435 torpore
1389 3374 1671 3435 serpens.

2101 103 2225 168 317

2074 429 2229 499 (180)

2127 515 2232 569 425

2074 845 2229 919 (185)

2077 1267 2232 1334 (190)

2127 1354 2233 1408 435

2077 1686 2234 1756 (195)

2077 2102 2231 2172 (200)

2128 2190 2233 2243 445

2081 2521 2235 2622 (2015)

2079 2939 2234 3006 (210)

2130 3025 2234 3077 455

2083 3352 2239 3422 (215)
