2381 3723
194 183 294 240 109
477 216 485 223 .
974 173 1475 236 FRAGMENTA.
2138 171 2262 247 299

253 328 357 381 rv.
396 323 734 385 cncssaoms
780 324 1031 375 meam
1067 325 1265 377 DICTA
1299 327 1346 377 A
1378 327 1764 382 PLUTAncno
1802 304 2189 390 MEMORATA.

315 427 369 485 1.
391 445 395 449 ·
414 419 723 502 Κικέρων
750 417 908 497 τούς
939 444 1015 503 γε
1044 426 1139 486 τῶ
1160 427 1333 506 βοᾷν
1363 422 1618 508 μεγάλα
1649 431 2033 512 χρωμένους
2062 431 2264 518 ρήτο-

187 530 306 608 ρηας
353 505 790 612 έπίσκώπτωγ
831 507 1027 619 ,ἔλεγε
1075 488 1163 571 δι’
1222 502 1584 609 ἀσθένειαν
1634 510 1739 576 ἐπὶ
1789 509 1914 597 τὴν
1958 514 2263 600 κραυγὴν

187 595 815 756 ωσῗρἹχῙωδὲυσὲεῖῗ
850 594 1487 757 τιῖῑῖἴὶἷέξῗέααὶ
1534 674 1659 761 τὴν
1696 676 1971 746 παιδιὰν
2012 679 2262 766 ταύτην

187 752 586 842 εὐτραπελία
631 757 980 823 δικανικὸν
1020 755 1144 841 μὲν
1176 757 1393 825 ἐδόκει
1438 759 1547 825 καὶ
1582 763 1969 849 γλαφυρόν,
2001 764 2262 850 χρώμε-

183 865 303 918 νος
345 836 409 906 δ’
454 837 626 926 αὐτῇ
665 837 1049 924 κατακόρως
1099 841 1390 922 πολλοὺς
1435 843 1662 910 ἐλύπει
1708 848 1817 912 καὶ
1859 855 2261 933 κακοηθείας

183 923 516 1010 ἐλάμβανε
542 925 765 1003 δόξαν.
855 942 1202 1012 [Plutarch.
1244 947 1348 999 cio.
1389 963 1500 1014 cap.
1538 946 1612 1016 5.]

311 1030 371 1092 3.·
421 1021 647 1092 Πολλὰ
680 1029 990 1110 χαρίεντα
1029 1029 1632 1114 διαμνημονεύεται
1663 1029 1772 1097 καὶ
1807 1031 1957 1110 περὶ
1997 1033 2262 1115 ἐκείνην

186 1106 399 1186 αὐτοῦ
436 1110 846 1199 (Κικέρωνος
877 1108 1042 1177 κατὰ
1069 1113 1361 1200 Βέρρου)
1393 1109 1516 1196 τὴν
1546 1115 1758 1197 δίκην.
1846 1112 2105 1201 Βέρρην
2133 1116 2261 1199 γὰρ

186 1195 257 1259 οἱ
274 1189 575 1277 Ῥωμαῖοι
610 1190 736 1258 ’τὸν
778 1194 1258 1279 ἐκτετμημένον
1296 1202 1540 1281 χοῖρον
1564 1201 1909 1263 καλοῦσιν.
1989 1198 2103 1275 Ὡς
2134 1190 2261 1264 οὖν

185 1273 711 1360 ἀπελευθερικὸς
767 1273 1129 1363 ἅνθρωπος
1183 1283 1411 1364 ἔνοχος
1457 1285 1550 1368 τῷ
1605 1283 2001 1366 ἰουδαΐζειν,
2049 1278 2262 1365 ὄνομα

182 1367 559 1444 Καικίλιος,
591 1359 904 1445 ἐβούλετο
935 1364 1413 1448 παρωσάμενος
1442 1360 1601 1442 τούς
1623 1363 2030 1442 Σικελιώτας
2058 1390 2261 1448 κατη-

185 1458 414 1531 γορεῖν
442 1450 567 1511 τοῦ
601 1445 883 1533 Βέρρου·
938 1441 1057 1512 ’Τί
1074 1442 1371 1536 Ἰουδαίῳ
1401 1443 1567 1532 πρὸς
1594 1443 1873 1532 χοϊρον;’
1910 1451 2037 1533 ἔφη
2071 1444 2106 1514 ὁ
2131 1453 2257 1514 Κι-

183 1531 425 1615 κέρων.
513 1547 674 1616 [Idem
712 1550 812 1601 Cic.
851 1566 963 1616 cap.
999 1551 1073 1616 7.]

282 1618 371 1694 '4.
409 1621 530 1696 Ἦν
564 1628 637 1696 δὲ
671 1634 764 1718 τῷ
792 1630 1011 1718 Βέρρῃ
1039 1627 1342 1710 ἀντίπαις
1376 1631 1523 1711 υίὸς
1550 1631 1679 1700 οὐκ
1713 1634 2113 1717 ἐλευθερίως
2142 1635 2262 1699 δυ·-

185 1717 328 1778 κῶν
358 1717 803 1797 προΐστασθαι
845 1721 960 1804 τῆς
1002 1710 1197 1796 ὥρας.
1259 1719 1702 1801 Λοιδορηθεὶς
1730 1709 1859 1784 οὖν
1884 1715 1920 1784 ὁ
1954 1718 2262 1800 Κικέρων

185 1801 278 1876 εἰς
321 1801 650 1882 μαλακίαν
693 1793 826 1867 ὑπὸ
858 1803 984 1866 τοῦ
1026 1801 1319 1887 Βέρρου·
1360 1796 1376 1822 ‘
1404 1806 1557 1879 Τοῖς
1596 1797 1792 1880 υίοῐς’
1831 1798 2017 1869 εἶπεν
2045 1797 2261 1877 εέντὸς

181 1886 427 1966 θυρῶν
457 1885 562 1948 δεῖ
591 1879 1078 1967 λοιδορεῖσθαι.’
1173 1902 1331 1970 [Idem
1365 1904 1513 1971 ibid.]

310 1989 370 2048 5.
422 1988 561 2049 Τοῦ
609 1982 683 2050 δὲ
739 1982 1021 2071 ῥήτορος
1068 1982 1417 2068 Ὁρτησίου
1467 1983 1592 2070 τὴν
1654 1984 1780 2070 μὲν
1836 1981 2113 2051 εὐθεῖαν
2170 1990 2264 2073 τῷ

179 2068 400 2155 Βέρρῃ
427 2079 774 2134 συνειπεῖν
803 2066 892 2152 μὴ
924 2067 1408 2154 τολμήσαντος,
1439 2071 1514 2135 έν
1543 2066 1618 2136 δὲ
1647 2073 1739 2157 τῷ
1768 2068 2078 2151 τιμήματι
2115 2091 2264 2134 πει-

181 2151 467 2229 σθέντος
494 2154 994 2235 παραγενέσθαι
1029 2155 1139 2217 καὶ
1166 2150 1491 2238 λαβόντος
1524 2153 1965 2236 ἐλεφαντίνην
1991 2156 2264 2235 Σφίγγα

180 2231 439 2319 μισθὸν
485 2231 627 2302 εἶπέ
669 2260 734 2301 τι
781 2240 1074 2320 πλαγίως
1114 2233 1150 2302 ὁ
1195 2240 1504 2319 Κικέρων
1543 2237 1713 2322 πρὸς
1750 2234 1994 2317 αὐτόν,
2028 2240 2150 2301 τοῦ
2190 2232 2263 2298 δὲ

184 2318 529 2402 φήσαντος
565 2320 976 2404 αἰνιγμάτων
1025 2317 1290 2387 λύσεων
1331 2317 1616 2403 ἀπείρως
1656 2324 1865 2407 ἔχειν·
1917 2316 1934 2341 ‘
1960 2319 2089 2386 Καὶ
2130 2316 2264 2402 μὴν

181 2404 290 2469 ἐπὶ
320 2407 436 2487 τῆς
464 2406 674 2481 οἰκίας
711 2401 836 2489 τὴν
865 2408 1137 2489 Σφίγγα
1170 2400 1373 2488 ἔχεις.’
1445 2425 1605 2493 [Idem
1641 2426 1675 2477 Ι.
1716 2424 1788 2492 ο.]
1850 2410 1978 2472 Non
2008 2411 2265 2483 intelligo

182 2495 336 2553 haec
379 2495 737 2567 miqmata.
778 2526 862 2537 —-
908 2492 1099 2569 Atqui
1149 2493 1372 2565 debeS‚
1422 2498 1634 2570 inquit,
1692 2512 1879 2570 quum
1929 2492 2263 2569 Sphingem

184 2574 354 2636 domi
385 2576 634 2636 habeas.
729 2589 1255 2658 [Quinctilianus
1292 2592 1383 2643 lib.
1423 2592 1511 2641 VI.
1551 2608 1665 2656 cap.
1703 2593 1757 2644 3.
1797 2593 1850 2655 S.
1886 2591 1974 2645 98.
2014 2592 2083 2645 cf.
2127 2590 2264 2639 Pli-

183 2660 334 2709 nius
368 2659 490 2712 hist.
522 2668 626 2714 nat.
665 2660 755 2710 lib.
794 2660 1033 2711 XXXIV.
1073 2675 1193 2726 cap.
1229 2661 1281 2712 8.
1318 2676 1361 2715 ε.
1400 2660 1484 2711 18.
1528 2661 1578 2721 S.
1603 2660 1719 2726 48.]

310 2742 371 2803 6.
421 2740 714 2805 Μέλλων
748 2735 822 2804 δὲ
851 2737 1159 2821 Κράσσος
1190 2743 1282 2817 είς
1311 2742 1574 2822 Συρίαν
1609 2733 1918 2815 ἀπαίρειν
1950 2736 2261 2822 ἐβούλετο

182 2819 306 2887 τὸν
350 2824 700 2904 Κικέρωνα
741 2826 997 2907 μᾶλλον
1040 2828 1225 2911 αὐτῷ
1262 2829 1462 2907 φίλον
1511 2816 1552 2906 ἢ
1607 2818 1856 2905 ἐχθρὸν
1900 2815 2105 2904 εἶναι,
2155 2818 2264 2882 καὶ

182 2904 820 2989 φιλοφρονούμενος
861 2908 989 2991 ἔφη
1030 2906 1405 2992 βούλεσθαι
1450 2909 1804 2988 δειπνῆσαι
1845 2909 2009 2990 παρ’
2055 2905 2261 3005 αἰξτῷ,

181 2984 493 3066 κάκεῖνος
528 2984 890 3067 ὑπεδέξατο
922 2990 1313 3075 προθύμως.
1365 2986 1646 3072 Ὀλίγαις
1681 2983 1747 3054 δ’
1784 2985 2074 3071 ὕστερον
2102 2984 2265 3071 ημέ-

180 3097 334 3153 ραις
362 3073 512 3154 περὶ
540 3077 860 3141 Βατινίου
890 3077 1109 3157 φίλων
1137 3079 1344 3140 τινῶν
1365 3072 1931 3156 ἐντυγχανόντων,
1968 3066 2057 3145 ὥς
2079 3090 2263 3150 μνω-

176 3157 394 3240 μένου
417 3155 754 3234 διαλύσεις
782 3156 891 3222 καὶ
915 3162 1147 3267 φιλίαν
1173 3198 1261 3209 --
1288 3150 1375 3241 ἦν
1398 3155 1525 3240 γὰρ
1557 3153 1799 3239 ἐχθρός
1824 3179 1939 3205 -—·
1976 3148 2111 3256 Ἰού
2139 3147 2263 3233 δή-

132 3267 150 3281 ·
178 3262 320 3305 που
363 3238 473 3304 καὶ
509 3238 838 3318 Βατίνιος’
891 3264 1032 3307 ειπε
1065 3238 1082 3263 ‘
1107 3244 1460 3324 δειπνῆσαι
1500 3236 1659 3323 παρ’
1700 3237 1843 3322 ἐμοὶ
1884 3238 2261 3322 βουλεται;’

177 3326 542 3395 [Plutarch.
579 3328 684 3379 Cic.
722 3344 835 3395 cap.
868 3328 984 3395 26]

311 3413 371 3471 7.
409 3412 726 3475 Βατίνιον
748 3412 981 3492 ἔχοντα
1003 3406 1319 3493 χοιράδας
1341 3406 1519 3496 ἐντῷ
1541 3404 1840 3492 τραχήλῳ
1864 3404 1973 3468 καὶ
1986 3402 2262 3484 λέγοντα
