2381 3723
78 176 163 225 ιο
880 149 1381 221 FRAGMENTA.
2038 168 2159 229 205

75 309 238 371 nihil
267 309 499 385 habeo,
549 309 630 370 ibi
662 309 871 371 fuisse.
946 313 1072 386 Quo
1100 314 1271 372 modo
1299 313 1456 372 enim
1490 331 1609 374 non
1646 319 1831 376 mirer
1860 326 2157 379 amentem

77 392 543 468 adversarium,
584 393 688 469 qui
719 393 781 452 id
812 392 1087 468 obiiciat,
1126 395 1295 471 quod
1331 398 1431 456 vel
1463 394 1720 458 honeste
1753 399 2030 461 confiteri
2065 404 2159 462 vel

78 477 414 538 manifesto
447 478 815 551 redarguere
850 477 1106 573 possis?

217 562 292 619 V.
334 561 481 620 Nam
522 560 788 621 rusticos
823 560 880 620 ei
908 577 1024 622 nos
1055 560 1252 622 videri
1287 561 1484 624 minus
1517 571 1613 624 est
1639 565 2008 639 mirandum,
2056 567 2158 643 qui

78 642 453 704 manicatam
495 643 762 706 tunicam
802 651 866 704 et
915 645 1150 705 mitram
1183 652 1246 705 et
1273 662 1613 721 purpureas
1656 647 1880 709 fascias
1931 651 2157 711 habere

79 743 213 787 non
242 743 599 803 possumus.
668 729 758 787 Tu
783 744 929 788 vero
960 728 1246 801 festivuS,
1278 736 1345 790 tu
1368 732 1647 805 eleganS,
1676 739 1743 793 tu
1774 734 1947 793 solus
1977 734 2156 794 urba·

81 827 238 883 nus,
273 827 455 886 quem
490 813 671 873 decet
693 810 1000 872 muliebris
1029 818 1299 885 ornatuS,
1336 829 1517 887 quem
1538 812 1820 875 incessus
1846 818 2155 891 psaltriae,

83 893 197 967 qui
238 893 591 954 effeminare
641 896 904 967 v,ultum
965 902 1278 956 attenuare
1326 911 1574 970 vocem,
1635 900 1876 958 laevare
1926 914 2153 975 corpus

82 982 293 1053 potes.

217 1058 263 1119 Ο
317 1060 626 1136 singulare
677 1062 1051 1137 prodigium!
1123 1066 1231 1134 At,
1296 1080 1332 1123 o
1385 1064 1755 1123 monstrum!
1825 1066 2041 1126 Nonne
2095 1073 2155 1126 te

82 1141 273 1203 huius
313 1144 552 1220 templi,
600 1162 724 1207 non
770 1144 968 1219 urbis,
1012 1162 1135 1207 non
1171 1145 1363 1219 vitae,
1410 1161 1532 1205 non
1566 1144 1720 1206 lucis
1755 1148 1980 1220 pudet?
2047 1148 2154 1220 Tu,

85 1224 199 1300 qui
226 1226 474 1288 indutus
498 1229 771 1289 muliebri
800 1235 977 1290 veste
1008 1227 1195 1289 fueris
1213 1276 1227 1300 ‚
1263 1227 1496 1288 virilem
1520 1244 1741 1288 vocem
1771 1231 1965 1290 audes
1991 1231 2156 1291 emit-

84 1315 256 1384 tere,
310 1310 483 1371 cuius
513 1311 921 1388 importunam
964 1311 1275 1372 libidinem
1318 1319 1379 1372 et
1413 1319 1692 1386 stuprum
1736 1328 1875 1372 cum
1918 1315 2156 1373 scelere

88 1392 482 1455 coniunctum
513 1412 591 1456 ne
628 1395 1008 1458 subornandi
1052 1394 1294 1470 quidem
1327 1410 1497 1455 mora
1526 1396 1896 1456 retardavit?
1963 1398 2153 1471 Tune,

86 1494 277 1551 quum
305 1477 681 1540 vincirentur
704 1481 893 1555 pedes
929 1477 1152 1552 fasciis,
1179 1495 1366 1554 quum
1389 1479 1683 1539 calantica
1707 1478 1887 1555 capiti
1910 1496 2152 1541 accom-

82 1562 465 1636 modaretur,
519 1581 705 1639 quum
745 1562 850 1623 vix
891 1562 1249 1622 manicatam
1278 1561 1541 1622 tunicam
1586 1561 1644 1622 in
1677 1564 1940 1623 lacertos
1973 1562 2154 1623 ‘indu-

86 1660 294 1719 ceres,
335 1663 521 1721 quum
552 1646 829 1722 strophio
862 1654 1147 1706 accurate
1175 1645 1670 1720 praecingerere,
1718 1646 1777 1705 in
1812 1653 1936 1706 tam
1966 1650 2151 1721 longo

86 1727 287 1803 spatio
317 1746 647 1805 numquam
689 1737 752 1790 tc
775 1729 959 1806 Appii
995 1728 1223 1789 Claudii
1266 1737 1553 1804 nepotem
1599 1745 1744 1790 esse
1791 1732 2152 1791 recordatus

88 1812 198 1871 es?
266 1813 513 1887 Nonne,
566 1813 746 1875 etiarn
789 1810 844 1874 si
874 1829 1113 1874 omnem
1153 1820 1414 1873 mentem
1457 1810 1641 1872 libido
1674 1820 2009 1886 averterat,
2067 1821 2153 1874 ta-

86 1910 227 1954 men
271 1912 349 1957 ex
382 1911 434 1977 [e
460 1915 573 1964 cod.
599 1909 824 1976 Tam-im]
858 1900 1075 1958 iturum
1116 1914 1233 1972 per
1271 1900 1488 1956 atrium
1528 1899 1814 1970 imaqines
1864 1902 2153 1957 maiorum

85 1990 315 2038 tuorum
359 1989 414 2041 le
452 1998 492 2040 a
535 1988 694 2042 tanto
739 1985 959 2042 scelere
998 1983 1172 2040 etiam
1211 1986 1406 2039 mutae
1454 1995 1736 2039 revocare
1785 1977 2155 2041 debuerunt?

90 2061 268 2132 Quem
311 2067 464 2123 enim
503 2081 780 2140 umquam
827 2066 1052 2124 audisti
1077 2065 1367 2123 maiorum
1409 2069 1639 2122 luorum
1653 2107 1666 2134 ‚
1725 2065 1831 2135 qui
1870 2070 1928 2122 et
1969 2078 2149 2122 sacra

80 2147 326 2221 privata
370 2150 675 2208 coluerunt
715 2154 774 2208 et
803 2149 1056 2224 publicis
1096 2146 1442 2206 sacerdotiis
1463 2202 1466 2205 ,
1485 2145 1894 2220 praefuerunt
1907 2192 1922 2219 ,
1975 2161 2151 2219 quum

83 2232 442 2302 sacrificium
488 2230 696 2292 Bonae
747 2233 894 2292 deae
939 2234 1110 2304 fieret
1121 2276 1135 2302 ,
1207 2225 1610 2302 interfuisse?
1676 2229 1976 2288 Neminem
1991 2250 2010 2288 .·
2078 2245 2153 2288 ne

86 2314 261 2372 illum
274 2315 533 2387 quidem,
584 2318 689 2389 qui
713 2332 924 2376 caecus
949 2320 1038 2374 est
1053 2313 1290 2387 ἴασπις.
1350 2311 1504 2385 Sed,
1558 2312 1775 2386 cred0,
1820 2321 2149 2388 postquam

87 2397 404 2468 speculum
427 2395 533 2456 tibi
564 2399 826 2458 adlatum
856 2405 976 2470 est,
1009 2398 1192 2471 longe
1222 2402 1282 2455 te
1313 2412 1351 2454 a
1378 2394 1605 2470 pulcris
1639 2394 1861 2457 abesse
1884 2395 2150 2457 sensisti.

91 2475 706 2542 [Pseudoasconius.
779 2481 1023 2531 Nonius
1058 2497 1111 2546 p.
1148 2478 1269 2531 339.
1304 2479 1459 2544 434.]

208 2561 285 2620 At
326 2579 483 2634 sum,
524 2566 735 2640 inquit,
787 2564 957 2624 haud
993 2566 1085 2623 ita
1117 2563 1398 2622 illiberali
1425 2561 1611 2633 faeie.
1638 2596 1726 2607 —
1759 2561 1970 2636 [Quasi
1998 2578 2147 2624 vero

88 2656 204 2716 ego
237 2643 315 2703 de
346 2639 505 2706 ‘facie
534 2653 666 2718 tua,
711 2645 1017 2718 catamite,
1067 2643 1344 2715 dixerim]
1377 2659 1453 2703 ac
1494 2660 1611 2703 non
1652 2645 1728 2704 de
1761 2647 1995 2719 flaqitio
2035 2652 2133 2705 tuo

86 2731 520 2878 qgcolecltiffium
551 2733 835 2804 imaqines
859 2727 1168 2802 funestas!
1244 2741 1652 2808 [Rufinianus
1691 2757 1800 2807 cap.
1838 2744 1889 2795 2.
1924 2758 1976 2806 p.
2023 2742 2117 2793 197

87 2822 115 2858 θ
250 2825 282 2858 u
320 2826 349 2859 n

210 2879 311 2937 VI.
342 2882 425 2939 At
439 2897 592 2954 sum,
608 2880 822 2956 inquit,
838 2852 1179 2942 absolutus.
1192 2880 1460 2940 ——Novo
1478 2877 1722 2954 quidem
1736 2877 1943 2941 hercle
1957 2896 2128 2941 more

88 2958 182 3019 cui
211 2959 314 3021 uni
345 2963 629 3025 absoluto
664 2963 800 3024 lites
832 2962 1188 3025 aestimatae
1218 2969 1379 3024 sunt.
1445 2974 2081 3043 [Pseudoasconius.]

204 3058 450 3119 Iuranti
458 3106 472 3132 ,
519 3063 731 3135 inquit,
776 3056 880 3122 tibi
914 3063 1136 3122 iudices
1178 3077 1295 3120 non
1334 3059 1732 3120 crediderunt.
1807 3059 1991 3134 Quasi
2028 3074 2142 3131 ego

87 3158 206 3203 non
257 3149 582 3204 contentus
627 3144 773 3219 sim,
828 3146 993 3220 quod
1044 3142 1185 3203 mihi
1231 3143 1500 3219 quinque
1541 3149 1603 3202 et
1662 3139 2146 3216 viginti‘iudices

89 3223 504 3287 crediderunt!
569 3231 812 3303 triginta
862 3247 1015 3290 anus
1071 3228 1174 3287 tibi
1220 3228 1373 3287 nihil
1423 3228 1835 3298 crediderunt,
1899 3222 1998 3300 qui
2050 3239 2144 3284 se-

91 3315 369 3384 questres
412 3309 524 3371 abs
573 3317 634 3370 te
663 3313 1005 3388 locupletes
1035 3315 1415 3385 acceperint,
1474 3309 1779 3382 manifesti
1807 3309 2071 3383 periurii
2090 3315 2149 3367 et

80 3395 447 3470 praesidium
475 3412 515 3454 a
542 3397 706 3458 nobis
720 3399 1017 3472 petierint.
1091 3412 1196 3479 [Ps
1214 3426 1280 3461 et>
1298 3405 1745 3472 domnoniam]
