2381 3723
169 146 239 198 αι
789 133 952 192 CAP.
992 141 1244 196 16—-18-
1290 141 1343 201 S.
1380 141 1636 196 56--63.
2127 134 2238 199 137

167 280 459 361 scriptio,
528 287 750 345 multae
796 284 975 345 etiam
1032 283 1286 345 istarum
1339 285 1626 344 arborum
1677 301 1813 345 mea
1868 303 2051 346 manu
2102 295 2244 346 sunt

167 372 391 429 satae?
463 367 615 427 Tum
644 369 1033 444 Lysandrum
1074 367 1409 428 intuentem
1461 384 1791 443 purpuram
1826 368 1957 429 eius
1991 377 2052 429 ct
2098 369 2243 429 nito-

168 469 300 511 rem
349 451 633 525 corporis
681 459 1088 526 ornatumque
1128 451 1441 512 Persicum
1486 453 1675 513 multo
1723 468 1875 513 auro
1919 451 2248 528 multisque

165 533 432 610 gemmis
458 534 719 596 dixisse:
768 537 994 595 ‘Recte
1019 552 1166 596 vero
1192 543 1270 608 te,
1306 537 1481 612 Cyre,
1518 537 1764 596 beatum
1790 538 2019 610 ferunt,
2057 554 2248 612 quon·

165 618 286 678 iam
339 617 545 677 virtuti
591 627 733 679 tuae
792 620 1033 679 fortuna
1089 619 1412 680 coniuncta
1474 621 1637 681 esti’
1729 621 1828 681 60.
1879 622 2010 681 Hac
2068 621 2249 696 igitur

167 704 423 777 fortuna
465 701 581 762 frui
636 702 776 763 licet
816 701 1069 764 senibus
1120 719 1236 763 nec
1276 709 1448 763 aetas
1486 703 1740 779 impedit
1781 722 1904 780 quo
1949 703 2150 766 minus
2188 717 2250 765 et

167 792 553 846 caeterarum
582 803 786 846 rerum
818 794 881 851 et
907 785 965 845 in
1007 786 1216 861 primis
1254 785 1383 862 agri
1416 787 1659 847 colendi
1690 787 1892 848 studia
1925 796 2246 849 teneamus

165 886 371 944 usque
405 870 484 929 ad
523 869 796 930 ultimum
830 878 1068 944 tempus
1113 870 1469 947 senectutis.
1506 910 1511 913 -
1544 872 1624 930 M.
1661 869 1907 945 quidem
1934 871 2246 932 Valerium

168 955 442 1014 Corvum
472 952 823 1029 accepimus
844 954 924 1012 ad
956 953 1355 1015 centesimum
1377 971 1600 1013 annum
1633 953 2019 1028 perduxisse,
2060 972 2246 1030 quum

167 1042 343 1109 esset
373 1043 511 1096 acta
558 1036 677 1097 iam
725 1044 924 1097 aetate
955 1036 1014 1097 in
1063 1037 1230 1112 agris
1271 1053 1508 1112 eosque
1556 1039 1816 1097 coleret:
1874 1038 2047 1098 cuius
2089 1038 2248 1097 inter

166 1119 437 1197 primum
480 1128 542 1180 et
587 1128 826 1181 sextum
874 1123 1259 1182 consulatum
1304 1137 1420 1181 sex
1463 1127 1524 1180 et
1557 1120 1960 1194 quadraginta
1992 1120 2132 1179 anni
2163 1122 2247 1179 ln¹

169 1204 532 1264 terruerunt.
602 1205 689 1263 lta
735 1212 1023 1279 quantum
1068 1203 1333 1280 spatium
1374 1203 1589 1263 aetatis
1631 1203 1896 1263 maiores
1940 1203 2135 1264 nostri
2169 1203 2247 1262 ad

168 1286 511 1347 senectutis
562 1285 792 1347 initium
822 1304 966 1349 esse
1008 1290 1365 1359 voluerunt,
1429 1294 1633 1348 tantus
1667 1285 1752 1346 illi
1791 1301 2013 1347 cursus
2056 1287 2247 1347 hono-

168 1388 306 1431 rum
360 1367 492 1430 suit.-
571 1364 777 1446 A'tque
825 1371 1003 1432 huius
1058 1380 1332 1432 extrema
1382 1379 1553 1432 aetas
1607 1372 1726 1431 hoc
1777 1369 2015 1431 beatior
2065 1387 2246 1444 quam

169 1453 404 1524 media,
440 1454 608 1528 quod
638 1454 1017 1515 auctoritatis
1046 1455 1313 1515 habebat
1341 1457 1510 1531 pluS,
1543 1453 1770 1516 laboris
1804 1453 2024 1515 minus.
2069 1454 2247 1528 Apex

170 1544 269 1598 est
323 1544 527 1596 autem
578 1537 914 1598 senectutis
975 1538 1327 1599 auctoritas
1419 1540 1517 1600 61.
1589 1541 1824 1614 Quanta
1884 1538 1995 1599 fuit
2062 1537 2119 1597 in
2178 1538 2242 1596 L.

170 1619 435 1680 Caecilio
479 1621 755 1694 Metello,
816 1629 1043 1694 quanta
1082 1622 1143 1681 in
1182 1622 1365 1683 Atilio
1404 1622 1706 1683 Calatino!
1769 1625 1827 1682 in
1873 1639 2055 1697 quem
2098 1621 2243 1681 illud

174 1703 471 1777 elogium:
553 1704 733 1765 Unum
773 1721 927 1765 aune
971 1721 1271 1765 proauum
1323 1722 1717 1767 consummar
1767 1722 1986 1766 cssn‘rns
2041 1713 2246 1764 popum

174 1802 518 1847 vammum
558 1803 763 1848 ruissu
808 1804 1019 1848 vlaum.
1092 1791 1312 1851 Notum
1355 1799 1448 1850 est
1490 1807 1733 1850 carmen
1763 1789 2021 1850 incisum
2044 1788 2114 1848 ‘in
2151 1805 2245 1848 sc·

172 1873 411 1945 pulcr0.
492 1872 627 1931 lure
655 1871 837 1947 igitur
863 1873 1096 1948 gravis,
1145 1874 1318 1934 euius
1352 1875 1429 1933 de
1463 1874 1746 1934 laudibus
1779 1873 2047 1933 omnium
2079 1877 2247 1931 esset

173 1957 336 2014 fama
379 1954 793 2016 consentiens.
845 1956 1051 2029 -Quem
1094 1956 1290 2017 virum
1332 1974 1530 2032 nuper
1564 1957 1628 2015 P.
1674 1958 1962 2015 Crassum
2006 1954 2247 2027 pontifi-

174 2053 309 2098 cem
344 2037 703 2110 maximum,
747 2055 927 2113 quem
957 2048 1178 2115 postea
1206 2042 1286 2100 M.
1315 2039 1610 2114 Lepidum
1641 2038 1860 2099 eodem
1894 2036 2244 2098 sacerdotio

172 2120 518 2197 praeditum
561 2121 856 2183 vidimus!
933 2125 1087 2198 Quid
1129 2125 1209 2184 de
1245 2124 1454 2183 Paullo
1518 2130 1622 2182 aut
1662 2120 1952 2182 Africano
2005 2122 2245 2194 loquar,

173 2211 310 2276 aut,
356 2210 423 2264 ut
469 2204 586 2263 iam
631 2214 799 2279 ante,
857 2207 933 2265 de
972 2206 1286 2267 Maximo?
1349 2223 1608 2279 quorum
1657 2222 1781 2267 non
1834 2205 1893 2264 in
1944 2201 2247 2265 sententia

173 2288 407 2360 solum,
462 2288 575 2348 sed
618 2288 797 2349 etiam
842 2288 900 2348 in
937 2297 1086 2351 nutu
1133 2289 1442 2350 residebat
1484 2290 1837 2351 auctoritas.
1913 2288 2114 2348 Habet
2152 2303 2246 2346 se-

174 2379 393 2432 nectus
426 2371 726 2440 honorata
759 2374 1117 2448 praesertim
1155 2380 1380 2433 tantam
1417 2373 1868 2445 auctoritatem,
1913 2380 1982 2432 ut
2013 2389 2085 2432 ea
2119 2373 2245 2446 plu·

174 2454 257 2514 ris
286 2455 368 2515 sit
392 2471 573 2529 quam
601 2472 816 2515 omnes
844 2456 1301 2517 adolescentiae
1328 2460 1692 2532 voluptates.
1738 2458 1950 2517 XVIII.
1984 2456 2084 2517 62.
2120 2456 2246 2515 Sed

174 2539 232 2596 in
279 2537 446 2599 omni
489 2537 768 2599 oratione
810 2546 1181 2601 mementote
1224 2557 1356 2600 eam
1399 2557 1497 2600 me
1547 2546 1925 2599 senectutem
1973 2539 2239 2609 laudare,

176 2638 337 2696 quae
401 2622 810 2683 fundamentis
873 2624 1329 2685 adolescentiae
1400 2622 1729 2684 constituta
1785 2622 1882 2682 sit.
1969 2624 2077 2705 Ex*
2120 2637 2243 2693 quo

174 2704 440 2765 efficitur
469 2704 559 2777 id,
592 2706 758 2780 quod
784 2723 899 2781 ego
926 2723 1147 2781 magno
1182 2701 1493 2781 quondam
1525 2722 1660 2766 cum
1686 2706 1956 2765 adsensu
1977 2702 2244 2764 omnium

175 2787 331 2860 dixi,
400 2787 719 2849 ‘miseram
770 2805 913 2850 esse
957 2797 1337 2852 senectutem
1389 2806 1547 2865 quae
1604 2806 1673 2850 se
1718 2787 1996 2849 oratione
2040 2788 2244 2848 desen-

175 2873 393 2931 deret.’
467 2872 599 2932 Non
650 2872 785 2931 cani
828 2889 943 2933 nec
982 2890 1172 2949 rugae
1215 2881 1470 2947 repente
1503 2872 1925 2934 auctoritatem
1964 2873 2245 2949 adripere

173 2962 473 3030 possunt,
535 2957 648 3015 sed
707 2956 966 3017 honeste
1018 2965 1154 3016 acta
1214 2957 1500 3032 superior
1550 2965 1719 3019 aetas
1778 2960 2024 3020 ‚fructus
2084 2955 2245 3029 capit

173 3038 553 3099 auctoritatis
597 3046 928 3100 extremos.
1017 3041 1119 3102 63.
1175 3041 1343 3100 Haec
1391 3041 1550 3100 enim
1603 3040 1742 3117 ipsa
1791 3048 1936 3103 sunt
1983 3040 2245 3098 honora-

175 3118 346 3193 bilia,
382 3138 546 3196 quae
578 3122 859 3182 videntur
887 3123 1044 3183 levia
1079 3130 1264 3198 atque
1297 3124 1671 3198 eommunia,
1703 3123 1984 3193 salutari,
2018 3118 2243 3195 appeti,

174 3205 427 3279 decedi,
461 3204 740 3279 adsurgi,
773 3206 1024 3280 deduci,
1057 3207 1297 3279 reduci,
1336 3207 1610 3281 consuli,
1652 3225 1810 3283 quae
1840 3211 1901 3265 et
1931 3204 2095 3279 apud
2130 3219 2243 3263 nos

175 3298 237 3347 et
275 3290 338 3349 in
379 3288 521 3350 aliis
564 3288 939 3364 civitatibus,
999 3297 1067 3351 ut
1105 3307 1392 3365 quaeque
1436 3289 1664 3365 optime
1704 3295 1942 3349 morata
1980 3294 2112 3357 est,
2164 3286 2244 3344 ita

175 3371 641 3447 diligentissime
706 3374 1130 3435 observantur.
1224 3375 1608 3447 Lysandrum
1671 3368 2241 3430 Lacedaemonium.
